
% Journals

% First the Full Name is given, then the abbreviation used in the AMS Math
% Reviews, with an indication if it could not be found there.
% Note the 2nd overwrites the 1st, so swap them if you want the full name.

 %{AMS}
 @String{AMSTrans = "American Mathematical Society Translations" }
 @String{AMSTrans = "Amer. Math. Soc. Transl." }
 @String{BullAMS = "Bulletin of the American Mathematical Society" }
 @String{BullAMS = "Bull. Amer. Math. Soc." }
 @String{ProcAMS = "Proceedings of the American Mathematical Society" }
 @String{ProcAMS = "Proc. Amer. Math. Soc." }
 @String{TransAMS = "Transactions of the American Mathematical Society" }
 @String{TransAMS = "Trans. Amer. Math. Soc." }

 %ACM
 @String{CACM = "Communications of the {ACM}" }
 @String{CACM = "Commun. {ACM}" }
 @String{CompServ = "Comput. Surveys" }
 @String{JACM = "J. ACM" }
 @String{ACMMathSoft = "{ACM} Transactions on Mathematical Software" }
 @String{ACMMathSoft = "{ACM} Trans. Math. Software" }
 @String{SIGNUM = "{ACM} {SIGNUM} Newsletter" }
 @String{SIGNUM = "{ACM} {SIGNUM} Newslett." }

 @String{AmerSocio = "American Journal of Sociology" }
 @String{AmerStatAssoc = "Journal of the American Statistical Association" }
 @String{AmerStatAssoc = "J. Amer. Statist. Assoc." }
 @String{ApplMathComp = "Applied Mathematics and Computation" }
 @String{ApplMathComp = "Appl. Math. Comput." }
 @String{AmerMathMonthly = "American Mathematical Monthly" }
 @String{AmerMathMonthly = "Amer. Math. Monthly" }
 @String{BIT = "{BIT}" }
 @String{BritStatPsych = "British Journal of Mathematical and Statistical
          Psychology" }
 @String{BritStatPsych = "Brit. J. Math. Statist. Psych." }
 @String{CanMathBull = "Canadian Mathematical Bulletin" }
 @String{CanMathBull = "Canad. Math. Bull." }
 @String{CompApplMath = "Journal of Computational and Applied Mathematics" }
 @String{CompApplMath = "J. Comput. Appl. Math." }
 @String{CompPhys = "Journal of Computational Physics" }
 @String{CompPhys = "J. Comput. Phys." }
 @String{CompStruct = "Computers and Structures" }
 @String{CompStruct = "Comput. \& Structures" }
 @String{CompJour = "The Computer Journal" }
 @String{CompJour = "Comput. J." }
 @String{CompSysSci = "Journal of Computer and System Sciences" }
 @String{CompSysSci = "J. Comput. System Sci." }
 @String{Computing = "Computing" }
 @String{ContempMath = "Contemporary Mathematics" }
 @String{ContempMath = "Contemp. Math." }
 @String{Crelle = "Crelle's Journal" }
 @String{GiornaleMath = "Giornale di Mathematiche" }
 @String{GiornaleMath = "Giorn. Mat." } % didn't find in AMS MR., ibid.

 %IEEE
 @String{Computer = "{IEEE} Computer" }
 @String{IEEETransComp = "{IEEE} Transactions on Computers" }
 @String{IEEETransComp = "{IEEE} Trans. Comput." }
 @String{IEEETransAC = "{IEEE} Transactions on Automatic Control" }
 @String{IEEETransAC = "{IEEE} Trans. Automat. Control" }
 @String{IEEESpec = "{IEEE} Spectrum" } % didn't find in AMS MR
 @String{ProcIEEE = "Proceedings of the {IEEE}" }
 @String{ProcIEEE = "Proc. {IEEE}" } % didn't find in AMS MR
 @String{IEEETransAeroElec = "{IEEE} Transactions on Aerospace and Electronic
     Systems" }
 @String{IEEETransAeroElec = "{IEEE} Trans. Aerospace Electron. Systems" }

 @String{IMANumerAna = "{IMA} Journal of Numerical Analysis" }
 @String{IMANumerAna = "{IMA} J. Numer. Anal." }
 @String{InfProcLet = "Information Processing Letters" }
 @String{InfProcLet = "Inform. Process. Lett." }
 @String{InstMathApp = "Journal of the Institute of Mathematics and
     its Applications" }
 @String{InstMathApp = "J. Inst. Math. Appl." }
 @String{IntControl = "International Journal of Control" }
 @String{IntControl = "Internat. J. Control" }
 @String{IntNumerEng = "International Journal for Numerical Methods in
     Engineering" }
 @String{IntNumerEng = "Internat. J. Numer. Methods Engrg." }
 @String{IntSuper = "International Journal of Supercomputing Applications" }
 @String{IntSuper = "Internat. J. Supercomputing Applic." } % didn't find
%% in AMS MR
 @String{Kibernetika = "Kibernetika" }
 @String{JResNatBurStand = "Journal of Research of the National Bureau
     of Standards" }
 @String{JResNatBurStand = "J. Res. Nat. Bur. Standards" }
 @String{LinAlgApp = "Linear Algebra and its Applications" }
 @String{LinAlgApp = "Linear Algebra Appl." }
 @String{MathAnaAppl = "Journal of Mathematical Analysis and Applications" }
 @String{MathAnaAppl = "J. Math. Anal. Appl." }
 @String{MathAnnalen = "Mathematische Annalen" }
 @String{MathAnnalen = "Math. Ann." }
 @String{MathPhys = "Journal of Mathematical Physics" }
 @String{MathPhys = "J. Math. Phys." }
 @String{MathComp = "Mathematics of Computation" }
 @String{MathComp = "Math. Comp." }
 @String{MathScand = "Mathematica Scandinavica" }
 @String{MathScand = "Math. Scand." }
 @String{TablesAidsComp = "Mathematical Tables and Other Aids to Computation" }
 @String{TablesAidsComp = "Math. Tables Aids Comput." }
 @String{NumerMath = "Numerische Mathematik" }
 @String{NumerMath = "Numer. Math." }
 @String{PacificMath = "Pacific Journal of Mathematics" }
 @String{PacificMath = "Pacific J. Math." }
 @String{ParDistComp = "Journal of Parallel and Distributed Computing" }
 @String{ParDistComp = "J. Parallel and Distrib. Comput." } % didn't find
%% in AMS MR
 @String{ParComputing = "Parallel Computing" }
 @String{ParComputing = "Parallel Comput." }
 @String{PhilMag = "Philosophical Magazine" }
 @String{PhilMag = "Philos. Mag." }
 @String{ProcNAS = "Proceedings of the National Academy of Sciences
                    of the USA" }
 @String{ProcNAS = "Proc. Nat. Acad. Sci. U. S. A." }
 @String{Psychometrika = "Psychometrika" }
 @String{QuartMath = "Quarterly Journal of Mathematics, Oxford, Series (2)" }
 @String{QuartMath = "Quart. J. Math. Oxford Ser. (2)" }
 @String{QuartApplMath = "Quarterly of Applied Mathematics" }
 @String{QuartApplMath = "Quart. Appl. Math." }
 @String{RevueInstStat = "Review of the International Statisical Institute" }
 @String{RevueInstStat = "Rev. Inst. Internat. Statist." }

 %SIAM
 @String{JSIAM = "Journal of the Society for Industrial and Applied
     Mathematics" }
 @String{JSIAM = "J. Soc. Indust. Appl. Math." }
 @String{JSIAMB = "Journal of the Society for Industrial and Applied
     Mathematics, Series B, Numerical Analysis" }
 @String{JSIAMB = "J. Soc. Indust. Appl. Math. Ser. B Numer. Anal." }
 @String{SIAMAlgMeth = "{SIAM} Journal on Algebraic and Discrete Methods" }
 @String{SIAMAlgMeth = "{SIAM} J. Algebraic Discrete Methods" }
 @String{SIAMAppMath = "{SIAM} Journal on Applied Mathematics" }
 @String{SIAMAppMath = "{SIAM} J. Appl. Math." }
 @String{SIAMComp = "{SIAM} Journal on Computing" }
 @String{SIAMComp = "{SIAM} J. Comput." }
 @String{SIAMMatrix = "{SIAM} Journal on Matrix Analysis and Applications" }
 @String{SIAMMatrix = "{SIAM} J. Matrix Anal. Appl." }
 @String{SIAMNumAnal = "{SIAM} Journal on Numerical Analysis" }
 @String{SIAMNumAnal = "{SIAM} J. Numer. Anal." }
 @String{SIAMReview = "{SIAM} Review" }
 @String{SIAMReview = "{SIAM} Rev." }
 @String{SIAMSciStat = "{SIAM} Journal on Scientific and Statistical
     Computing" }
 @String{SIAMSciStat = "{SIAM} J. Sci. Statist. Comput." }

 @String{SoftPracExp = "Software Practice and Experience" }
 @String{SoftPracExp = "Software Prac. Experience" } % didn't find in AMS MR
 @String{StatScience = "Statistical Science" }
 @String{StatScience = "Statist. Sci." }
 @String{Techno = "Technometrics" }
 @String{USSRCompMathPhys = "{USSR} Computational Mathematics and Mathematical
     Physics" }
 @String{USSRCompMathPhys = "{U. S. S. R.} Comput. Math. and Math. Phys." }
 @String{VLSICompSys = "Journal of {VLSI} and Computer Systems" }
 @String{VLSICompSys = "J. {VLSI} Comput. Syst." }
 @String{ZAngewMathMech = "Zeitschrift fur Angewandte Mathematik und
     Mechanik" }
 @String{ZAngewMathMech = "Z. Angew. Math. Mech." }
 @String{ZAngewMathPhys = "Zeitschrift fur Angewandte Mathematik und Physik" }
 @String{ZAngewMathPhys = "Z. Angew. Math. Phys." }

% Publishers % ================================================= |

 @String{Academic = "Academic Press" }
 @String{ACMPress = "{ACM} Press" }
 @String{AdamHilger = "Adam Hilger" }
 @String{AddisonWesley = "Addison-Wesley" }
 @String{AllynBacon = "Allyn and Bacon" }
 @String{AMS = "American Mathematical Society" }
 @String{Birkhauser = "Birkha{\"u}ser" }
 @String{CambridgePress = "Cambridge University Press" }
 @String{Chelsea = "Chelsea" }
 @String{ClaredonPress = "Claredon Press" }
 @String{DoverPub = "Dover Publications" }
 @String{Eyolles = "Eyolles" }
 @String{HoltRinehartWinston = "Holt, Rinehart and Winston" }
 @String{Interscience = "Interscience" }
 @String{JohnsHopkinsPress = "The Johns Hopkins University Press" }
 @String{JohnWileySons = "John Wiley and Sons" }
 @String{Macmillan = "Macmillan" }
 @String{MathWorks = "The Math Works Inc." }
 @String{McGrawHill = "McGraw-Hill" }
 @String{NatBurStd = "National Bureau of Standards" }
 @String{NorthHolland = "North-Holland" }
 @String{OxfordPress = "Oxford University Press" }  %address Oxford or London?
 @String{PergamonPress = "Pergamon Press" }
 @String{PlenumPress = "Plenum Press" }
 @String{PrenticeHall = "Prentice-Hall" }
 @String{SIAMPub = "{SIAM} Publications" }
 @String{Springer = "Springer-Verlag" }
 @String{TexasPress = "University of Texas Press" }
 @String{VanNostrand = "Van Nostrand" }
 @String{WHFreeman = "W. H. Freeman and Co." }

%Entries






@misc{hagendorff2024machinepsychology,
      title={Machine Psychology}, 
      author={Thilo Hagendorff and Ishita Dasgupta and Marcel Binz and Stephanie C. Y. Chan and Andrew Lampinen and Jane X. Wang and Zeynep Akata and Eric Schulz},
      year={2024},
      eprint={2303.13988},
      archivePrefix={arXiv},
      primaryClass={cs.CL},
      url={https://arxiv.org/abs/2303.13988}, 
}

@inproceedings{miotto-etal-2022-gpt,
    title = "Who is {GPT}-3? An exploration of personality, values and demographics",
    author = "Miotto, Maril{\`u}  and
      Rossberg, Nicola  and
      Kleinberg, Bennett",
    booktitle = "Proceedings of the Fifth Workshop on Natural Language Processing and Computational Social Science (NLP+CSS)",
    month = nov,
    year = "2022",
    address = "Abu Dhabi, UAE",
    publisher = "Association for Computational Linguistics",
    url = "https://aclanthology.org/2022.nlpcss-1.24",
    doi = "10.18653/v1/2022.nlpcss-1.24",
    pages = "218--227",
    abstract = "Language models such as GPT-3 have caused a furore in the research community. Some studies found that GPT-3 has some creative abilities and makes mistakes that are on par with human behaviour. This paper answers a related question: Who is GPT-3? We administered two validated measurement tools to GPT-3 to assess its personality, the values it holds and its self-reported demographics. Our results show that GPT-3 scores similarly to human samples in terms of personality and - when provided with a model response memory - in terms of the values it holds. We provide the first evidence of psychological assessment of the GPT-3 model and thereby add to our understanding of this language model. We close with suggestions for future research that moves social science closer to language models and vice versa.",
}


@article{li2024quantifying,
  title={Quantifying ai psychology: A psychometrics benchmark for large language models},
  author={Li, Yuan and Huang, Yue and Wang, Hongyi and Zhang, Xiangliang and Zou, James and Sun, Lichao},
  journal={arXiv preprint arXiv:2406.17675},
  year={2024}
}



@inproceedings{
psychobench,
title={On the Humanity of Conversational {AI}: Evaluating the Psychological Portrayal of {LLM}s},
author={Jen-tse Huang and Wenxuan Wang and Eric John Li and Man Ho LAM and Shujie Ren and Youliang Yuan and Wenxiang Jiao and Zhaopeng Tu and Michael Lyu},
booktitle={The Twelfth International Conference on Learning Representations},
year={2024},
url={https://openreview.net/forum?id=H3UayAQWoE}
}

@inproceedings{personallm,
    title = "{P}ersona{LLM}: Investigating the Ability of Large Language Models to Express Personality Traits",
    author = "Jiang, Hang  and
      Zhang, Xiajie  and
      Cao, Xubo  and
      Breazeal, Cynthia  and
      Roy, Deb  and
      Kabbara, Jad",
    booktitle = "Findings of the Association for Computational Linguistics: NAACL 2024",
    month = jun,
    year = "2024",
    address = "Mexico City, Mexico",
    publisher = "Association for Computational Linguistics",
    url = "https://aclanthology.org/2024.findings-naacl.229",
    doi = "10.18653/v1/2024.findings-naacl.229",
    pages = "3605--3627",
    abstract = "Despite the many use cases for large language models (LLMs) in creating personalized chatbots, there has been limited research on evaluating the extent to which the behaviors of personalized LLMs accurately and consistently reflect specific personality traits. We consider studying the behavior of LLM-based agents which we refer to as LLM personas and present a case study with GPT-3.5 and GPT-4 to investigate whether LLMs can generate content that aligns with their assigned personality profiles. To this end, we simulate distinct LLM personas based on the Big Five personality model, have them complete the 44-item Big Five Inventory (BFI) personality test and a story writing task, and then assess their essays with automatic and human evaluations. Results show that LLM personas{'} self-reported BFI scores are consistent with their designated personality types, with large effect sizes observed across five traits. Additionally, LLM personas{'} writings have emerging representative linguistic patterns for personality traits when compared with a human writing corpus. Furthermore, human evaluation shows that humans can perceive some personality traits with an accuracy of up to 80{\%}. Interestingly, the accuracy drops significantly when the annotators were informed of AI authorship.",
}

@misc{serapiogarcía2023personalitytraitslargelanguage,
      title={Personality Traits in Large Language Models}, 
      author={Greg Serapio-García and Mustafa Safdari and Clément Crepy and Luning Sun and Stephen Fitz and Peter Romero and Marwa Abdulhai and Aleksandra Faust and Maja Matarić},
      year={2023},
      eprint={2307.00184},
      archivePrefix={arXiv},
      primaryClass={cs.CL},
      url={https://arxiv.org/abs/2307.00184}, 
}

@inproceedings{
jiang2023evaluating,
title={Evaluating and Inducing Personality in Pre-trained Language Models},
author={Guangyuan Jiang and Manjie Xu and Song-Chun Zhu and Wenjuan Han and Chi Zhang and Yixin Zhu},
booktitle={Thirty-seventh Conference on Neural Information Processing Systems},
year={2023},
url={https://openreview.net/forum?id=I9xE1Jsjfx}
}


@inproceedings{
ouyang2022training,
title={Training language models to follow instructions with human feedback},
author={Long Ouyang and Jeffrey Wu and Xu Jiang and Diogo Almeida and Carroll Wainwright and Pamela Mishkin and Chong Zhang and Sandhini Agarwal and Katarina Slama and Alex Gray and John Schulman and Jacob Hilton and Fraser Kelton and Luke Miller and Maddie Simens and Amanda Askell and Peter Welinder and Paul Christiano and Jan Leike and Ryan Lowe},
booktitle={Advances in Neural Information Processing Systems},

year={2022},
url={https://openreview.net/forum?id=TG8KACxEON}
}


@article{
probingpnas,
author = {Richard Shiffrin  and Melanie Mitchell },
title = {Probing the psychology of AI models},
journal = {Proceedings of the National Academy of Sciences},
volume = {120},
number = {10},
pages = {e2300963120},
year = {2023},
doi = {10.1073/pnas.2300963120},
URL = {https://www.pnas.org/doi/abs/10.1073/pnas.2300963120},
eprint = {https://www.pnas.org/doi/pdf/10.1073/pnas.2300963120}}

@inproceedings{
huang2024apathetic,
title={Apathetic or Empathetic? Evaluating {LLM}s' Emotional Alignments with Humans},
author={Jen-tse Huang and Man Ho LAM and Eric John Li and Shujie Ren and Wenxuan Wang and Wenxiang Jiao and Zhaopeng Tu and Michael Lyu},
booktitle={The Thirty-eighth Annual Conference on Neural Information Processing Systems},
year={2024},
url={https://openreview.net/forum?id=pwRVGRWtGg}
}


@misc{sorokovikova2024llmssimulatebigpersonality,
      title={LLMs Simulate Big Five Personality Traits: Further Evidence}, 
      author={Aleksandra Sorokovikova and Natalia Fedorova and Sharwin Rezagholi and Ivan P. Yamshchikov},
      year={2024},
      eprint={2402.01765},
      archivePrefix={arXiv},
      primaryClass={cs.CL},
      url={https://arxiv.org/abs/2402.01765}, 
}


@article{thebfi,
  title={Big five inventory},
  author={John, Oliver P and Donahue, Eileen M and Kentle, Robert L},
  journal={Journal of personality and social psychology},
  year={1991}
}

@article{hexaco,
  title={Meta-analytic investigations of the HEXACO Personality Inventory (-Revised)},
  author={Moshagen, Morten and Thielmann, Isabel and Hilbig, Benjamin E and Zettler, Ingo},
  journal={Zeitschrift f{\"u}r Psychologie},
  year={2019},
  publisher={Hogrefe Publishing}
}


@article{tipi,
title = {A very brief measure of the Big-Five personality domains},
journal = {Journal of Research in Personality},
volume = {37},
number = {6},
pages = {504-528},
year = {2003},
issn = {0092-6566},
doi = {https://doi.org/10.1016/S0092-6566(03)00046-1},
url = {https://www.sciencedirect.com/science/article/pii/S0092656603000461},
author = {Samuel D Gosling and Peter J Rentfrow and William B Swann},
abstract = {When time is limited, researchers may be faced with the choice of using an extremely brief measure of the Big-Five personality dimensions or using no measure at all. To meet the need for a very brief measure, 5 and 10-item inventories were developed and evaluated. Although somewhat inferior to standard multi-item instruments, the instruments reached adequate levels in terms of: (a) convergence with widely used Big-Five measures in self, observer, and peer reports, (b) test–retest reliability, (c) patterns of predicted external correlates, and (d) convergence between self and observer ratings. On the basis of these tests, a 10-item measure of the Big-Five dimensions is offered for situations where very short measures are needed, personality is not the primary topic of interest, or researchers can tolerate the somewhat diminished psychometric properties associated with very brief measures.}
}

@article{miniipip,
  title={The mini-IPIP scales: tiny-yet-effective measures of the Big Five factors of personality.},
  author={Donnellan, M Brent and Oswald, Frederick L and Baird, Brendan M and Lucas, Richard E},
  journal={Psychological assessment},
  volume={18},
  number={2},
  pages={192},
  year={2006},
  publisher={American Psychological Association}
}


@article{ipipneo60,
  title={Using item response theory to develop a 60-item representation of the NEO PI--R using the International Personality Item Pool: Development of the IPIP--NEO--60},
  author={Maples-Keller, Jessica L and Williamson, Rachel L and Sleep, Chelsea E and Carter, Nathan T and Campbell, W Keith and Miller, Joshua D},
  journal={Journal of personality assessment},
  volume={101},
  number={1},
  pages={4--15},
  year={2019},
  publisher={Taylor \& Francis}
}