@article{duan2023hosd,
  author    = {Puhong Duan and Xudong Kang and Pedram Ghamisi and Shutao Li},
  title     = {Hyperspectral Remote Sensing Benchmark Database for Oil Spill Detection With an Isolation Forest-Guided Unsupervised Detector},
  journal   = {IEEE Transactions on Geoscience and Remote Sensing},
  year      = {2023},
  volume    = {61},
  pages     = {1--13},
  doi       = {10.1109/TGRS.2023.3268944},
  url       = {https://ieeexplore.ieee.org/document/10106124}
}

@inproceedings{xu2021hymscn,
  author    = {Zhen Xu and Haoyang Yu and Ke Zheng and Lianru Gao and Meiping Song},
  title     = {A Novel Classification Framework for Hyperspectral Image Classification Based on Multiscale Spectral-Spatial Convolutional Network},
  booktitle = {2021 Workshop on Hyperspectral Image and Signal Processing: Evolution in Remote Sensing (WHISPERS)},
  year      = {2021},
  pages     = {1--5},
  doi       = {10.1109/WHISPERS52293.2021.9483998},
  url       = {https://ieeexplore.ieee.org/document/9483998}
}

@article{zhang2020contextualcnn,
  author    = {Liangpei Zhang and Lefei Zhang and Bo Du},
  title     = {Going Deeper with Contextual CNN for Hyperspectral Image Classification},
  journal   = {IEEE Transactions on Image Processing},
  year      = {2020},
  volume    = {29},
  pages     = {4041--4054},
  doi       = {10.1109/TIP.2020.2965939},
  url       = {https://ieeexplore.ieee.org/document/8969079}
}

