@periodical{bush:1945:awmt,
    title = {As We May Think}, 
    journal = {The Atlantic Monthly}, 
    organization = {The Atlantic},
    volume = {176}, 
    number = {1}, 
    pages = {101--108}, 
    year = {1945}, 
    url = {http://www.theatlantic.com/magazine/archive/1945/07/as-we-may-think/303881/}, 
    lastaccessed = {August 7, 2023}
}

@article{ElMoussaoui2023,
  author    = {Nada El Moussaoui and Brahim Idelhakkar},
  title     = {The Impact of Oil Spills on the Economy and the Environment},
  journal   = {European Journal of Economic and Financial Research},
  volume    = {7},
  number    = {4},
  pages     = {69--85},
  year      = {2023},
  url       = {https://oapub.org/soc/index.php/EJEFR/article/view/1570}
}
@article{duan2023hosd,
  author    = {Puhong Duan and Xudong Kang and Pedram Ghamisi and Shutao Li},
  title     = {Hyperspectral Remote Sensing Benchmark Database for Oil Spill Detection With an Isolation Forest-Guided Unsupervised Detector},
  journal   = {IEEE Transactions on Geoscience and Remote Sensing},
  year      = {2023},
  volume    = {61},
  pages     = {1--13},
  doi       = {10.1109/TGRS.2023.3268944},
  url       = {https://ieeexplore.ieee.org/document/10106124}
}

@inproceedings{xu2021hymscn,
  author    = {Zhen Xu and Haoyang Yu and Ke Zheng and Lianru Gao and Meiping Song},
  title     = {A Novel Classification Framework for Hyperspectral Image Classification Based on Multiscale Spectral-Spatial Convolutional Network},
  booktitle = {2021 Workshop on Hyperspectral Image and Signal Processing: Evolution in Remote Sensing (WHISPERS)},
  year      = {2021},
  pages     = {1--5},
  doi       = {10.1109/WHISPERS52293.2021.9483998},
  url       = {https://ieeexplore.ieee.org/document/9483998}
}

@article{zhang2020contextualcnn,
  author    = {Liangpei Zhang and Lefei Zhang and Bo Du},
  title     = {Going Deeper with Contextual CNN for Hyperspectral Image Classification},
  journal   = {IEEE Transactions on Image Processing},
  year      = {2020},
  volume    = {29},
  pages     = {4041--4054},
  doi       = {10.1109/TIP.2020.2965939},
  url       = {https://ieeexplore.ieee.org/document/8969079}
}
