@article{bengio2021flow,
  title={Flow network based generative models for non-iterative diverse candidate generation},
  author={Bengio, Emmanuel and Jain, Moksh and Korablyov, Maksym and Precup, Doina and Bengio, Yoshua},
  journal={Advances in Neural Information Processing Systems},
  volume={34},
  pages={27381--27394},
  year={2021}
}

@inproceedings{buesing2020approximate,
  title={{Approximate inference in discrete distributions with Monte Carlo tree search and value functions}},
  author={Buesing, Lars and Heess, Nicolas and Weber, Theophane},
  booktitle={International Conference on Artificial Intelligence and Statistics},
  pages={624--634},
  year={2020},
  organization={PMLR}
}

@inproceedings{deleu2022bayesian,
  title={Bayesian structure learning with generative flow networks},
  author={Deleu, Tristan and G{\'o}is, Ant{\'o}nio and Emezue, Chris and Rankawat, Mansi and Lacoste-Julien, Simon and Bauer, Stefan and Bengio, Yoshua},
  booktitle={Uncertainty in Artificial Intelligence},
  pages={518--528},
  year={2022},
  organization={PMLR}
}

@inproceedings{deleudiscrete,
  title={Discrete Probabilistic Inference as Control in Multi-path Environments},
  author={Deleu, Tristan and Nouri, Padideh and Malkin, Nikolay and Precup, Doina and Bengio, Yoshua},
  booktitle={The 40th Conference on Uncertainty in Artificial Intelligence},
 year={2024}
}

@inproceedings{hu2023gflownet,
  title={GFlowNet-EM for learning compositional latent variable models},
  author={Hu, Edward J and Malkin, Nikolay and Jain, Moksh and Everett, Katie E and Graikos, Alexandros and Bengio, Yoshua},
  booktitle={International Conference on Machine Learning},
  pages={13528--13549},
  year={2023},
  organization={PMLR}
}

@inproceedings{huamortizing,
  title={Amortizing intractable inference in large language models},
  author={Hu, Edward J and Jain, Moksh and Elmoznino, Eric and Kaddar, Younesse and Lajoie, Guillaume and Bengio, Yoshua and Malkin, Nikolay},
  booktitle={The Twelfth International Conference on Learning Representations},
  year={2024}
}

@inproceedings{jain2022biological,
  title={Biological sequence design with gflownets},
  author={Jain, Moksh and Bengio, Emmanuel and Hernandez-Garcia, Alex and Rector-Brooks, Jarrid and Dossou, Bonaventure FP and Ekbote, Chanakya Ajit and Fu, Jie and Zhang, Tianyu and Kilgour, Michael and Zhang, Dinghuai and others},
  booktitle={International Conference on Machine Learning},
  pages={9786--9801},
  year={2022},
  organization={PMLR}
}

@inproceedings{jang2017categorical,
  title={Categorical Reparametrization with Gumble-Softmax},
  author={Jang, Eric and Gu, Shixiang and Poole, Ben},
  booktitle={International Conference on Learning Representations (ICLR 2017)},
  year={2017},
organization={International Conference on Learning Representations}
}

@inproceedings{jiang2016variational,
  title={Variational deep embedding: An unsupervised generative approach to Clustering},
  author={Jiang, Zhuxi and Zheng, Yin and Tan, Huachun and Tang, Bangsheng and Zhou, Hanning},
  booktitle={26th International Joint Conference on Artificial Intelligence, IJCAI 2017},
  pages={1965--1972},
  year={2017},
  organization={International Joint Conferences on Artificial Intelligence}
}

@inproceedings{maddison2017concrete,
  title={The concrete distribution: A continuous relaxation of discrete random variables},
  author={Maddison, C and Mnih, A and Teh, Y},
  booktitle={Proceedings of the international conference on learning Representations},
  year={2017},
  organization={International Conference on Learning Representations}
}

@inproceedings{malkin:2022:GFlowNets_VI,
  title={GFlowNets and variational inference},
  author={Malkin, Nikolay and Lahlou, Salem and Deleu, Tristan and Ji, Xu and Hu, Edward and Everett, Katie and Zhang, Dinghuai and Bengio, Yoshua},
  booktitle={The Eleventh International Conference on Learning Representations},
  year={2023}
}

@inproceedings{mena2018learning,
  title={Learning Latent Permutations with Gumbel-Sinkhorn Networks},
  author={Mena, Gonzalo and Belanger, David and Linderman, Scott and Snoek, Jasper},
  booktitle={International Conference on Learning Representations},
  year={2018}
}

@inproceedings{nalisnick2016stick,
  title={Stick-Breaking Variational Autoencoders},
  author={Nalisnick, Eric and Smyth, Padhraic},
  booktitle={International Conference on Learning Representations},
  year={2017}
}

@inproceedings{pakman2020neural,
  title={Neural Permutation Processes},
  author={Pakman, Ari and Wang, Yueqi and Paninski, Liam},
  booktitle={Symposium on Advances in Approximate Bayesian Inference},
  pages={1--7},
  year={2020},
  organization={PMLR}
}

@article{ren:2020:DDC,
  title={Deep density-based image clustering},
  author={Ren, Yazhou and Wang, Ni and Li, Mingxia and Xu, Zenglin},
  journal={Knowledge-Based Systems},
  volume={197},
  pages={105841},
  year={2020},
  publisher={Elsevier}
}

@inproceedings{ronen:2022:DeepDPM,
  title={Deepdpm: Deep clustering with an unknown number of clusters},
  author={Ronen, Meitar and Finder, Shahaf E and Freifeld, Oren},
  booktitle={Proceedings of the IEEE/CVF Conference on Computer Vision and Pattern Recognition},
  pages={9861--9870},
  year={2022}
}

@inproceedings{tiapkin2024generative,
  title={{Generative flow networks as entropy-regularized RL}},
  author={Tiapkin, Daniil and Morozov, Nikita and Naumov, Alexey and Vetrov, Dmitry P},
  booktitle={International Conference on Artificial Intelligence and Statistics},
  pages={4213--4221},
  year={2024},
  organization={PMLR}
}

@article{wang2024amortized,
  title={Amortized probabilistic detection of communities in graphs},
  author={Wang, Yueqi and Lee, Yoonho and Basu, Pallab and Lee, Juho and Teh, Yee Whye and Paninski, Liam and Pakman, Ari},
  journal={Structured Probabilistic Inference \& Generative Modeling workshop at ICML},
  year={2024}
}

@inproceedings{yang:2016:JULE,
  title={Joint unsupervised learning of deep representations and image clusters},
  author={Yang, Jianwei and Parikh, Devi and Batra, Dhruv},
  booktitle={Proceedings of the IEEE conference on computer vision and pattern recognition},
  pages={5147--5156},
  year={2016}
}

@inproceedings{yang:2017:DCN,
  title={Towards k-means-friendly spaces: Simultaneous deep learning and clustering},
  author={Yang, Bo and Fu, Xiao and Sidiropoulos, Nicholas D and Hong, Mingyi},
  booktitle={international conference on machine learning},
  pages={3861--3870},
  year={2017},
  organization={PMLR}
}

@inproceedings{zhang2022generative,
  title={Generative flow networks for discrete probabilistic modeling},
  author={Zhang, Dinghuai and Malkin, Nikolay and Liu, Zhen and Volokhova, Alexandra and Courville, Aaron and Bengio, Yoshua},
  booktitle={International Conference on Machine Learning},
  pages={26412--26428},
  year={2022},
  organization={PMLR}
}

@article{zhang2023let,
  title={{Let the flows tell: Solving graph combinatorial problems with GFlowNets}},
  author={Zhang, Dinghuai and Dai, Hanjun and Malkin, Nikolay and Courville, Aaron C and Bengio, Yoshua and Pan, Ling},
  journal={Advances in neural information processing systems},
  volume={36},
  pages={11952--11969},
  year={2023}
}

@article{zhong:2020:DRC,
  title={Deep robust clustering by contrastive learning},
  author={Zhong, Huasong and Chen, Chong and Jin, Zhongming and Hua, Xian-Sheng},
  journal={arXiv preprint arXiv:2008.03030},
  year={2020}
}

