@article{bahri2021explaining,
  title={Explaining Neural Scaling Laws},
  author={Bahri, Yasaman and Dyer, Ethan and Kaplan, Jared and Lee, Jaehoon and Sharma, Utkarsh},
  journal={arXiv preprint arXiv:2102.06701},
  year={2021}
}

@inproceedings{bordelon2020spectrum,
  title={Spectrum dependent learning curves in kernel regression and wide neural networks},
  author={Bordelon, Blake and Canatar, Abdulkadir and Pehlevan, Cengiz},
  booktitle={International Conference on Machine Learning},
  pages={1024--1034},
  year={2020},
  organization={PMLR}
}

@book{den2008large,
  title={Large deviations},
  author={Den Hollander, Frank},
  volume={14},
  year={2008},
  publisher={American Mathematical Soc.}
}
@article{touchette2009large,
  title={The large deviation approach to statistical mechanics},
  author={Touchette, Hugo},
  journal={Physics Reports},
  volume={478},
  number={1-3},
  pages={1--69},
  year={2009},
  publisher={Elsevier}
}

@article{caselton1984optimal,
  title={Optimal monitoring network designs},
  author={Caselton, William F and Zidek, James V},
  journal={Statistics \& Probability Letters},
  volume={2},
  number={4},
  pages={223--227},
  year={1984},
  publisher={Elsevier}
}

@article{krause2008near,
  title={{Near-optimal sensor placements in Gaussian processes: Theory, efficient algorithms and empirical studies.}},
  author={Krause, Andreas and Singh, Ajit and Guestrin, Carlos},
  journal={Journal of Machine Learning Research},
  volume={9},
  number={2},
  year={2008}
}

@article{dietrich1999statistical,
  title={Statistical mechanics of support vector networks},
  author={Dietrich, Rainer and Opper, Manfred and Sompolinsky, Haim},
  journal={Physical review letters},
  volume={82},
  number={14},
  pages={2975},
  year={1999},
  publisher={APS}
}
@article{canatar2021spectral,
  title={Spectral bias and task-model alignment explain generalization in kernel regression and infinitely wide neural networks},
  author={Canatar, Abdulkadir and Bordelon, Blake and Pehlevan, Cengiz},
  journal={Nature communications},
  volume={12},
  number={1},
  pages={1--12},
  year={2021},
  publisher={Nature Publishing Group}
}
@article{canatar2021out,
  title={Out-of-Distribution Generalization in Kernel Regression},
  author={Canatar, Abdulkadir and Bordelon, Blake and Pehlevan, Cengiz},
  journal={Advances in Neural Information Processing Systems},
  volume={34},
  year={2021}
}
@article{cui2021large,
  title={Large deviations in the perceptron model and consequences for active learning},
  author={Cui, H and Saglietti, L and Zdeborov{\'a}, L},
  journal={Machine Learning: Science and Technology},
  volume={2},
  number={4},
  pages={045001},
  year={2021},
  publisher={IOP Publishing}
}

@book{fedorov2013theory,
  title={Theory of optimal experiments},
  author={Fedorov, Valerii Vadimovich},
  year={2013},
  publisher={Elsevier}
}
@book{williams2006gaussian,
  title={Gaussian processes for machine learning},
  author={Williams, Christopher K and Rasmussen, Carl Edward},
  year={2006},
  publisher={MIT press Cambridge, MA}
}

@InProceedings{pmlr-v80-sun18b,
  title = 	 {Scalable approximate {B}ayesian inference for particle tracking data},
  author = 	 {Sun, Ruoxi and Paninski, Liam},
  booktitle = 	 {Proceedings of the 35th International Conference on Machine Learning},
    year = 	 {2018},
}

@InProceedings{pmlr-v80-garnelo18a,
  title = 	 {Conditional Neural Processes},
  author = 	 {Garnelo, Marta and Rosenbaum, Dan and Maddison, Christopher and Ramalho, Tiago and Saxton, David and Shanahan, Murray and Teh, Yee Whye and Rezende, Danilo and Eslami, S. M. Ali},
  booktitle = 	 {Proceedings of the 35th International Conference on Machine Learning},
  year = 	 {2018},

}

@article {Chichilnisky2002,
	author = {Chichilnisky, E. J. and Kalmar, Rachel S.},
	title = {Functional Asymmetries in ON and OFF Ganglion Cells of Primate Retina},
	volume = {22},
	number = {7},
	pages = {2737--2747},
	year = {2002},
	doi = {10.1523/JNEUROSCI.22-07-02737.2002},
	publisher = {Society for Neuroscience},
	issn = {0270-6474},
	URL = {http://www.jneurosci.org/content/22/7/2737},
	eprint = {http://www.jneurosci.org/content/22/7/2737.full.pdf},
	journal = {Journal of Neuroscience}
}


@article{Pehlevan226746,
	author = {Pehlevan, Cengiz and Genkin, Alexander and Chklovskii, Dmitri B.},
	title = {A clustering neural network model of insect olfaction},
	year = {2018},
	publisher = {Cold Spring Harbor Laboratory},
	eprint = {https://www.biorxiv.org/content/early/2018/01/27/226746.full.pdf},
	journal = {bioRxiv},
}

@article{neal:2000:MCMC,
	title={{Markov chain sampling methods for Dirichlet process mixture models}},
	author={Neal, Radford M},
	journal={Journal of computational and graphical statistics},
	volume={9},
	number={2},
	pages={249--265},
	year={2000},
	publisher={Taylor \& Francis},
}
@article {Jun2016jrclust,
	author = {Jun, James J. and Mitelut, Catalin and Lai, Chongxi and Gratiy, Sergey L. and Anastassiou, Costas A. and Harris, Timothy D.},
	title = {Real-time spike sorting platform for high-density extracellular probes with ground-truth validation and drift correction},
	elocation-id = {101030},
	year = {2017},
	journal = {bioRxiv}
}


@inproceedings{Blei:2004:VMD,
	author = {Blei, David M. and Jordan, Michael I.},
	title = {{Variational Methods for the Dirichlet Process}},
	booktitle = {Proceedings of the Twenty-first International Conference on Machine Learning},
	series = {ICML},
	year = {2004},
	location = {Banff, Alberta, Canada},
	acmid = {1015439},
} 

@inproceedings{guo2017calibration,
	title={{On Calibration of Modern Neural Networks}},
	author={Guo, Chuan and Pleiss, Geoff and Sun, Yu and Weinberger, Kilian Q},
	booktitle={International Conference on Machine Learning},
	pages={1321--1330},
	year={2017},
}
@article{miller2018mixture,
	title={Mixture models with a prior on the number of components},
	author={Miller, Jeffrey W and Harrison, Matthew T},
	journal={Journal of the American Statistical Association},
	volume={113},
	number={521},
	pages={340--356},
	year={2018},
	publisher={Taylor \& Francis},
}

@article{npbreview,
	author = {Abel Rodriguez and Peter Mueller},
	journal = {NSF-CBMS Regional Conference Series in Probability and Statistics},
	pages = {i--110},
	publisher = {Institute of Mathematical Statistics},
	title = {{NONPARAMETRIC BAYESIAN INFERENCE}},
	volume = {9},
	year = {2013},
}

@inproceedings{stuhlmuller2013learning,
	title={Learning stochastic inverses},
	author={Stuhlm{\"u}ller, Andreas and Taylor, Jacob and Goodman, Noah},
	booktitle={Advances in neural information processing systems},
	pages={3048--3056},
	year={2013},
}

@inproceedings{paige2016inference,
	title={{Inference networks for sequential Monte Carlo in graphical models}},
	author={Paige, Brooks and Wood, Frank},
	booktitle={International Conference on Machine Learning},
	pages={3040--3049},
	year={2016},
}

@inproceedings{deep_sets,
	title={{Deep sets}},
	author    = {Manzil Zaheer and
	Satwik Kottur and
	Siamak Ravanbakhsh and
	Barnab{\'{a}}s P{\'{o}}czos and
	Ruslan Salakhutdinov and
	Alexander J. Smola},
	booktitle={Advances in neural information processing systems},
	year={2017},
}



@article{edwards2016towards,
	title={Towards a neural statistician},
	author={Edwards, Harrison and Storkey, Amos},
	journal={ICLR},
	year={2017},
}
@inproceedings{garnelo2018neural,
	title={Neural processes},
	author={Garnelo, Marta and Schwarz, Jonathan and Rosenbaum, Dan and Viola, Fabio and Rezende, Danilo J and Eslami, SM and Teh, Yee Whye},
	booktitle={ICML 2018 workshop on Theoretical Foundations
	and Applications of Deep Generative Models},
	year={2018},
}
@inproceedings{garnelo2018conditional,
	title={Conditional neural processes},
	author={Garnelo, Marta and Rosenbaum, Dan and Maddison, Chris J and Ramalho, Tiago and Saxton, David and Shanahan, Murray and Teh, Yee Whye and Rezende, Danilo J and Eslami, SM},
	booktitle={International Conference on Machine Learning},
	year={2018},
}

@book{mclachlan1988mixture,
	title={Mixture models: Inference and applications to clustering},
	author={McLachlan, Geoffrey J and Basford, Kaye E},
	volume={84},
	year={1988},
	publisher={Marcel Dekker},
}

@article{du2010clustering,
	title={Clustering: A neural network approach},
	author={Du, K-L},
	journal={Neural networks},
	volume={23},
	number={1},
	pages={89--107},
	year={2010},
	publisher={Elsevier},
}

@article{bahdanau2014neural,
	title={Neural machine translation by jointly learning to align and translate},
	author={Bahdanau, Dzmitry and Cho, Kyunghyun and Bengio, Yoshua},
	journal={ICLR},
	year={2015},
}
@inproceedings{kurihara2007collapsed,
	title={{Collapsed Variational Dirichlet Process Mixture Models.}},
	author={Kurihara, Kenichi and Welling, Max and Teh, Yee Whye},
	booktitle={IJCAI},
	volume={7},
	pages={2796--2801},
	year={2007},
}
@article{jain2004split,
	title={{A split-merge Markov chain Monte Carlo procedure for the Dirichlet process mixture model}},
	author={Jain, Sonia and Neal, Radford M},
	journal={Journal of computational and Graphical Statistics},
	volume={13},
	number={1},
	pages={158--182},
	year={2004},
	publisher={Taylor \& Francis},
}
@article{jain2007splitting,
	title={Splitting and merging components of a nonconjugate Dirichlet process mixture model},
	author={Jain, Sonia and Neal, Radford M and others},
	journal={Bayesian Analysis},
	volume={2},
	number={3},
	pages={445--472},
	year={2007},
	publisher={International Society for Bayesian Analysis},
}
@article{kingma2014adam,
	title={Adam: A method for stochastic optimization},
	author={Kingma, Diederik P and Ba, Jimmy},
	journal={ICLR},
	year={2015},
}
@article{ritchie2016deep,
	title={Deep amortized inference for probabilistic programs},
	author={Ritchie, Daniel and Horsfall, Paul and Goodman, Noah D},
	journal={arXiv preprint arXiv:1610.05735},
	year={2016},
}
@inproceedings{hughes2015reliable,
  title={{Reliable and scalable variational inference for the hierarchical Dirichlet process}},
  author={Hughes, Michael and Kim, Dae Il and Sudderth, Erik},
  booktitle={Artificial Intelligence and Statistics},
  pages={370--378},
  year={2015},
}

@article{le2016inference,
	title={Inference compilation and universal probabilistic programming},
	author={Le, Tuan Anh and Baydin, Atilim Gunes and Wood, Frank},
	journal={arXiv preprint arXiv:1610.09900},
	year={2016},
}
@article{hinton1986distributed,
	title={{Distributed representations. In: Parallel distributed processing: Explorations in the microstructure of cognition, vol. 2, Psychological and biological models}},
	author={Hinton, GE and McClelland, JL and Rumelhart, DE},
	year={1986},
}
@article{xu2015empirical,
  title={Empirical evaluation of rectified activations in convolutional network},
  author={Xu, Bing and Wang, Naiyan and Chen, Tianqi and Li, Mu},
  journal={arXiv preprint arXiv:1505.00853},
  year={2015},
}
@article{blei2011distance,
	title={{Distance dependent Chinese restaurant processes}},
	author={Blei, David M and Frazier, Peter I},
	journal={Journal of Machine Learning Research},
	volume={12},
	number={Aug},
	pages={2461--2488},
	year={2011}
}

@inproceedings{wallach2010alternative,
	title={{An alternative prior process for nonparametric Bayesian clustering}},
	author={Wallach, Hanna and Jensen, Shane and Dicker, Lee and Heller, Katherine},
	booktitle={Proceedings of the Thirteenth International Conference on Artificial Intelligence and Statistics},
	pages={892--899},
	year={2010}
}
@article{lu2018reducing,
	title={{Reducing over-clustering via the powered Chinese restaurant process}},
	author={Lu, Jun and Li, Meng and Dunson, David},
	journal={arXiv preprint arXiv:1802.05392},
	year={2018}
}
@article{di2017non,
	title={Non-exchangeable random partition models for microclustering},
	author={Di Benedetto, Giuseppe and Caron, Fran{\c{c}}ois and Teh, Yee Whye},
	journal={arXiv preprint arXiv:1711.07287},
	year={2017}
}
@inproceedings{kemp2006learning,
	title={Learning systems of concepts with an infinite relational model},
	author={Kemp, Charles and Tenenbaum, Joshua B and Griffiths, Thomas L and Yamada, Takeshi and Ueda, Naonori},
	booktitle={AAAI},
	volume={3},
	pages={5},
	year={2006}
}
@article{xu2006learning,
	title={Learning infinite hidden relational models},
	author={Xu, Zhao and Tresp, Volker and Yu, Kai and Kriegel, Hans-Peter},
	journal={Uncertainity in Artificial Intelligence (UAI2006)},
	year={2006}
}
@article{geweke2004getting,
	title={Getting it right: Joint distribution tests of posterior simulators},
	author={Geweke, John},
	journal={Journal of the American Statistical Association},
	volume={99},
	number={467},
	pages={799--804},
	year={2004},
	publisher={Taylor \& Francis}
}
@article{guttenberg2016permutation,
	title={Permutation-equivariant neural networks applied to dynamics prediction},
	author={Guttenberg, Nicholas and Virgo, Nathaniel and Witkowski, Olaf and Aoki, Hidetoshi and Kanai, Ryota},
	journal={arXiv preprint arXiv:1612.04530},
	year={2016}
}
@article{ravanbakhsh2016deep,
	title={Deep learning with sets and point clouds},
	author={Ravanbakhsh, Siamak and Schneider, Jeff and Poczos, Barnabas},
	journal={arXiv preprint arXiv:1611.04500},
	year={2016}
}
@inproceedings{palla2012nonparametric,
	title={A nonparametric variable clustering model},
	author={Palla, Konstantina and Ghahramani, Zoubin and Knowles, David A},
	booktitle={Advances in Neural Information Processing Systems},
	pages={2987--2995},
	year={2012}
}
@article{nowicki2001estimation,
	title={Estimation and prediction for stochastic blockstructures},
	author={Nowicki, Krzysztof and Snijders, Tom A B},
	journal={Journal of the American statistical association},
	volume={96},
	number={455},
	pages={1077--1087},
	year={2001},
	publisher={Taylor \& Francis}
}
@inproceedings{faivishevsky2010nonparametric,
	title={Nonparametric information theoretic clustering algorithm},
	author={Faivishevsky, Lev and Goldberger, Jacob},
	booktitle={Proceedings of the 27th International Conference on Machine Learning (ICML-10)},
	pages={351--358},
	year={2010}
}
@inproceedings{slonim2000document,
	title={Document clustering using word clusters via the information bottleneck method},
	author={Slonim, Noam and Tishby, Naftali},
	booktitle={Proceedings of the 23rd annual international ACM SIGIR conference on Research and development in information retrieval},
	pages={208--215},
	year={2000},
	organization={ACM}
}
@article{slonim2005information,
	title={Information-based clustering},
	author={Slonim, Noam and Atwal, Gurinder Singh and Tka{\v{c}}ik, Ga{\v{s}}per and Bialek, William},
	journal={Proceedings of the National Academy of Sciences},
	volume={102},
	number={51},
	pages={18297--18302},
	year={2005},
	publisher={National Acad Sciences}
}
@inproceedings{linderman2017reparameterizing,
	title={{Reparameterizing the Birkhoff polytope for variational permutation inference}},
	author={Linderman, Scott W and Mena, Gonzalo E and Cooper, Hal and Paninski, Liam and Cunningham, John P},
	booktitle={AISTATS},
	year={2018}
}
@article{diaconis2009markov,
	title={{The Markov chain Monte Carlo revolution}},
	author={Diaconis, Persi},
	journal={Bulletin of the American Mathematical Society},
	volume={46},
	number={2},
	pages={179--205},
	year={2009}
}
@article{critchlow1991probability,
	title={Probability models on rankings},
	author={Critchlow, Douglas E and Fligner, Michael A and Verducci, Joseph S},
	journal={Journal of mathematical psychology},
	volume={35},
	number={3},
	pages={294--318},
	year={1991},
	publisher={Elsevier}
}
@inproceedings{lebanon2002cranking,
	title={Cranking: Combining rankings using conditional probability models on permutations},
	author={Lebanon, Guy and Lafferty, John},
	booktitle={ICML},
	volume={2},
	pages={363--370},
	year={2002},
	organization={Citeseer}
}
@article{bruna2019,
	title={{Supervised Community Detection with Line Graph Neural Networks}},
	author={Chen, Zhengdao  and Li, Lisha and Bruna, Joan},
	journal={ICLR},
	year={2019},
}
@article{decelle2011asymptotic,
	title={Asymptotic analysis of the stochastic block model for modular networks and its algorithmic applications},
	author={Decelle, Aurelien and Krzakala, Florent and Moore, Cristopher and Zdeborov{\'a}, Lenka},
	journal={Physical Review E},
	volume={84},
	number={6},
	pages={066106},
	year={2011},
	publisher={APS}
}
@article{bengio2018machine,
	title={Machine Learning for Combinatorial Optimization: a Methodological Tour d'Horizon},
	author={Bengio, Yoshua and Lodi, Andrea and Prouvost, Antoine},
	journal={arXiv preprint arXiv:1811.06128},
	year={2018}
}
@article{mcdaid2013improved,
  title={Improved Bayesian inference for the stochastic block model with application to large networks},
  author={McDaid, Aaron F and Murphy, Thomas Brendan and Friel, Nial and Hurley, Neil J},
  journal={Computational Statistics \& Data Analysis},
  volume={60},
  pages={12--31},
  year={2013},
  publisher={Elsevier}
}
@article{abbe,
year = {2018},
volume = {14},
journal = {Foundations and Trends® in Communications and Information Theory},
title = {{Community Detection and Stochastic Block Models}},
number = {1-2},
pages = {1-162},
author = {Emmanuel Abbe}
}
@article{airoldi2008mixed,
  title={Mixed membership stochastic blockmodels},
  author={Airoldi, Edoardo M and Blei, David M and Fienberg, Stephen E and Xing, Eric P},
  journal={Journal of Machine Learning Research},
  volume={9},
  number={Sep},
  pages={1981--2014},
  year={2008}
}

@article{vanderpas,
  title={Bayesian Community Detection},
  author={van der Pas, S. L. and van der Vaart, A. W.},
  journal={Bayesian Analysis},
  volume={13},
  number={3},
  pages={767--796},
  year={2018}
}

@article{foti2015survey,
  title={{A survey of non-exchangeable priors for Bayesian nonparametric models}},
  author={Foti, Nicholas J and Williamson, Sinead A},
  journal={IEEE transactions on pattern analysis and machine intelligence},
  volume={37},
  number={2},
  pages={359--371},
  year={2015},
  publisher={IEEE}
}
@article{maceachern2000dependent,
  title={{Dependent Dirichlet processes}},
  author={MacEachern, Steven N},
  journal={Unpublished manuscript, Department of Statistics, The Ohio State University},
  pages={1--40},
  year={2000}
}
@article{orbanz2015bayesian,
  title={Bayesian models of graphs, arrays and other exchangeable random structures},
  author={Orbanz, Peter and Roy, Daniel M},
  journal={IEEE transactions on pattern analysis and machine intelligence},
  volume={37},
  number={2},
  pages={437--461},
  year={2015},
  publisher={IEEE}
}
@article{holland1983stochastic,
  title={Stochastic blockmodels: First steps},
  author={Holland, Paul W and Laskey, Kathryn Blackmond and Leinhardt, Samuel},
  journal={Social networks},
  volume={5},
  number={2},
  pages={109--137},
  year={1983},
  publisher={Elsevier}
}
@article{min2018survey,
  title={{A survey of clustering with deep learning: From the perspective of network architecture}},
  author={Min, Erxue and Guo, Xifeng and Liu, Qiang and Zhang, Gen and Cui, Jianjing and Long, Jun},
  journal={IEEE Access},
  volume={6},
  pages={39501--39514},
  year={2018},
  publisher={IEEE}
}

@article{aljalbout2018clustering,
  title={{Clustering with Deep Learning: Taxonomy and New Methods}},
  author={Aljalbout, Elie and Golkov, Vladimir and Siddiqui, Yawar and Cremers, Daniel},
  journal={arXiv preprint arXiv:1801.07648},
  year={2018}
}

@inproceedings{BRUNO,
title = {BRUNO: A Deep Recurrent Model for Exchangeable Data},
author = {Korshunova, Iryna and Degrave, Jonas and Huszar, Ferenc and Gal, Yarin and Gretton, Arthur and Dambre, Joni},
booktitle = {Advances in Neural Information Processing Systems 31},
year = {2018},
}



@article{BloemReddy,
	title={Probabilistic symmetry and invariant neural networks},
	author={Bloem-Reddy, Benjamin and  Teh, Yee Whye}, 
	journal={arXiv preprint arXiv:1901.06082},
	year={2019},
}

@InProceedings{pmlr-v70-ravanbakhsh17a,
  title = 	 {Equivariance Through Parameter-Sharing},
  author = 	 {Siamak Ravanbakhsh and Jeff Schneider and Barnab{\'a}s P{\'o}czos},
  booktitle = 	 {Proceedings of the 34th International Conference on Machine Learning},
  year = 	 {2017},
}

@article{kadir2014,
    author = {Kadir, Shabnam N. and Goodman, Dan F. M. and Harris, Kenneth D.},
    title = {High-Dimensional Cluster Analysis with the Masked EM Algorithm},
    journal = {Neural Computation},
    volume = {26},
    number = {11},
    pages = {2379-2394},
    year = {2014},
    doi = {10.1162/NECO\_a\_00661},
        note ={PMID: 25149694},
    URL = { 
            https://doi.org/10.1162/NECO_a_00661
    },
    eprint = { 
            https://doi.org/10.1162/NECO_a_00661
    }
}




@article{schmidt2013nonparametric,
  title={Nonparametric Bayesian modeling of complex networks: An introduction},
  author={Schmidt, Mikkel N and Morup, Morten},
  journal={IEEE Signal Processing Magazine},
  volume={30},
  number={3},
  pages={110--128},
  year={2013},
  publisher={IEEE}
}

@article{jun2017fully,
  title={Fully integrated silicon probes for high-density recording of neural activity},
  author={Jun, James J and Steinmetz, Nicholas A and Siegle, Joshua H and Denman, Daniel J and Bauza, Marius and Barbarits, Brian and Lee, Albert K and Anastassiou, Costas A and Andrei, Alexandru and Ayd{\i}n, {\c{C}}a{\u{g}}atay and others},
  journal={Nature},
  volume={551},
  number={7679},
  pages={232},
  year={2017},
  publisher={Nature Publishing Group}
}

@inproceedings{lee2017yass,
  title={Yass: Yet another spike sorter},
  author={Lee, Jin Hyung and Carlson, David E and Razaghi, Hooshmand Shokri and Yao, Weichi and Goetz, Georges A and Hagen, Espen and Batty, Eleanor and Chichilnisky, EJ and Einevoll, Gaute T and Paninski, Liam},
  booktitle={Advances in Neural Information Processing Systems},
  pages={4002--4012},
  year={2017}
}
@article{carlson2013multichannel,
  title={Multichannel electrophysiological spike sorting via joint dictionary learning and mixture modeling},
  author={Carlson, David E and Vogelstein, Joshua T and Wu, Qisong and Lian, Wenzhao and Zhou, Mingyuan and Stoetzner, Colin R and Kipke, Daryl and Weber, Douglas and Dunson, David B and Carin, Lawrence},
  journal={IEEE Transactions on Biomedical Engineering},
  volume={61},
  number={1},
  pages={41--54},
  year={2013},
  publisher={IEEE}
}
@article{pachitariu2016kilosort,
  title={Kilosort: realtime spike-sorting for extracellular electrophysiology with hundreds of channels},
  author={Pachitariu, Marius and Steinmetz, Nicholas and Kadir, Shabnam and Carandini, Matteo and Harris, Kenneth D},
  journal={BioRxiv},
  pages={061481},
  year={2016},
  publisher={Cold Spring Harbor Laboratory}
}
@article{chung2017fully,
  title={A fully automated approach to spike sorting},
  author={Chung, Jason E and Magland, Jeremy F and Barnett, Alex H and Tolosa, Vanessa M and Tooker, Angela C and Lee, Kye Y and Shah, Kedar G and Felix, Sarah H and Frank, Loren M and Greengard, Leslie F},
  journal={Neuron},
  volume={95},
  number={6},
  pages={1381--1394},
  year={2017},
  publisher={Elsevier}
}

@article{calabrese2011kalman,
  title={Kalman filter mixture model for spike sorting of non-stationary data},
  author={Calabrese, Ana and Paninski, Liam},
  journal={Journal of neuroscience methods},
  volume={196},
  number={1},
  pages={159--169},
  year={2011},
  publisher={Elsevier}
}
@incollection{hughes2013memoized,
title = {Memoized Online Variational Inference for Dirichlet Process Mixture Models},
author = {Hughes, Michael C and Sudderth, Erik},
booktitle = {Advances in Neural Information Processing Systems 26},
pages = {1133--1141},
year = {2013},
}

@InProceedings{He2016DeepResidual,
author = {He, Kaiming and Zhang, Xiangyu and Ren, Shaoqing and Sun, Jian},
title = {Deep Residual Learning for Image Recognition},
booktitle = {The IEEE Conference on Computer Vision and Pattern Recognition (CVPR)},
month = {June},
year = {2016}
}

@article{carlson2019continuing,
  title={Continuing progress of spike sorting in the era of big data},
  author={Carlson, David and Carin, Lawrence},
  journal={Current opinion in neurobiology},
  volume={55},
  pages={90--96},
  year={2019},
  publisher={Elsevier}
}
@article{wood2008nonparametric,
  title={A nonparametric Bayesian alternative to spike sorting},
  author={Wood, Frank and Black, Michael J},
  journal={Journal of neuroscience methods},
  volume={173},
  number={1},
  pages={1--12},
  year={2008},
  publisher={Elsevier}
}

@article{shan2017model,
  title={Model-based spike sorting with a mixture of drifting t-distributions},
  author={Shan, Kevin Q and Lubenov, Evgueniy V and Siapas, Athanassios G},
  journal={Journal of neuroscience methods},
  volume={288},
  pages={82--98},
  year={2017},
  publisher={Elsevier}
}

@article{ks2,
  title={Kilosort2 - https://github.com/MouseLand/Kilosort2},
howpublished = "\url{https://github.com/MouseLand/Kilosort2}",
}



@article{magland2015unimodal,
  title={Unimodal clustering using isotonic regression: Iso-split},
  author={Magland, Jeremy F and Barnett, Alex H},
  journal={arXiv preprint arXiv:1508.04841},
  year={2015}
}

@article{vinh2010information,
  title={Information theoretic measures for clusterings comparison: Variants, properties, normalization and correction for chance},
  author={Vinh, Nguyen Xuan and Epps, Julien and Bailey, James},
  journal={Journal of Machine Learning Research},
  volume={11},
  number={Oct},
  pages={2837--2854},
  year={2010}
}
@book{russell2016artificial,
  title={Artificial intelligence: a modern approach},
  author={Russell, Stuart J and Norvig, Peter},
  year={2016},
  publisher={Malaysia; Pearson Education Limited,}
}

@article{Graves2012SequenceTW,
  title={Sequence Transduction with Recurrent Neural Networks},
  author={Alex Graves},
  journal={CoRR},
  year={2012},
  volume={abs/1211.3711}
}

@inproceedings{Sutskever2014SequenceTS,
  title={Sequence to Sequence Learning with Neural Networks},
  author={Ilya Sutskever and Oriol Vinyals and Quoc V. Le},
  booktitle={NIPS},
  year={2014}
}

@article{wagstaff2019limitations,
  title={On the limitations of representing functions on sets},
  author={Wagstaff, Edward and Fuchs, Fabian B and Engelcke, Martin and Posner, Ingmar and Osborne, Michael},
  journal={arXiv preprint arXiv:1901.09006},
  year={2019}
}


@inproceedings{Gershman:2014:amortized,
  title={Amortized inference in probabilistic reasoning},
  author={Gershman, Samuel and Goodman, Noah},
  booktitle={Proceedings of the annual meeting of the cognitive science society},
  volume={36},
  year={2014}
}

@article{kingma2013auto,
  title={Auto-encoding variational bayes},
  author={Kingma, Diederik P and Welling, Max},
  journal={arXiv preprint arXiv:1312.6114},
  year={2013}
}

@article{liu1996metropolized,
  title={Metropolized independent sampling with comparisons to rejection sampling and importance sampling},
  author={Liu, Jun S},
  journal={Statistics and computing},
  volume={6},
  number={2},
  pages={113--119},
  year={1996},
  publisher={Springer}
}

@article{hinton1995wake,
  title={The" wake-sleep" algorithm for unsupervised neural networks},
  author={Hinton, Geoffrey E and Dayan, Peter and Frey, Brendan J and Neal, Radford M},
  journal={Science},
  volume={268},
  number={5214},
  pages={1158--1161},
  year={1995},
  publisher={American Association for the Advancement of Science}
}

@article{jang2016categorical,
  title={{Categorical reparameterization with Gumbel-softmax}},
  author={Jang, Eric and Gu, Shixiang and Poole, Ben},
  journal={arXiv preprint arXiv:1611.01144},
  year={2016}
}

@article{mnih2016variational,
  title={Variational inference for monte carlo objectives},
  author={Mnih, Andriy and Rezende, Danilo J},
  journal={arXiv preprint arXiv:1602.06725},
  year={2016}
}

@article{maddison2016concrete,
  title={The concrete distribution: A continuous relaxation of discrete random variables},
  author={Maddison, Chris J and Mnih, Andriy and Teh, Yee Whye},
  journal={arXiv preprint arXiv:1611.00712},
  year={2016}
}


@misc{kilosort2github,
  author = {Marius Pachitariu},
  title = {Kilosort2},
  howpublished = "\url{https://github.com/MouseLand/Kilosort2}",
  publisher = {Github},
  year = {2019}
}

@article{nishihara2013detecting,
  title={Detecting parameter symmetries in probabilistic models},
  author={Nishihara, Robert and Minka, Thomas and Tarlow, Daniel},
  journal={arXiv preprint arXiv:1312.5386},
  year={2013}
}
@incollection{Parthasarathy,
title = {{Neural Networks for Efficient Bayesian Decoding of Natural Images from Retinal Neurons}},
author = {Parthasarathy, Nikhil and Batty, Eleanor and Falcon, William and Rutten, Thomas and Rajpal, Mohit and Chichilnisky, E.J. and Paninski, Liam},
booktitle = {Advances in Neural Information Processing Systems 30},
pages = {6434--6445},
year = {2017},
}


@article{Chaure2018,
author = {Chaure, Fernando J and Rey, Hernan G and {Quian Quiroga}, Rodrigo},
doi = {10.1152/jn.00339.2018},
journal = {Journal of neurophysiology},
number = {4},
pages = {1859--1871},
title = {{A novel and fully automatic spike-sorting implementation with variable number of features.}},
volume = {120},
year = {2018}
}

@article{diaconis1980finite,
  title={Finite exchangeable sequences},
  author={Diaconis, Persi and Freedman, David},
  journal={The Annals of Probability},
  pages={745--764},
  year={1980},
  publisher={JSTOR}
}

@article{bruno1931,
  title={Funzione caratteristica di un fenomeno
aleatorio},
  author={de Finetti, Bruno},
  journal={Atti della R. Academia Nazionale dei Lincei, Serie 6.
Memorie, Classe di Scienze Fisiche, Mathematice e Naturale,4},
  pages={251--299},
  year={1931},
}



@article{hewitt1955symmetric,
  title={Symmetric measures on Cartesian products},
  author={Hewitt, Edwin and Savage, Leonard J},
  journal={Transactions of the American Mathematical Society},
  volume={80},
  number={2},
  pages={470--501},
  year={1955},
  publisher={JSTOR}
}

@article{kalra2019learning,
  title={Learning Permutation Invariant Representations using Memory Networks},
  author={Kalra, Shivam and Adnan, Mohammed and Taylor, Graham and Tizhoosh, Hamid},
  journal={arXiv preprint arXiv:1911.07984},
  year={2019}
}

@inproceedings{minka2001expectation,
  title={{Expectation propagation for approximate Bayesian inference}},
  author={Minka, Thomas P},
  booktitle={Proceedings of the Seventeenth conference on Uncertainty in artificial intelligence},
  pages={362--369},
  year={2001},
  organization={Morgan Kaufmann Publishers Inc.}
}

@article{christandl2009finite,
  title={{Finite de Finetti theorem for conditional probability distributions describing physical theories}},
  author={Christandl, Matthias and Toner, Ben},
  journal={Journal of Mathematical Physics},
  volume={50},
  number={4},
  pages={042104},
  year={2009},
  publisher={AIP}
}

@article{DAC,
author = {Lee, Juho and Lee, Yoonho and Teh, Yee Whye},
journal={arXiv:1909.13433},
title = {{Deep Amortized Clustering}},
year={2019}
}


@article{diaconis1977finite,
  title={{Finite forms of de Finetti's theorem on exchangeability}},
  author={Diaconis, Persi},
  journal={Synthese},
  volume={36},
  number={2},
  pages={271--281},
  year={1977},
  publisher={Springer}
}

@book{diaconis2019ten,
  title={Ten great ideas about chance},
  author={Diaconis, Persi and Skyrms, Brian},
  year={2019},
  publisher={Princeton University Press},
  chapter=7
}

@inproceedings{sohn2015learning,
  title={Learning structured output representation using deep conditional generative models},
  author={Sohn, Kihyuk and Lee, Honglak and Yan, Xinchen},
  booktitle={Advances in neural information processing systems},
  pages={3483--3491},
  year={2015}
}


@inproceedings{
tucker2018doubly,
title={Doubly Reparameterized Gradient Estimators for Monte Carlo Objectives},
author={George Tucker and Dieterich Lawson and Shixiang Gu and Chris J. Maddison},
booktitle={International Conference on Learning Representations},
year={2019},
url={https://openreview.net/forum?id=HkG3e205K7},
}



@article{burda2015importance,
  title={Importance weighted autoencoders},
  author={Burda, Yuri and Grosse, Roger and Salakhutdinov, Ruslan},
  journal={arXiv preprint arXiv:1509.00519},
  year={2015}
}


@article{gui2021pine,
  title={Pine: Universal deep embedding for graph nodes via partial permutation invariant set functions},
  author={Gui, Shupeng and Zhang, Xiangliang and Zhong, Pan and Qiu, Shuang and Wu, Mingrui and Ye, Jieping and Wang, Zhengdao and Liu, Ji},
  journal={IEEE Transactions on Pattern Analysis and Machine Intelligence},
  volume={44},
  number={2},
  pages={770--782},
  year={2021},
  publisher={IEEE}
}


@incollection{oksendal2003stochastic,
  title={Stochastic differential equations},
  author={{\O}ksendal, Bernt},
  booktitle={Stochastic differential equations},
  pages={65--84},
  year={2003},
  publisher={Springer}
}

@article{pakman2018amortized,
  title={{Amortized Bayesian inference for clustering models}},
  author={Pakman, Ari and Paninski, Liam},
  journal={{BNP@NeurIPS 2018 Workshop All of Bayesian Nonparametric}},
  year={2018}
}
@article{wang2019spike,
  title={Spike Sorting using the Neural Clustering Process},
  author={Wang, Yueqi and Pakman, Ari and Mitelut, Catalin and Lee, JinHyung and Paninski, Liam},
    journal={{Real Neurons \& Hidden Units Workshop @ NeurIPS 2019}},
  year={2019}
}

@article{kim2019attentive,
  title={Attentive neural processes},
  author={Kim, Hyunjik and Mnih, Andriy and Schwarz, Jonathan and Garnelo, Marta and Eslami, Ali and Rosenbaum, Dan and Vinyals, Oriol and Teh, Yee Whye},
  journal={ICLR},
  year={2019}
}
@inproceedings{korshunova2018conditional,
  title={Conditional BRUNO: a deep recurrent process for exchangeable labelled data},
  author={Korshunova, Iryna and Gal, Yarin and Dambre, Joni and Gretton, Arthur},
  booktitle={Bayesian Deep Learning NeurIPS Workshop},
  pages={72371B},
  year={2018}
}
@inproceedings{pakman2019npp,
  title={{Neural Permutation Processes}},
  author={Pakman, Ari and Wang, Yueqi and Paninski, Liam},
  booktitle={Symposium on Advances in Approximate Bayesian Inference},
  pages={1--7},
  year={2019}
}



@inproceedings{song2020score,
  title={Score-Based Generative Modeling through Stochastic Differential Equations},
  author={Song, Yang and Sohl-Dickstein, Jascha and Kingma, Diederik P and Kumar, Abhishek and Ermon, Stefano and Poole, Ben},
  booktitle={International Conference on Learning Representations},
  year={2020}
}

@article{dutordoir2022neural,
  title={Neural Diffusion Processes},
  author={Dutordoir, Vincent and Saul, Alan and Ghahramani, Zoubin and Simpson, Fergus},
  journal={arXiv preprint arXiv:2206.03992},
  year={2022}
}

@article{pakman2013auxiliary,
  title={{Auxiliary-variable exact Hamiltonian Monte Carlo samplers for binary distributions}},
  author={Pakman, Ari and Paninski, Liam},
  journal={NIPS},
  volume={26},
  year={2013}
}

@article{vincent2011connection,
  title={A connection between score matching and denoising autoencoders},
  author={Vincent, Pascal},
  journal={Neural computation},
  volume={23},
  number={7},
  pages={1661--1674},
  year={2011},
  publisher={MIT Press}
}


@book{kallenberg2005probabilistic,
  title={Probabilistic symmetries and invariance principles},
  author={Kallenberg, Olav},
  year={2005},
  publisher={Springer}
}
@article{austin2021structured,
  title={Structured denoising diffusion models in discrete state-spaces},
  author={Austin, Jacob and Johnson, Daniel D and Ho, Jonathan and Tarlow, Daniel and van den Berg, Rianne},
  journal={Advances in Neural Information Processing Systems},
  volume={34},
  pages={17981--17993},
  year={2021}
}

@inproceedings{zhang2022set,
  title={Set Norm and Equivariant Skip Connections: Putting the Deep in Deep Sets},
  author={Zhang, Lily and Tozzo, Veronica and Higgins, John and Ranganath, Rajesh},
  booktitle={International Conference on Machine Learning},
  pages={26559--26574},
  year={2022},
  organization={PMLR}
}

@inproceedings{lee2019set,
  title={Set transformer: A framework for attention-based permutation-invariant neural networks},
  author={Lee, Juho and Lee, Yoonho and Kim, Jungtaek and Kosiorek, Adam and Choi, Seungjin and Teh, Yee Whye},
  booktitle={International conference on machine learning},
  pages={3744--3753},
  year={2019},
  organization={PMLR}
}

@article{ho2020denoising,
  title={Denoising diffusion probabilistic models},
  author={Ho, Jonathan and Jain, Ajay and Abbeel, Pieter},
  journal={Advances in Neural Information Processing Systems},
  volume={33},
  pages={6840--6851},
  year={2020}
}

@article{krenn2020self,
  title={{Self-referencing embedded strings (SELFIES): A 100\% robust molecular string representation}},
  author={Krenn, Mario and H{\"a}se, Florian and Nigam, AkshatKumar and Friederich, Pascal and Aspuru-Guzik, Alan},
  journal={Machine Learning: Science and Technology},
  volume={1},
  number={4},
  pages={045024},
  year={2020},
  publisher={IOP Publishing}
}

@article{weininger1988smiles,
  title={{SMILES, a chemical language and information system. 1. Introduction to methodology and encoding rules}},
  author={Weininger, David},
  journal={Journal of chemical information and computer sciences},
  volume={28},
  number={1},
  pages={31--36},
  year={1988},
  publisher={ACS Publications}
}

@article{bengio2021flow,
  title={Flow network based generative models for non-iterative diverse candidate generation},
  author={Bengio, Emmanuel and Jain, Moksh and Korablyov, Maksym and Precup, Doina and Bengio, Yoshua},
  journal={Advances in Neural Information Processing Systems},
  volume={34},
  pages={27381--27394},
  year={2021}
}

@article{korshunova2018bruno,
  title={BRUNO: A deep recurrent model for exchangeable data},
  author={Korshunova, Iryna and Degrave, Jonas and Husz{\'a}r, Ferenc and Gal, Yarin and Gretton, Arthur and Dambre, Joni},
  journal={Advances in Neural Information Processing Systems},
  volume={31},
  year={2018}
}

@article{li2020exchangeable,
  title={{Exchangeable neural ODE for set modeling}},
  author={Li, Yang and Yi, Haidong and Bender, Christopher and Shan, Siyuan and Oliva, Junier B},
  journal={Advances in Neural Information Processing Systems},
  volume={33},
  pages={6936--6946},
  year={2020}
}

@article{lecun2006tutorial,
  title={A tutorial on energy-based learning},
  author={LeCun, Yann and Chopra, Sumit and Hadsell, Raia and Ranzato, M and Huang, Fujie},
  journal={Predicting structured data},
  volume={1},
  number={0},
  year={2006}
}

@article{song2021train,
  title={How to train your energy-based models},
  author={Song, Yang and Kingma, Diederik P},
  journal={arXiv preprint arXiv:2101.03288},
  year={2021}
}

@article{gutmann2012noise,
  title={Noise-Contrastive Estimation of Unnormalized Statistical Models, with Applications to Natural Image Statistics.},
  author={Gutmann, Michael U and Hyv{\"a}rinen, Aapo},
  journal={Journal of machine learning research},
  volume={13},
  number={2},
  year={2012}
}

@inproceedings{gutmann2010noise,
  title={Noise-contrastive estimation: A new estimation principle for unnormalized statistical models},
  author={Gutmann, Michael and Hyv{\"a}rinen, Aapo},
  booktitle={Proceedings of the thirteenth international conference on artificial intelligence and statistics},
  pages={297--304},
  year={2010},
  organization={JMLR Workshop and Conference Proceedings}
}

@article{oord2018representation,
  title={Representation learning with contrastive predictive coding},
  author={Oord, Aaron van den and Li, Yazhe and Vinyals, Oriol},
  journal={arXiv preprint arXiv:1807.03748},
  year={2018}
}


@inproceedings{dinari:2022:sampling,
  title={Sampling in Dirichlet process mixture models for clustering streaming data},
  author={Dinari, Or and Freifeld, Oren},
  booktitle={International Conference on Artificial Intelligence and Statistics},
  pages={818--835},
  year={2022},
  organization={PMLR}
}

@inproceedings{dinari:2019:distributed,
  title={{Distributed MCMC inference in Dirichlet process mixture models using Julia}},
  author={Dinari, Or and Yu, Angel and Freifeld, Oren and Fisher, John},
  booktitle={2019 19th IEEE/ACM International Symposium on Cluster, Cloud and Grid Computing (CCGRID)},
  pages={518--525},
  year={2019},
  organization={IEEE}
}


@inproceedings{ronen:2022:DeepDPM,
  title={Deepdpm: Deep clustering with an unknown number of clusters},
  author={Ronen, Meitar and Finder, Shahaf E and Freifeld, Oren},
  booktitle={Proceedings of the IEEE/CVF Conference on Computer Vision and Pattern Recognition},
  pages={9861--9870},
  year={2022}
}



@inproceedings{pakman2020,
 title = {{Neural Clustering Processes}},
 year = {2020},
 author = {Pakman, Ari and Wang, Yueqi and Mitelut, Catalin and Lee, JinHyung and Liam Paninski},
  booktitle={International Conference on Machine Learning},
}


@article{wang2024amortized,
  title={Amortized probabilistic detection of communities in graphs},
  author={Wang, Yueqi and Lee, Yoonho and Basu, Pallab and Lee, Juho and Teh, Yee Whye and Paninski, Liam and Pakman, Ari},
  journal={Structured Probabilistic Inference \& Generative Modeling workshop at ICML},
  year={2024}
}


@article{dosovitskiy2014discriminative,
  title={Discriminative unsupervised feature learning with convolutional neural networks},
  author={Dosovitskiy, Alexey and Springenberg, Jost Tobias and Riedmiller, Martin and Brox, Thomas},
  journal={Advances in neural information processing systems},
  volume={27},
  year={2014}
}

@inproceedings{wu2018unsupervised,
  title={Unsupervised feature learning via non-parametric instance discrimination},
  author={Wu, Zhirong and Xiong, Yuanjun and Yu, Stella X and Lin, Dahua},
  booktitle={Proceedings of the IEEE conference on computer vision and pattern recognition},
  pages={3733--3742},
  year={2018}
}

@inproceedings{chen2020simple,
  title={A simple framework for contrastive learning of visual representations},
  author={Chen, Ting and Kornblith, Simon and Norouzi, Mohammad and Hinton, Geoffrey},
  booktitle={International conference on machine learning},
  pages={1597--1607},
  year={2020},
  organization={PMLR}
}

@inproceedings{he2020momentum,
  title={Momentum contrast for unsupervised visual representation learning},
  author={He, Kaiming and Fan, Haoqi and Wu, Yuxin and Xie, Saining and Girshick, Ross},
  booktitle={Proceedings of the IEEE/CVF conference on computer vision and pattern recognition},
  pages={9729--9738},
  year={2020}
}

@inproceedings{deleu2022bayesian,
  title={Bayesian structure learning with generative flow networks},
  author={Deleu, Tristan and G{\'o}is, Ant{\'o}nio and Emezue, Chris and Rankawat, Mansi and Lacoste-Julien, Simon and Bauer, Stefan and Bengio, Yoshua},
  booktitle={Uncertainty in Artificial Intelligence},
  pages={518--528},
  year={2022},
  organization={PMLR}
}

@inproceedings{hu2023gflownet,
  title={GFlowNet-EM for learning compositional latent variable models},
  author={Hu, Edward J and Malkin, Nikolay and Jain, Moksh and Everett, Katie E and Graikos, Alexandros and Bengio, Yoshua},
  booktitle={International Conference on Machine Learning},
  pages={13528--13549},
  year={2023},
  organization={PMLR}
}

@article{zhang2023let,
  title={{Let the flows tell: Solving graph combinatorial problems with GFlowNets}},
  author={Zhang, Dinghuai and Dai, Hanjun and Malkin, Nikolay and Courville, Aaron C and Bengio, Yoshua and Pan, Ling},
  journal={Advances in neural information processing systems},
  volume={36},
  pages={11952--11969},
  year={2023}
}



@article{bengio2023gflownet,
  title={{GFlowNet Foundations}},
  author={Bengio, Yoshua and Lahlou, Salem and Deleu, Tristan and Hu, Edward J and Tiwari, Mo and Bengio, Emmanuel},
  journal={The Journal of Machine Learning Research},
  volume={24},
  number={1},
  pages={10006--10060},
  year={2023},
  publisher={JMLRORG}
}


@inproceedings{yang:2017:DCN,
  title={Towards k-means-friendly spaces: Simultaneous deep learning and clustering},
  author={Yang, Bo and Fu, Xiao and Sidiropoulos, Nicholas D and Hong, Mingyi},
  booktitle={international conference on machine learning},
  pages={3861--3870},
  year={2017},
  organization={PMLR}
}


@inproceedings{mukherjee:2019:clstrGAN,
  title={Clustergan: Latent space clustering in generative adversarial networks},
  author={Mukherjee, Sudipto and Asnani, Himanshu and Lin, Eugene and Kannan, Sreeram},
  booktitle={Proceedings of the AAAI conference on artificial intelligence},
  volume={33},
  number={01},
  pages={4610--4617},
  year={2019}
}


@article{zhong:2020:DRC,
  title={Deep robust clustering by contrastive learning},
  author={Zhong, Huasong and Chen, Chong and Jin, Zhongming and Hua, Xian-Sheng},
  journal={arXiv preprint arXiv:2008.03030},
  year={2020}
}


@inproceedings{van:2020:SCAN,
  title={Scan: Learning to classify images without labels},
  author={Van Gansbeke, Wouter and Vandenhende, Simon and Georgoulis, Stamatios and Proesmans, Marc and Van Gool, Luc},
  booktitle={European conference on computer vision},
  pages={268--285},
  year={2020},
  organization={Springer}
}

@article{ren:2020:DDC,
  title={Deep density-based image clustering},
  author={Ren, Yazhou and Wang, Ni and Li, Mingxia and Xu, Zenglin},
  journal={Knowledge-Based Systems},
  volume={197},
  pages={105841},
  year={2020},
  publisher={Elsevier}
}


@article{zhou:2022:survey1,
  title={A comprehensive survey on deep clustering: Taxonomy, challenges, and future directions},
  author={Zhou, Sheng and Xu, Hongjia and Zheng, Zhuonan and Chen, Jiawei and Li, Zhao and Bu, Jiajun and Wu, Jia and Wang, Xin and Zhu, Wenwu and Ester, Martin},
  journal={ACM Computing Surveys},
  year={2024},
  publisher={ACM New York, NY}
}

@inproceedings{buesing2020approximate,
  title={{Approximate inference in discrete distributions with Monte Carlo tree search and value functions}},
  author={Buesing, Lars and Heess, Nicolas and Weber, Theophane},
  booktitle={International Conference on Artificial Intelligence and Statistics},
  pages={624--634},
  year={2020},
  organization={PMLR}
}


@inproceedings{zhang2022generative,
  title={Generative flow networks for discrete probabilistic modeling},
  author={Zhang, Dinghuai and Malkin, Nikolay and Liu, Zhen and Volokhova, Alexandra and Courville, Aaron and Bengio, Yoshua},
  booktitle={International Conference on Machine Learning},
  pages={26412--26428},
  year={2022},
  organization={PMLR}
}


@book{ronald1971dynamic,
  title={Dynamic Probabilistic Systems, Vol. II: Semi-Markov and Decision Processes.},
  author={Ronald, A Howard},
  year={1971},
  publisher={John Wiley and Sons, Inc.}
}

@inproceedings{tiapkin2024generative,
  title={{Generative flow networks as entropy-regularized RL}},
  author={Tiapkin, Daniil and Morozov, Nikita and Naumov, Alexey and Vetrov, Dmitry P},
  booktitle={International Conference on Artificial Intelligence and Statistics},
  pages={4213--4221},
  year={2024},
  organization={PMLR}
}

@article{ren2024deep,
  title={Deep clustering: A comprehensive survey},
  author={Ren, Yazhou and Pu, Jingyu and Yang, Zhimeng and Xu, Jie and Li, Guofeng and Pu, Xiaorong and Philip, S Yu and He, Lifang},
  journal={IEEE Transactions on Neural Networks and Learning Systems},
  year={2024},
  publisher={IEEE}
}

@article{malkin2022trajectory,
  title={Trajectory balance: Improved credit assignment in gflownets},
  author={Malkin, Nikolay and Jain, Moksh and Bengio, Emmanuel and Sun, Chen and Bengio, Yoshua},
  journal={Advances in Neural Information Processing Systems},
  volume={35},
  pages={5955--5967},
  year={2022}
}

@article{hinton2002training,
  title={Training products of experts by minimizing contrastive divergence},
  author={Hinton, Geoffrey E},
  journal={Neural computation},
  volume={14},
  number={8},
  pages={1771--1800},
  year={2002},
  publisher={MIT Press}
}


@article{Russakovsky:IJCV:2015:imagenet,
  title={Imagenet large scale visual recognition challenge},
  author={Russakovsky, Olga and Deng, Jia and Su, Hao and Krause, Jonathan and Satheesh, Sanjeev and Ma, Sean and Huang, Zhiheng and Karpathy, Andrej and Khosla, Aditya and Bernstein, Michael and others},
  journal={IJCV},
  year={2015},
  publisher={Springer}
}


@inproceedings{caron:DINO:2021,
  title={Emerging properties in self-supervised vision transformers},
  author={Caron, Mathilde and Touvron, Hugo and Misra, Ishan and J{\'e}gou, Herv{\'e} and Mairal, Julien and Bojanowski, Piotr and Joulin, Armand},
  booktitle={Proceedings of the IEEE/CVF international conference on computer vision},
  pages={9650--9660},
  year={2021}
}



@article{xiao:2017:FMNIST,
  title={Fashion-mnist: a novel image dataset for benchmarking machine learning algorithms},
  author={Xiao, Han and Rasul, Kashif and Vollgraf, Roland},
  journal={arXiv preprint arXiv:1708.07747},
  year={2017}
}



@inproceedings{yang:2016:JULE,
  title={Joint unsupervised learning of deep representations and image clusters},
  author={Yang, Jianwei and Parikh, Devi and Batra, Dhruv},
  booktitle={Proceedings of the IEEE conference on computer vision and pattern recognition},
  pages={5147--5156},
  year={2016}
}


@article{liu:2022:AMCP,
  title={Amortized mixing coupling processes for clustering},
  author={Liu, Huafeng and Jing, Liping},
  journal={Advances in Neural Information Processing Systems},
  volume={35},
  pages={11714--11725},
  year={2022}
}


@inproceedings{liu:2021:CHiGAC,
  title={Cluster-wise hierarchical generative model for deep amortized clustering. In 2021 IEEE},
  author={Liu, H and Wang, J and Jing, L},
  booktitle={CVF Conference on Computer Vision and Pattern Recognition (CVPR)},
  pages={15104--15113},
  year={2021}
}


@article{fahad:2014:NMI_ARI,
  title={A survey of clustering algorithms for big data: Taxonomy and empirical analysis},
  author={Fahad, Adil and Alshatri, Najlaa and Tari, Zahir and Alamri, Abdullah and Khalil, Ibrahim and Zomaya, Albert Y and Foufou, Sebti and Bouras, Abdelaziz},
  journal={IEEE transactions on emerging topics in computing},
  volume={2},
  number={3},
  pages={267--279},
  year={2014},
  publisher={IEEE}
}


@inproceedings{malkin:2022:GFlowNets_VI,
  title={GFlowNets and variational inference},
  author={Malkin, Nikolay and Lahlou, Salem and Deleu, Tristan and Ji, Xu and Hu, Edward and Everett, Katie and Zhang, Dinghuai and Bengio, Yoshua},
  booktitle={The Eleventh International Conference on Learning Representations},
  year={2023}
}


@inproceedings{pakman2020neural,
  title={Neural Permutation Processes},
  author={Pakman, Ari and Wang, Yueqi and Paninski, Liam},
  booktitle={Symposium on Advances in Approximate Bayesian Inference},
  pages={1--7},
  year={2020},
  organization={PMLR}
}

@inproceedings{jain2022biological,
  title={Biological sequence design with gflownets},
  author={Jain, Moksh and Bengio, Emmanuel and Hernandez-Garcia, Alex and Rector-Brooks, Jarrid and Dossou, Bonaventure FP and Ekbote, Chanakya Ajit and Fu, Jie and Zhang, Tianyu and Kilgour, Michael and Zhang, Dinghuai and others},
  booktitle={International Conference on Machine Learning},
  pages={9786--9801},
  year={2022},
  organization={PMLR}
}


@article{chang2013parallel,
  title={Parallel sampling of DP mixture models using sub-cluster splits},
  author={Chang, Jason and Fisher III, John W},
  journal={Advances in Neural Information Processing Systems},
  volume={26},
  year={2013}
}

@inproceedings{huamortizing,
  title={Amortizing intractable inference in large language models},
  author={Hu, Edward J and Jain, Moksh and Elmoznino, Eric and Kaddar, Younesse and Lajoie, Guillaume and Bengio, Yoshua and Malkin, Nikolay},
  booktitle={The Twelfth International Conference on Learning Representations},
  year={2024}
}


@inproceedings{deleudiscrete,
  title={Discrete Probabilistic Inference as Control in Multi-path Environments},
  author={Deleu, Tristan and Nouri, Padideh and Malkin, Nikolay and Precup, Doina and Bengio, Yoshua},
  booktitle={The 40th Conference on Uncertainty in Artificial Intelligence},
 year={2024}
}

@inproceedings{mena2018learning,
  title={Learning Latent Permutations with Gumbel-Sinkhorn Networks},
  author={Mena, Gonzalo and Belanger, David and Linderman, Scott and Snoek, Jasper},
  booktitle={International Conference on Learning Representations},
  year={2018}
}

@inproceedings{maddison2017concrete,
  title={The concrete distribution: A continuous relaxation of discrete random variables},
  author={Maddison, C and Mnih, A and Teh, Y},
  booktitle={Proceedings of the international conference on learning Representations},
  year={2017},
  organization={International Conference on Learning Representations}
}

@inproceedings{jang2017categorical,
  title={Categorical Reparametrization with Gumble-Softmax},
  author={Jang, Eric and Gu, Shixiang and Poole, Ben},
  booktitle={International Conference on Learning Representations (ICLR 2017)},
  year={2017},
organization={International Conference on Learning Representations}
}

@book{pitman_csp,
  address = {Berlin},
  author = {Pitman, J.},
  publisher = {Springer-Verlag},
  series = {Lecture Notes in Mathematics},
  title = {Combinatorial stochastic processes},
  year = 2006
}





@inproceedings{nalisnick2016stick,
  title={Stick-Breaking Variational Autoencoders},
  author={Nalisnick, Eric and Smyth, Padhraic},
  booktitle={International Conference on Learning Representations},
  year={2017}
}


@inproceedings{jiang2016variational,
  title={Variational deep embedding: An unsupervised generative approach to Clustering},
  author={Jiang, Zhuxi and Zheng, Yin and Tan, Huachun and Tang, Bangsheng and Zhou, Hanning},
  booktitle={26th International Joint Conference on Artificial Intelligence, IJCAI 2017},
  pages={1965--1972},
  year={2017},
  organization={International Joint Conferences on Artificial Intelligence}
}


@inproceedings{madan2023learning,
  title={Learning gflownets from partial episodes for improved convergence and stability},
  author={Madan, Kanika and Rector-Brooks, Jarrid and Korablyov, Maksym and Bengio, Emmanuel and Jain, Moksh and Nica, Andrei Cristian and Bosc, Tom and Bengio, Yoshua and Malkin, Nikolay},
  booktitle={International Conference on Machine Learning},
  pages={23467--23483},
  year={2023},
  organization={PMLR}
}


@inproceedings{Chang:NIPS:2013:ParallelSamplerDP,
  title={Parallel sampling of {DP} mixture models using sub-cluster splits},
  author={Chang, Jason and Fisher III, John W},
  booktitle={NIPS},
  year={2013}
}


@article{dinari2022cpu,
  title={CPU-and GPU-based Distributed Sampling in Dirichlet Process Mixtures for Large-scale Analysis},
  author={Dinari, Or and Zamir, Raz and Fisher III, John W and Freifeld, Oren},
  journal={arXiv preprint arXiv:2204.08988},
  year={2022}
}

