@inproceedings{langley00,
 author    = {P. Langley},
 title     = {Crafting Papers on Machine Learning},
 year      = {2000},
 pages     = {1207--1216},
 editor    = {Pat Langley},
 booktitle     = {Proceedings of the 17th International Conference
              on Machine Learning (ICML 2000)},
 address   = {Stanford, CA},
 publisher = {Morgan Kaufmann}
}

@TechReport{mitchell80,
  author = 	 "T. M. Mitchell",
  title = 	 "The Need for Biases in Learning Generalizations",
  institution =  "Computer Science Department, Rutgers University",
  year = 	 "1980",
  address =	 "New Brunswick, MA",
}

@phdthesis{kearns89,
  author = {M. J. Kearns},
  title =  {Computational Complexity of Machine Learning},
  school = {Department of Computer Science, Harvard University},
  year =   {1989}
}

@Book{MachineLearningI,
  editor = 	 "R. S. Michalski and J. G. Carbonell and T.
		  M. Mitchell",
  title = 	 "Machine Learning: An Artificial Intelligence
		  Approach, Vol. I",
  publisher = 	 "Tioga",
  year = 	 "1983",
  address =	 "Palo Alto, CA"
}

@Book{DudaHart2nd,
  author =       "R. O. Duda and P. E. Hart and D. G. Stork",
  title =        "Pattern Classification",
  publisher =    "John Wiley and Sons",
  edition =      "2nd",
  year =         "2000"
}

@misc{anonymous,
  title= {Suppressed for Anonymity},
  author= {Author, N. N.},
  year= {2021}
}

@InCollection{Newell81,
  author =       "A. Newell and P. S. Rosenbloom",
  title =        "Mechanisms of Skill Acquisition and the Law of
                  Practice", 
  booktitle =    "Cognitive Skills and Their Acquisition",
  pages =        "1--51",
  publisher =    "Lawrence Erlbaum Associates, Inc.",
  year =         "1981",
  editor =       "J. R. Anderson",
  chapter =      "1",
  address =      "Hillsdale, NJ"
}


@Article{Samuel59,
  author = 	 "A. L. Samuel",
  title = 	 "Some Studies in Machine Learning Using the Game of
		  Checkers",
  journal =	 "IBM Journal of Research and Development",
  year =	 "1959",
  volume =	 "3",
  number =	 "3",
  pages =	 "211--229"
}

@String(PAMI = {IEEE Trans. Pattern Anal. Mach. Intell.})
@String(IJCV = {Int. J. Comput. Vis.})
@String(CVPR= {IEEE Conf. Comput. Vis. Pattern Recog.})
@String(ICCV= {Int. Conf. Comput. Vis.})
@String(ECCV= {Eur. Conf. Comput. Vis.})
@String(NIPS= {Adv. Neural Inform. Process. Syst.})
@String(ICPR = {Int. Conf. Pattern Recog.})
@String(BMVC= {Brit. Mach. Vis. Conf.})
@String(TOG= {ACM Trans. Graph.})
@String(TIP  = {IEEE Trans. Image Process.})
@String(TVCG  = {IEEE Trans. Vis. Comput. Graph.})
@String(TMM  = {IEEE Trans. Multimedia})
@String(ACMMM= {ACM Int. Conf. Multimedia})
@String(ICME = {Int. Conf. Multimedia and Expo})
@String(ICASSP=	{ICASSP})
@String(ICIP = {IEEE Int. Conf. Image Process.})
@String(ACCV  = {ACCV})
@String(ICLR = {Int. Conf. Learn. Represent.})
@String(IJCAI = {IJCAI})
@String(PR   = {Pattern Recognition})
@String(AAAI = {AAAI})
@String(CVPRW= {IEEE Conf. Comput. Vis. Pattern Recog. Worksh.})
@String(CSVT = {IEEE Trans. Circuit Syst. Video Technol.})

@String(SPL	= {IEEE Sign. Process. Letters})
@String(VR   = {Vis. Res.})
@String(JOV	 = {J. Vis.})
@String(TVC  = {The Vis. Comput.})
@String(JCST  = {J. Comput. Sci. Tech.})
@String(CGF  = {Comput. Graph. Forum})
@String(CVM = {Computational Visual Media})


@String(PAMI  = {IEEE TPAMI})
@String(IJCV  = {IJCV})
@String(CVPR  = {CVPR})
@String(ICCV  = {ICCV})
@String(ECCV  = {ECCV})
@String(NIPS  = {NeurIPS})
@String(ICPR  = {ICPR})
@String(BMVC  =	{BMVC})
@String(TOG   = {ACM TOG})
@String(TIP   = {IEEE TIP})
@String(TVCG  = {IEEE TVCG})
@String(TCSVT = {IEEE TCSVT})
@String(TMM   =	{IEEE TMM})
@String(ACMMM = {ACM MM})
@String(ICME  =	{ICME})
@String(ICASSP=	{ICASSP})
@String(ICIP  = {ICIP})
@String(ACCV  = {ACCV})
@String(ICLR  = {ICLR})
@String(IJCAI = {IJCAI})
@String(PR = {PR})
@String(AAAI = {AAAI})
@String(CVPRW= {CVPRW})
@String(CSVT = {IEEE TCSVT})



@article{OmniParser,
  author    = {Yadong Lu and Jianwei Yang and Yelong Shen and Ahmed Awadallah},
  title     = {OmniParser},
  journal   = {arXiv preprint arXiv:2408.00203},
  year      = {2024},
  archivePrefix = {arXiv},
  eprint    = {2408.00203},
  primaryClass = {cs.CV}
}
@article{blip2,
  title={BLIP-2: Bootstrapping Language-Image Pre-training with Frozen Image Encoders and Large Language Models},
  author={Li, Junnan and Li, Dongxu and Savarese, Silvio and Hoi, Steven},
  journal={arXiv preprint arXiv:2301.12597},
  year={2023}
}

@software{yolov8_ultralytics,
  author = {Glenn Jocher and Ayush Chaurasia and Jing Qiu},
  title = {Ultralytics YOLOv8},
  version = {8.0.0},
  year = {2023},
  url = {https://github.com/ultralytics/ultralytics},
  orcid = {0000-0001-5950-6979, 0000-0002-7603-6750, 0000-0003-3783-7069},
  license = {AGPL-3.0}
}





@article{Brown2020LanguageMA,
  title={Language Models are Few-Shot Learners},
  author={Tom B. Brown and Benjamin Mann and Nick Ryder and Melanie Subbiah and Jared Kaplan and Prafulla Dhariwal and Arvind Neelakantan and Pranav Shyam and Girish Sastry and Amanda Askell and Sandhini Agarwal and Ariel Herbert-Voss and Gretchen Krueger and Tom Henighan and Rewon Child and Aditya Ramesh and Daniel M. Ziegler and Jeff Wu and Clemens Winter and Christopher Hesse and Mark Chen and Eric Sigler and Ma-teusz Litwin and Scott Gray and Benjamin Chess and Jack Clark and Christopher Berner and Sam McCandlish and Alec Radford and Ilya Sutskever and Dario Amodei},
  journal={ArXiv},
  year={2020},
  volume={abs/2005.14165},
  url={https://api.semanticscholar.org/CorpusID:218971783}
}
@article{Chowdhery2022PaLMSL,
  title={PaLM: Scaling Language Modeling with Pathways},
  author={Aakanksha Chowdhery and Sharan Narang and Jacob Devlin and Maarten Bosma and Gaurav Mishra and Adam Roberts and others },
  journal={ArXiv},
  year={2022},
  volume={abs/2204.02311},
  url={https://api.semanticscholar.org/CorpusID:247951931}
}
@inproceedings{Achiam2023GPT4TR,
  title={GPT-4 Technical Report},
  author={OpenAI Josh Achiam and Steven Adler and Sandhini Agarwal and Lama Ahmad and Ilge Akkaya and Florencia Leoni Aleman and others},
  year={2023},
  url={https://api.semanticscholar.org/CorpusID:257532815}
}
@article{Reid2024Gemini1U,
  title={Gemini 1.5: Unlocking multimodal understanding across millions of tokens of context},
  author={Machel Reid and Nikolay Savinov and Denis Teplyashin and Dmitry Lepikhin and Timothy P. Lillicrap and Jean-Baptiste Alayrac and others},
  journal={ArXiv},
  year={2024},
  volume={abs/2403.05530},
  url={https://api.semanticscholar.org/CorpusID:268297180}
}


@misc{geminiteam2024geminifamilyhighlycapable,
      title={Gemini: A Family of Highly Capable Multimodal Models}, 
      author={Gemini Team and Rohan Anil and Sebastian Borgeaud and Jean-Baptiste Alayrac and Jiahui Yu and Radu Soricut and others},
      year={2024},
      eprint={2312.11805},
      archivePrefix={arXiv},
      primaryClass={cs.CL},
      url={https://arxiv.org/abs/2312.11805}, 
}

@misc{claude3.5,
  author = {Anthropic},
  title = {Introducing Claude 3.5},
  url = {https://www-cdn.anthropic.com/fed9cc193a14b84131812372d8d5857f8f304c52/Model_Card_Claude_3_Addendum.pdf},
  year = {2023}, 
}

@misc{gpt4o,
    author = {OpenAI},
    title = {"Hello GPT-4o."},
    url = {https://openai.com/index/hello-gpt-4o/},
    year = {June, 2024},
}

@misc{claude,
  author = {Anthropic},
  title = {Introducing Claude 3},
  url = {https://www-cdn.anthropic.com/de8ba9b01c9ab7cbabf5c33b80b7bbc618857627/Model_Card_Claude_3.pdf},
  year = {2024}, 
}

@article{liu2024visual,
  title={Visual instruction tuning},
  author={Liu, Haotian and Li, Chunyuan and Wu, Qingyang and Lee, Yong Jae},
  journal={Advances in neural information processing systems},
  volume={36},
  year={2024}
}

@article{Wang2023CogVLMVE,
  title={CogVLM: Visual Expert for Pretrained Language Models},
  author={Weihan Wang and Qingsong Lv and Wenmeng Yu and Wenyi Hong and Ji Qi and Yan Wang and Junhui Ji and Zhuoyi Yang and Lei Zhao and Xixuan Song and Jiazheng Xu and Bin Xu and Juanzi Li and Yuxiao Dong and Ming Ding and Jie Tang},
  journal={ArXiv},
  year={2023},
  volume={abs/2311.03079},
  url={https://api.semanticscholar.org/CorpusID:265034288}
}

@article{Bai2023QwenVLAF,
  title={Qwen-VL: A Frontier Large Vision-Language Model with Versatile Abilities},
  author={Jinze Bai and Shuai Bai and Shusheng Yang and Shijie Wang and Sinan Tan and Peng Wang and Junyang Lin and Chang Zhou and Jingren Zhou},
  journal={ArXiv},
  year={2023},
  volume={abs/2308.12966},
  url={https://api.semanticscholar.org/CorpusID:263875678}
}

@article{Yue2023MMMUAM,
  title={MMMU: A Massive Multi-Discipline Multimodal Understanding and Reasoning Benchmark for Expert AGI},
  author={Xiang Yue and Yuansheng Ni and Kai Zhang and Tianyu Zheng and Ruoqi Liu and Ge Zhang and Samuel Stevens and Dongfu Jiang and Weiming Ren and Yuxuan Sun and Cong Wei and Botao Yu and Ruibin Yuan and Renliang Sun and Ming Yin and Boyuan Zheng and Zhenzhu Yang and Yibo Liu and Wenhao Huang and Huan Sun and Yu Su and Wenhu Chen},
  journal={2024 IEEE/CVF Conference on Computer Vision and Pattern Recognition (CVPR)},
  year={2023},
  pages={9556-9567},
  url={https://api.semanticscholar.org/CorpusID:265466525}
}

@article{Zhong2023AGIEvalAH,
  title={AGIEval: A Human-Centric Benchmark for Evaluating Foundation Models},
  author={Wanjun Zhong and Ruixiang Cui and Yiduo Guo and Yaobo Liang and Shuai Lu and Yanlin Wang and Amin Saied Sanosi Saied and Weizhu Chen and Nan Duan},
  journal={ArXiv},
  year={2023},
  volume={abs/2304.06364},
  url={https://api.semanticscholar.org/CorpusID:258108259}
}

@inproceedings{Lu2023MathVistaEM,
  title={MathVista: Evaluating Mathematical Reasoning of Foundation Models in Visual Contexts},
  author={Pan Lu and Hritik Bansal and Tony Xia and Jiacheng Liu and Chun-yue Li and Hannaneh Hajishirzi and Hao Cheng and Kai-Wei Chang and Michel Galley and Jianfeng Gao},
  booktitle={International Conference on Learning Representations},
  year={2023},
  url={https://api.semanticscholar.org/CorpusID:264491155}
}

@article{Masry2022ChartQAAB,
  title={ChartQA: A Benchmark for Question Answering about Charts with Visual and Logical Reasoning},
  author={Ahmed Masry and Do Xuan Long and Jia Qing Tan and Shafiq R. Joty and Enamul Hoque},
  journal={ArXiv},
  year={2022},
  volume={abs/2203.10244},
  url={https://api.semanticscholar.org/CorpusID:247593713}
}

@article{Yang2023TheDO,
  title={The Dawn of LMMs: Preliminary Explorations with GPT-4V(ision)},
  author={Zhengyuan Yang and Linjie Li and Kevin Lin and Jianfeng Wang and Chung-Ching Lin and Zicheng Liu and Lijuan Wang},
  journal={ArXiv},
  year={2023},
  volume={abs/2309.17421},
  url={https://api.semanticscholar.org/CorpusID:263310951}
}

@inproceedings{
singh2024visual,
title={{VISUAL} {PROMPTING} {METHODS} {FOR} {GPT}-4V {BASED} {ZERO}-{SHOT} {GRAPHIC} {LAYOUT} {DESIGN} {GENERATION}},
author={Kunal Singh and Mukund Khanna and Ankan Biswas and Pradeep Moturi and Shivam},
booktitle={The Second Tiny Papers Track at ICLR 2024},
year={2024},
url={https://openreview.net/forum?id=DI4gETm7aa}
}


@inproceedings{You2024FerretUIGM,
  title={Ferret-UI: Grounded Mobile UI Understanding with Multimodal LLMs},
  author={Keen You and Haotian Zhang and Eldon Schoop and Floris Weers and Amanda Swearngin and Jeffrey Nichols and Yinfei Yang and Zhe Gan},
  booktitle={European Conference on Computer Vision},
  year={2024},
  url={https://api.semanticscholar.org/CorpusID:269005503}
}

@inproceedings{Cheng2024SeeClickHG,
  title={SeeClick: Harnessing GUI Grounding for Advanced Visual GUI Agents},
  author={Kanzhi Cheng and Qiushi Sun and Yougang Chu and Fangzhi Xu and Yantao Li and Jianbing Zhang and Zhiyong Wu},
  booktitle={Annual Meeting of the Association for Computational Linguistics},
  year={2024},
  url={https://api.semanticscholar.org/CorpusID:267069082}
}

@article{Wang2024MobileAgentAM,
  title={Mobile-Agent: Autonomous Multi-Modal Mobile Device Agent with Visual Perception},
  author={Junyang Wang and Haiyang Xu and Jiabo Ye and Mingshi Yan and Weizhou Shen and Ji Zhang and Fei Huang and Jitao Sang},
  journal={ArXiv},
  year={2024},
  volume={abs/2401.16158},
  url={https://api.semanticscholar.org/CorpusID:267311877}
}

@article{Bai2024DigiRLTI,
  title={DigiRL: Training In-The-Wild Device-Control Agents with Autonomous Reinforcement Learning},
  author={Hao Bai and Yifei Zhou and Mert Cemri and Jiayi Pan and Alane Suhr and Sergey Levine and Aviral Kumar},
  journal={ArXiv},
  year={2024},
  volume={abs/2406.11896},
  url={https://api.semanticscholar.org/CorpusID:270562229}
}

@inproceedings{
  shaw2023pixels,
  title={From Pixels to UI Actions: Learning to Follow Instructions via Graphical User Interfaces},
  author={Shaw, Peter and Joshi, Mandar and Cohan, James and Berant, Jonathan and Pasupat, Panupong and Hu, Hexiang and Khandelwal, Urvashi and Lee, Kenton and Toutanova, Kristina},
  booktitle={Advances in Neural Information Processing Systems},
  year={2023},
  url={https://arxiv.org/abs/2306.00245}
}

@article{Furuta2023MultimodalWN,
  title={Multimodal Web Navigation with Instruction-Finetuned Foundation Models},
  author={Hiroki Furuta and Ofir Nachum and Kuang-Huei Lee and Yutaka Matsuo and Shixiang Shane Gu and Izzeddin Gur},
  journal={ArXiv},
  year={2023},
  volume={abs/2305.11854},
  url={https://api.semanticscholar.org/CorpusID:258823350}
}

@article{Hong2023CogAgentAV,
  title={CogAgent: A Visual Language Model for GUI Agents},
  author={Wenyi Hong and Weihan Wang and Qingsong Lv and Jiazheng Xu and Wenmeng Yu and Junhui Ji and Yan Wang and Zihan Wang and Yuxuan Zhang and Juan-Zi Li and Bin Xu and Yuxiao Dong and Ming Ding and Jie Tang},
  journal={ArXiv},
  year={2023},
  volume={abs/2312.08914},
  url={https://api.semanticscholar.org/CorpusID:273102270}
}

@misc{fuyu-8b,
  author = {Bavishi, Rohan and Elsen, Erich and Hawthorne, Curtis and Nye, Maxwell and Odena, Augustus and Somani, Arushi and  Ta\c{s}\i{}rlar, Sa\u{g}nak},
  title = {Introducing our Multimodal Models},
  url = {https://www.adept.ai/blog/fuyu-8b},
  year = {2023}
}

@misc{OSWorld,
      title={OSWorld: Benchmarking Multimodal Agents for Open-Ended Tasks in Real Computer Environments},
      author={Tianbao Xie and Danyang Zhang and Jixuan Chen and Xiaochuan Li and Siheng Zhao and Ruisheng Cao and Toh Jing Hua and Zhoujun Cheng and Dongchan Shin and Fangyu Lei and Yitao Liu and Yiheng Xu and Shuyan Zhou and Silvio Savarese and Caiming Xiong and Victor Zhong and Tao Yu},
      year={2024},
      eprint={2404.07972},
      archivePrefix={arXiv},
      primaryClass={cs.AI}
}


@InProceedings{pmlr-v70-shi17a,
  title = 	 {World of Bits: An Open-Domain Platform for Web-Based Agents},
  author =       {Tianlin Shi and Andrej Karpathy and Linxi Fan and Jonathan Hernandez and Percy Liang},
  booktitle = 	 {Proceedings of the 34th International Conference on Machine Learning},
  pages = 	 {3135--3144},
  year = 	 {2017},
  editor = 	 {Precup, Doina and Teh, Yee Whye},
  volume = 	 {70},
  series = 	 {Proceedings of Machine Learning Research},
  month = 	 {06--11 Aug},
  publisher =    {PMLR},
  pdf = 	 {http://proceedings.mlr.press/v70/shi17a/shi17a.pdf},
  url = 	 {https://proceedings.mlr.press/v70/shi17a.html},
  abstract = 	 {While simulated game environments have greatly accelerated research in reinforcement learning, existing environments lack the open-domain realism of tasks in computer vision or natural language processing, which operate on artifacts created by humans in natural, organic settings. To foster reinforcement learning research in such settings, we introduce the World of Bits (WoB), a platform in which agents complete tasks on the Internet by performing low-level keyboard and mouse actions. The two main challenges are: (i) to curate a large, diverse set of interesting web-based tasks, and (ii) to ensure that these tasks have a well-defined reward structure and are reproducible despite the transience of the web. To do this, we develop a methodology in which crowdworkers create tasks defined by natural language questions and provide demonstrations of how to answer the question on real websites using keyboard and mouse; HTTP traffic is cached to create a reproducible offline approximation of the web site. Finally, we show that agents trained via behavioral cloning and reinforcement learning can successfully complete a range of our web-based tasks.}
}

@article{Liu2018ReinforcementLO,
  title={Reinforcement Learning on Web Interfaces Using Workflow-Guided Exploration},
  author={Evan Zheran Liu and Kelvin Guu and Panupong Pasupat and Tianlin Shi and Percy Liang},
  journal={ArXiv},
  year={2018},
  volume={abs/1802.08802},
  url={https://api.semanticscholar.org/CorpusID:3530344}
}

@article{Gur2018LearningTN,
  title={Learning to Navigate the Web},
  author={Izzeddin Gur and Ulrich R{\"u}ckert and Aleksandra Faust and Dilek Z. Hakkani-T{\"u}r},
  journal={ArXiv},
  year={2018},
  volume={abs/1812.09195},
  url={https://api.semanticscholar.org/CorpusID:56657805}
}

@article{Li2020MappingNL,
  title={Mapping Natural Language Instructions to Mobile UI Action Sequences},
  author={Yang Li and Jiacong He and Xiaoxia Zhou and Yuan Zhang and Jason Baldridge},
  journal={ArXiv},
  year={2020},
  volume={abs/2005.03776},
  url={https://api.semanticscholar.org/CorpusID:218571167}
}

@article{Wang2021Screen2WordsAM,
  title={Screen2Words: Automatic Mobile UI Summarization with Multimodal Learning},
  author={Bryan Wang and Gang Li and Xin Zhou and Zhourong Chen and Tovi Grossman and Yang Li},
  journal={The 34th Annual ACM Symposium on User Interface Software and Technology},
  year={2021},
  url={https://api.semanticscholar.org/CorpusID:236957064}
}

@inproceedings{Li2020WidgetCG,
  title={Widget Captioning: Generating Natural Language Description for Mobile User Interface Elements},
  author={Y. Li and Gang Li and Luheng He and Jingjie Zheng and Hong Li and Zhiwei Guan},
  booktitle={Conference on Empirical Methods in Natural Language Processing},
  year={2020},
  url={https://api.semanticscholar.org/CorpusID:222272319}
}

@inproceedings{He2020ActionBertLU,
  title={ActionBert: Leveraging User Actions for Semantic Understanding of User Interfaces},
  author={Zecheng He and Srinivas Sunkara and Xiaoxue Zang and Ying Xu and Lijuan Liu and Nevan Wichers and Gabriel Schubiner and Ruby B. Lee and Jindong Chen},
  booktitle={AAAI Conference on Artificial Intelligence},
  year={2020},
  url={https://api.semanticscholar.org/CorpusID:229363676}
}

@inproceedings{Bai2021UIBertLG,
  title={UIBert: Learning Generic Multimodal Representations for UI Understanding},
  author={Chongyang Bai and Xiaoxue Zang and Ying Xu and Srinivas Sunkara and Abhinav Rastogi and Jindong Chen and Blaise Ag{\"u}era y Arcas},
  booktitle={International Joint Conference on Artificial Intelligence},
  year={2021},
  url={https://api.semanticscholar.org/CorpusID:236493482}
}

@article{Wu2021ScreenPT,
  title={Screen Parsing: Towards Reverse Engineering of UI Models from Screenshots},
  author={Jason Wu and Xiaoyi Zhang and Jeffrey Nichols and Jeffrey P. Bigham},
  journal={The 34th Annual ACM Symposium on User Interface Software and Technology},
  year={2021},
  url={https://api.semanticscholar.org/CorpusID:237571719}
}

@article{Zhang2021ScreenRC,
  title={Screen Recognition: Creating Accessibility Metadata for Mobile Applications from Pixels},
  author={Xiaoyi Zhang and Lilian de Greef and Amanda Swearngin and Samuel White and Kyle I. Murray and Lisa Yu and Qi Shan and Jeffrey Nichols and Jason Wu and Chris Fleizach and Aaron Everitt and Jeffrey P. Bigham},
  journal={Proceedings of the 2021 CHI Conference on Human Factors in Computing Systems},
  year={2021},
  url={https://api.semanticscholar.org/CorpusID:231592643}
}

@article{Chen2020ObjectDF,
  title={Object detection for graphical user interface: old fashioned or deep learning or a combination?},
  author={Jieshan Chen and Mulong Xie and Zhenchang Xing and Chunyang Chen and Xiwei Xu and Liming Zhu and Guoqiang Li},
  journal={Proceedings of the 28th ACM Joint Meeting on European Software Engineering Conference and Symposium on the Foundations of Software Engineering},
  year={2020},
  url={https://api.semanticscholar.org/CorpusID:221103890}
}

@article{Chen2020UnblindYA,
  title={Unblind Your Apps: Predicting Natural-Language Labels for Mobile GUI Components by Deep Learning},
  author={Jieshan Chen and Chunyang Chen and Zhenchang Xing and Xiwei Xu and Liming Zhu and Guoqiang Li and Jinshui Wang},
  journal={2020 IEEE/ACM 42nd International Conference on Software Engineering (ICSE)},
  year={2020},
  pages={322-334},
  url={https://api.semanticscholar.org/CorpusID:211677644}
}



@article{Yan2023GPT4VIW,
  title={GPT-4V in Wonderland: Large Multimodal Models for Zero-Shot Smartphone GUI Navigation},
  author={An Yan and Zhengyuan Yang and Wanrong Zhu and Kevin Qinghong Lin and Linjie Li and Jianfeng Wang and Jianwei Yang and Yiwu Zhong and Julian J. McAuley and Jianfeng Gao and Zicheng Liu and Lijuan Wang},
  journal={ArXiv},
  year={2023},
  volume={abs/2311.07562},
  url={https://api.semanticscholar.org/CorpusID:265149992}
}


@article{zheng2023seeact,
    title={GPT-4V(ision) is a Generalist Web Agent, if Grounded},
    author={Boyuan Zheng and Boyu Gou and Jihyung Kil and Huan Sun and Yu Su},
    journal={arXiv preprint arXiv:2401.01614},
    year={2024},
}

@inproceedings{He2024WebVoyagerBA,
  title={WebVoyager: Building an End-to-End Web Agent with Large Multimodal Models},
  author={Hongliang He and Wenlin Yao and Kaixin Ma and Wenhao Yu and Yong Dai and Hongming Zhang and Zhenzhong Lan and Dong Yu},
  booktitle={Annual Meeting of the Association for Computational Linguistics},
  year={2024},
  url={https://api.semanticscholar.org/CorpusID:267211622}
}

@article{Zhang2023AppAgentMA,
  title={AppAgent: Multimodal Agents as Smartphone Users},
  author={China. Xiaoyan Zhang and Zhao Yang and Jiaxuan Liu and Yucheng Han and Xin Chen and Zebiao Huang and Bin Fu and Gang Yu},
  journal={ArXiv},
  year={2023},
  volume={abs/2312.13771},
  url={https://api.semanticscholar.org/CorpusID:266435868}
}

@article{Li2024AppAgentVA,
  title={AppAgent v2: Advanced Agent for Flexible Mobile Interactions},
  author={Yanda Li and Chi Zhang and Wanqi Yang and Bin Fu and Pei Cheng and Xin Chen and Ling Chen and Yunchao Wei},
  journal={ArXiv},
  year={2024},
  volume={abs/2408.11824},
  url={https://api.semanticscholar.org/CorpusID:271924381}
}



@article{Yao2022WebShopTS,
  title={WebShop: Towards Scalable Real-World Web Interaction with Grounded Language Agents},
  author={Shunyu Yao and Howard Chen and John Yang and Karthik Narasimhan},
  journal={ArXiv},
  year={2022},
  volume={abs/2207.01206},
  url={https://api.semanticscholar.org/CorpusID:250264533}
}

@article{Gur2023ARW,
  title={A Real-World WebAgent with Planning, Long Context Understanding, and Program Synthesis},
  author={Izzeddin Gur and Hiroki Furuta and Austin Huang and Mustafa Safdari and Yutaka Matsuo and Douglas Eck and Aleksandra Faust},
  journal={ArXiv},
  year={2023},
  volume={abs/2307.12856},
  url={https://api.semanticscholar.org/CorpusID:260126067}
}

@article{Deng2023Mind2WebTA,
  title={Mind2Web: Towards a Generalist Agent for the Web},
  author={Xiang Deng and Yu Gu and Boyuan Zheng and Shijie Chen and Samuel Stevens and Boshi Wang and Huan Sun and Yu Su},
  journal={ArXiv},
  year={2023},
  volume={abs/2306.06070},
  url={https://api.semanticscholar.org/CorpusID:259129428}
}

@article{zhou2023webarena,
  title={WebArena: A Realistic Web Environment for Building Autonomous Agents},
  author={Zhou, Shuyan and Xu, Frank F and Zhu, Hao and Zhou, Xuhui and Lo, Robert and Sridhar, Abishek and Cheng, Xianyi and Bisk, Yonatan and Fried, Daniel and Alon, Uri and others},
  journal={arXiv preprint arXiv:2307.13854},
  url={https://webarena.dev},
  year={2023}
}

@inproceedings{Sridhar2023HierarchicalPA,
  title={Hierarchical Prompting Assists Large Language Model on Web Navigation},
  author={Abishek Sridhar and Robert Lo and Frank F. Xu and Hao Zhu and Shuyan Zhou},
  booktitle={Conference on Empirical Methods in Natural Language Processing},
  year={2023},
  url={https://api.semanticscholar.org/CorpusID:258841249}
}

@article{Rawles2023AndroidIT,
  title={Android in the Wild: A Large-Scale Dataset for Android Device Control},
  author={Christopher Rawles and Alice Li and Daniel Rodriguez and Oriana Riva and Timothy P. Lillicrap},
  journal={ArXiv},
  year={2023},
  volume={abs/2307.10088},
  url={https://api.semanticscholar.org/CorpusID:259983067}
}

@article{Koh2024VisualWebArenaEM,
  title={VisualWebArena: Evaluating Multimodal Agents on Realistic Visual Web Tasks},
  author={Jing Yu Koh and Robert Lo and Lawrence Jang and Vikram Duvvur and Ming Chong Lim and Po-Yu Huang and Graham Neubig and Shuyan Zhou and Ruslan Salakhutdinov and Daniel Fried},
  journal={ArXiv},
  year={2024},
  volume={abs/2401.13649},
  url={https://api.semanticscholar.org/CorpusID:267199749}
}

@inproceedings{Jurmu2008ScreenSpotMR,
  title={ScreenSpot: multidimensional resource discovery for distributed applications in smart spaces},
  author={Marko Jurmu and Sebastian Boring and Jukka Riekki},
  booktitle={International Conference on Mobile and Ubiquitous Systems: Networking and Services},
  year={2008},
  url={https://api.semanticscholar.org/CorpusID:192633}
}

@article{Liu2024VisualWebBenchHF,
  title={VisualWebBench: How Far Have Multimodal LLMs Evolved in Web Page Understanding and Grounding?},
  author={Junpeng Liu and Yifan Song and Bill Yuchen Lin and Wai Lam and Graham Neubig and Yuanzhi Li and Xiang Yue},
  journal={ArXiv},
  year={2024},
  volume={abs/2404.05955},
  url={https://api.semanticscholar.org/CorpusID:269009925}
}

@article{SAM,
  title={Segment Anything},
  author={Kirillov, Alexander and Mintun, Eric and Ravi, Nikhila and Mao, Hanzi and Rolland, Chloe and Gustafson, Laura and Xiao, Tete and Whitehead, Spencer and Berg, Alexander C. and Lo, Wan-Yen and Doll{\'a}r, Piotr and Girshick, Ross},
  journal={arXiv:2304.02643},
  year={2023}
}

@misc{EasyOCR,
    title = "EasyOCR: Ready-to-use OCR with 80+ supported languages and all popular writing scripts including Latin, Chinese, Arabic, Devanagari, Cyrillic and etc",
    author = "JaidedAI",
    url={https://github.com/JaidedAI/EasyOCR}
}


@misc{wei2023chainofthoughtpromptingelicitsreasoning,
  title = {"Chain-of-Thought Prompting Elicits Reasoning in Large Language Models"},
  author = {Jason Wei and Xuezhi Wang and Dale Schuurmans and Maarten Bosma and Brian Ichter and Fei Xia and Ed Chi and Quoc Le and Denny Zhou},
  year = {2023},
  eprint = {2201.11903},
  archivePrefix = {arXiv},
  primaryClass = {cs.CL},
  url = {https://arxiv.org/abs/2201.11903}
}

@misc{yang2024sweagent,
      title={SWE-agent: Agent-Computer Interfaces Enable Automated Software Engineering},
      author={John Yang and Carlos E. Jimenez and Alexander Wettig and Kilian Lieret and Shunyu Yao and Karthik Narasimhan and Ofir Press},
      year={2024},
      eprint={2405.15793},
      archivePrefix={arXiv},
      primaryClass={cs.SE}
}
@article{Tang2023MedAgentsLL,
  title={MedAgents: Large Language Models as Collaborators for Zero-shot Medical Reasoning},
  author={Xiangru Tang and Anni Zou and Zhuosheng Zhang and Yilun Zhao and Xingyao Zhang and Arman Cohan and Mark B. Gerstein},
  journal={ArXiv},
  year={2023},
  volume={abs/2311.10537},
  url={https://api.semanticscholar.org/CorpusID:265281260}
}

@article{yao2022react,
  title={ReAct: Synergizing Reasoning and Acting in Language Models},
  author={Yao, Shunyu and Zhao, Jeffrey and Yu, Dian and Du, Nan and Shafran, Izhak and Narasimhan, Karthik and Cao, Yuan},
  journal={arXiv preprint arXiv:2210.03629},
  year={2022}
}

@inproceedings{hong2024metagpt,
      title={Meta{GPT}: Meta Programming for A Multi-Agent Collaborative Framework},
      author={Sirui Hong and Mingchen Zhuge and Jonathan Chen and Xiawu Zheng and Yuheng Cheng and Jinlin Wang and Ceyao Zhang and Zili Wang and Steven Ka Shing Yau and Zijuan Lin and Liyang Zhou and Chenyu Ran and Lingfeng Xiao and Chenglin Wu and J{\"u}rgen Schmidhuber},
      booktitle={The Twelfth International Conference on Learning Representations},
      year={2024},
      url={https://openreview.net/forum?id=VtmBAGCN7o}
}

@inproceedings{wu2024autogen,
author = {Wu, Qingyun and Bansal, Gagan and Zhang, Jieyu and Wu, Yiran and Li, Beibin and Zhu, Erkang (Eric) and Jiang, Li and Zhang, Xiaoyun and Zhang, Shaokun and Awadallah, Ahmed and White, Ryen W. and Burger, Doug and Wang, Chi},
title = {AutoGen: Enabling Next-Gen LLM Applications via Multi-Agent Conversation},
booktitle = {COLM 2024},
year = {2024},
month = {August},
abstract = {We present AutoGen, an open-source framework that allows developers to build LLM applications by composing multiple agents to converse with each other to accomplish tasks. AutoGen agents are customizable, conversable, and can operate in various modes that employ combinations of LLMs, human inputs, and tools. It also enables developers to create flexible agent behaviors and conversation patterns for different applications using both natural language and code. AutoGen serves as a generic infrastructure and is widely used by AI practitioners and researchers to build diverse applications of various complexities and LLM capacities. We demonstrate the framework’s effectiveness with several pilot applications, on domains ranging from mathematics and coding to question-answering, supply-chain optimization, online decision-making, and entertainment.},
url = {https://www.microsoft.com/en-us/research/publication/autogen-enabling-next-gen-llm-applications-via-multi-agent-conversation-framework/},
}


@misc{GPT-4V,
    author = {OpenAI},
    title = {"GPT-4V(ision) system card"},
    url = {https://openai.com/index/gpt-4v-system-card/},
    year = {June, 2024},
}

@inproceedings{
gou2024tora,
title={To{RA}: A Tool-Integrated Reasoning Agent for Mathematical Problem Solving},
author={Zhibin Gou and Zhihong Shao and Yeyun Gong and yelong shen and Yujiu Yang and Minlie Huang and Nan Duan and Weizhu Chen},
booktitle={The Twelfth International Conference on Learning Representations},
year={2024},
url={https://openreview.net/forum?id=Ep0TtjVoap}
}

@article{yang2023setofmark,
      title={Set-of-Mark Prompting Unleashes Extraordinary Visual Grounding in GPT-4V}, 
      author={Jianwei Yang and Hao Zhang and Feng Li and Xueyan Zou and Chunyuan Li and Jianfeng Gao},
      journal={arXiv preprint arXiv:2310.11441},
      year={2023},
}


@article{Xie2024OSWorldBM,
  title={OSWorld: Benchmarking Multimodal Agents for Open-Ended Tasks in Real Computer Environments},
  author={Tianbao Xie and Danyang Zhang and Jixuan Chen and Xiaochuan Li and Siheng Zhao and Ruisheng Cao and Toh Jing Hua and Zhoujun Cheng and Dongchan Shin and Fangyu Lei and Yitao Liu and Yiheng Xu and Shuyan Zhou and Silvio Savarese and Caiming Xiong and Victor Zhong and Tao Yu},
  journal={ArXiv},
  year={2024},
  volume={abs/2404.07972},
  url={https://api.semanticscholar.org/CorpusID:269042918}
}

@misc{rawles2023androidwildlargescaledataset,
      title={Android in the Wild: A Large-Scale Dataset for Android Device Control}, 
      author={Christopher Rawles and Alice Li and Daniel Rodriguez and Oriana Riva and Timothy Lillicrap},
      year={2023},
      eprint={2307.10088},
      archivePrefix={arXiv},
      primaryClass={cs.LG},
      url={https://arxiv.org/abs/2307.10088}, 
}

@misc{fan2024readpointedlayoutawaregui,
      title={Read Anywhere Pointed: Layout-aware GUI Screen Reading with Tree-of-Lens Grounding}, 
      author={Yue Fan and Lei Ding and Ching-Chen Kuo and Shan Jiang and Yang Zhao and Xinze Guan and Jie Yang and Yi Zhang and Xin Eric Wang},
      year={2024},
      eprint={2406.19263},
      archivePrefix={arXiv},
      primaryClass={cs.CL},
      url={https://arxiv.org/abs/2406.19263}, 
}

@misc{koh2024treesearchlanguagemodel,
      title={Tree Search for Language Model Agents}, 
      author={Jing Yu Koh and Stephen McAleer and Daniel Fried and Ruslan Salakhutdinov},
      year={2024},
      eprint={2407.01476},
      archivePrefix={arXiv},
      primaryClass={cs.AI},
      url={https://arxiv.org/abs/2407.01476}, 
}
@inproceedings{IconNet,
  author       = {Lei Shu and
                  Liangchen Luo and
                  Jayakumar Hoskere and
                  Yun Zhu and
                  Yinxiao Liu and
                  Simon Tong and
                  Jindong Chen and
                  Lei Meng},
  editor       = {Michael J. Wooldridge and
                  Jennifer G. Dy and
                  Sriraam Natarajan},
  title        = {RewriteLM: An Instruction-Tuned Large Language Model for Text Rewriting},
  booktitle    = {Thirty-Eighth {AAAI} Conference on Artificial Intelligence, {AAAI}
                  2024, Thirty-Sixth Conference on Innovative Applications of Artificial
                  Intelligence, {IAAI} 2024, Fourteenth Symposium on Educational Advances
                  in Artificial Intelligence, {EAAI} 2014, February 20-27, 2024, Vancouver,
                  Canada},
  pages        = {18970--18980},
  publisher    = {{AAAI} Press},
  year         = {2024},
  url          = {https://doi.org/10.1609/aaai.v38i17.29863},
  doi          = {10.1609/AAAI.V38I17.29863},
  timestamp    = {Tue, 02 Apr 2024 16:32:09 +0200},
  biburl       = {https://dblp.org/rec/conf/aaai/0004LHZLTCM24.bib},
  bibsource    = {dblp computer science bibliography, https://dblp.org}
}

@manual{Indika,
    key ={https://www.indikaai.com/} ,
    title = {Indika.ai} 
}


@article{Zhang2019BERTScoreET,
  title={BERTScore: Evaluating Text Generation with BERT},
  author={Tianyi Zhang and Varsha Kishore and Felix Wu and Kilian Q. Weinberger and Yoav Artzi},
  journal={ArXiv},
  year={2019},
  volume={abs/1904.09675},
  url={https://api.semanticscholar.org/CorpusID:127986044}
}

@inproceedings{Rouge,
author = {Lin, Chin-Yew},
year = {2004},
month = {01},
pages = {10},
title = {ROUGE: A Package for Automatic Evaluation of summaries},
journal = {Proceedings of the ACL Workshop: Text Summarization Braches Out 2004}
}

