@article{ajay2022conditional,
  title={Is conditional generative modeling all you need for decision-making?},
  author={Ajay, Anurag and Du, Yilun and Gupta, Abhi and Tenenbaum, Joshua and Jaakkola, Tommi and Agrawal, Pulkit},
  journal={arXiv preprint arXiv:2211.15657},
  year={2022}
}

@misc{chi2023diffusion,
      title={Diffusion Policy: Visuomotor Policy Learning via Action Diffusion}, 
      author={Cheng Chi and Siyuan Feng and Yilun Du and Zhenjia Xu and Eric Cousineau and Benjamin Burchfiel and Shuran Song},
      year={2023},
      eprint={2303.04137},
      archivePrefix={arXiv},
      primaryClass={cs.RO}
}

@inproceedings{christopher2024constrained,
  title={Constrained synthesis with projected diffusion models},
  author={Christopher, Jacob K and Baek, Stephen and Fioretto, Ferdinando},
  booktitle={The Thirty-eighth Annual Conference on Neural Information Processing Systems},
  year={2024}
}

@article{dhariwal2021diffusion,
  title={Diffusion models beat gans on image synthesis},
  author={Dhariwal, Prafulla and Nichol, Alexander},
  journal={Advances in neural information processing systems},
  volume={34},
  pages={8780--8794},
  year={2021}
}

@article{fishman2024metropolis,
  title={Metropolis sampling for constrained diffusion models},
  author={Fishman, Nic and Klarner, Leo and Mathieu, Emile and Hutchinson, Michael and De Bortoli, Valentin},
  journal={Advances in Neural Information Processing Systems},
  volume={36},
  year={2024}
}

@article{harvey2022flexible,
  title={Flexible diffusion modeling of long videos},
  author={Harvey, William and Naderiparizi, Saeid and Masrani, Vaden and Weilbach, Christian and Wood, Frank},
  journal={Advances in Neural Information Processing Systems},
  volume={35},
  pages={27953--27965},
  year={2022}
}

@article{ho2020denoising,
  title={Denoising Diffusion Probabilistic Models},
  author={Jonathan Ho and Ajay Jain and Pieter Abbeel},
  year={2020},
  journal={arXiv preprint arxiv:2006.11239}
}

@article{ho2022classifier,
  title={Classifier-free diffusion guidance},
  author={Ho, Jonathan and Salimans, Tim},
  journal={arXiv preprint arXiv:2207.12598},
  year={2022}
}

@article{ho2022video,
  title={Video diffusion models},
  author={Ho, Jonathan and Salimans, Tim and Gritsenko, Alexey and Chan, William and Norouzi, Mohammad and Fleet, David J},
  journal={Advances in Neural Information Processing Systems},
  volume={35},
  pages={8633--8646},
  year={2022}
}

@article{huang2024diffuseloco,
  title={DiffuseLoco: Real-Time Legged Locomotion Control with Diffusion from Offline Datasets},
  author={Huang, Xiaoyu and Chi, Yufeng and Wang, Ruofeng and Li, Zhongyu and Peng, Xue Bin and Shao, Sophia and Nikolic, Borivoje and Sreenath, Koushil},
  journal={arXiv preprint arXiv:2404.19264},
  year={2024}
}

@article{huang2024gen,
  title={Gen-Drive: Enhancing Diffusion Generative Driving Policies with Reward Modeling and Reinforcement Learning Fine-tuning},
  author={Huang, Zhiyu and Weng, Xinshuo and Igl, Maximilian and Chen, Yuxiao and Cao, Yulong and Ivanovic, Boris and Pavone, Marco and Lv, Chen},
  journal={arXiv preprint arXiv:2410.05582},
  year={2024}
}

@inproceedings{janner2022diffuser,
  title = {Planning with Diffusion for Flexible Behavior Synthesis},
  author = {Michael Janner and Yilun Du and Joshua Tenenbaum and Sergey Levine},
  booktitle = {International Conference on Machine Learning},
  year = {2022},
}

@article{kong2020diffwave,
  title={Diffwave: A versatile diffusion model for audio synthesis},
  author={Kong, Zhifeng and Ping, Wei and Huang, Jiaji and Zhao, Kexin and Catanzaro, Bryan},
  journal={arXiv preprint arXiv:2009.09761},
  year={2020}
}

@inproceedings{liu2023learning,
  title={Learning diffusion bridges on constrained domains},
  author={Liu, Xingchao and Wu, Lemeng},
  booktitle={international conference on learning representations (ICLR)},
  year={2023}
}

@article{liu2024mirror,
  title={Mirror diffusion models for constrained and watermarked generation},
  author={Liu, Guan-Horng and Chen, Tianrong and Theodorou, Evangelos and Tao, Molei},
  journal={Advances in Neural Information Processing Systems},
  volume={36},
  year={2024}
}

@inproceedings{lou2023reflected,
  title={Reflected diffusion models},
  author={Lou, Aaron and Ermon, Stefano},
  booktitle={International Conference on Machine Learning},
  pages={22675--22701},
  year={2023},
  organization={PMLR}
}

@inproceedings{lugmayr2022repaint,
  title={Repaint: Inpainting using denoising diffusion probabilistic models},
  author={Lugmayr, Andreas and Danelljan, Martin and Romero, Andres and Yu, Fisher and Timofte, Radu and Van Gool, Luc},
  booktitle={Proceedings of the IEEE/CVF conference on computer vision and pattern recognition},
  pages={11461--11471},
  year={2022}
}

@article{meng2021sdedit,
  title={Sdedit: Guided image synthesis and editing with stochastic differential equations},
  author={Meng, Chenlin and He, Yutong and Song, Yang and Song, Jiaming and Wu, Jiajun and Zhu, Jun-Yan and Ermon, Stefano},
  journal={arXiv preprint arXiv:2108.01073},
  year={2021}
}

@inproceedings{nichol2021improved,
  title={Improved denoising diffusion probabilistic models},
  author={Nichol, Alexander Quinn and Dhariwal, Prafulla},
  booktitle={International conference on machine learning},
  pages={8162--8171},
  year={2021},
  organization={PMLR}
}

@article{niedoba2024diffusion,
  title={A diffusion-model of joint interactive navigation},
  author={Niedoba, Matthew and Lavington, Jonathan and Liu, Yunpeng and Lioutas, Vasileios and Sefas, Justice and Liang, Xiaoxuan and Green, Dylan and Dabiri, Setareh and Zwartsenberg, Berend and Scibior, Adam and others},
  journal={Advances in Neural Information Processing Systems},
  volume={36},
  year={2024}
}

@article{park2024diar,
  title={DIAR: Diffusion-model-guided Implicit Q-learning with Adaptive Revaluation},
  author={Park, Jaehyun and Kim, Yunho and Kim, Sejin and Lee, Byung-Jun and Kim, Sundong},
  journal={arXiv preprint arXiv:2410.11338},
  year={2024}
}

@inproceedings{parmar2023zero,
  title={Zero-shot image-to-image translation},
  author={Parmar, Gaurav and Kumar Singh, Krishna and Zhang, Richard and Li, Yijun and Lu, Jingwan and Zhu, Jun-Yan},
  booktitle={ACM SIGGRAPH 2023 Conference Proceedings},
  pages={1--11},
  year={2023}
}

@InProceedings{pmlr-v235-naderiparizi24a,
  title = 	 {Donâ€™t be so Negative! {S}core-based Generative Modeling with Oracle-assisted Guidance},
  author =       {Naderiparizi, Saeid and Liang, Xiaoxuan and Cohan, Setareh and Zwartsenberg, Berend and Wood, Frank},
  booktitle = 	 {Proceedings of the 41st International Conference on Machine Learning},
  pages = 	 {37164--37187},
  year = 	 {2024},
  editor = 	 {Salakhutdinov, Ruslan and Kolter, Zico and Heller, Katherine and Weller, Adrian and Oliver, Nuria and Scarlett, Jonathan and Berkenkamp, Felix},
  volume = 	 {235},
  series = 	 {Proceedings of Machine Learning Research},
  month = 	 {21--27 Jul},
  publisher =    {PMLR},
  pdf = 	 {https://raw.githubusercontent.com/mlresearch/v235/main/assets/naderiparizi24a/naderiparizi24a.pdf},
  url = 	 {https://proceedings.mlr.press/v235/naderiparizi24a.html},
}

@article{ramesh2022hierarchical,
  title={Hierarchical text-conditional image generation with clip latents},
  author={Ramesh, Aditya and Dhariwal, Prafulla and Nichol, Alex and Chu, Casey and Chen, Mark},
  journal={arXiv preprint arXiv:2204.06125},
  volume={1},
  number={2},
  pages={3},
  year={2022}
}

@inproceedings{rempeluo2023tracepace,
    author={Rempe, Davis and Luo, Zhengyi and Peng, Xue Bin and Yuan, Ye and Kitani, Kris and Kreis, Karsten and Fidler, Sanja and Litany, Or},
    title={Trace and Pace: Controllable Pedestrian Animation via Guided Trajectory Diffusion},
    booktitle={Conference on Computer Vision and Pattern Recognition (CVPR)},
    year={2023}
}

@inproceedings{rombach2022high,
  title={High-resolution image synthesis with latent diffusion models},
  author={Rombach, Robin and Blattmann, Andreas and Lorenz, Dominik and Esser, Patrick and Ommer, Bj{\"o}rn},
  booktitle={Proceedings of the IEEE/CVF conference on computer vision and pattern recognition},
  pages={10684--10695},
  year={2022}
}

@inproceedings{sohl2015deep,
  title={Deep unsupervised learning using nonequilibrium thermodynamics},
  author={Sohl-Dickstein, Jascha and Weiss, Eric and Maheswaranathan, Niru and Ganguli, Surya},
  booktitle={International conference on machine learning},
  pages={2256--2265},
  year={2015},
  organization={PMLR}
}

@article{song2020denoising,
  title={Denoising diffusion implicit models},
  author={Song, Jiaming and Meng, Chenlin and Ermon, Stefano},
  journal={arXiv preprint arXiv:2010.02502},
  year={2020}
}

@article{truong2024pdp,
  title={PDP: Physics-Based Character Animation via Diffusion Policy},
  author={Truong, Takara E and Piseno, Michael and Xie, Zhaoming and Liu, C Karen},
  journal={arXiv preprint arXiv:2406.00960},
  year={2024}
}

@article{venkatraman2023reasoning,
  title={Reasoning with latent diffusion in offline reinforcement learning},
  author={Venkatraman, Siddarth and Khaitan, Shivesh and Akella, Ravi Tej and Dolan, John and Schneider, Jeff and Berseth, Glen},
  journal={arXiv preprint arXiv:2309.06599},
  year={2023}
}

@article{wang2022diffusion,
  title={Diffusion policies as an expressive policy class for offline reinforcement learning},
  author={Wang, Zhendong and Hunt, Jonathan J and Zhou, Mingyuan},
  journal={arXiv preprint arXiv:2208.06193},
  year={2022}
}

@inproceedings{zhong2023guided,
  title={Guided conditional diffusion for controllable traffic simulation},
  author={Zhong, Ziyuan and Rempe, Davis and Xu, Danfei and Chen, Yuxiao and Veer, Sushant and Che, Tong and Ray, Baishakhi and Pavone, Marco},
  booktitle={2023 IEEE International Conference on Robotics and Automation (ICRA)},
  pages={3560--3566},
  year={2023},
  organization={IEEE}
}

