@inproceedings{sohl2015deep,
  title={Deep unsupervised learning using nonequilibrium thermodynamics},
  author={Sohl-Dickstein, Jascha and Weiss, Eric and Maheswaranathan, Niru and Ganguli, Surya},
  booktitle={International conference on machine learning},
  pages={2256--2265},
  year={2015},
  organization={PMLR}
}

@article{song2020denoising,
  title={Denoising diffusion implicit models},
  author={Song, Jiaming and Meng, Chenlin and Ermon, Stefano},
  journal={arXiv preprint arXiv:2010.02502},
  year={2020}
}

@article{dhariwal2021diffusion,
  title={Diffusion models beat gans on image synthesis},
  author={Dhariwal, Prafulla and Nichol, Alexander},
  journal={Advances in neural information processing systems},
  volume={34},
  pages={8780--8794},
  year={2021}
}

@article{ramesh2022hierarchical,
  title={Hierarchical text-conditional image generation with clip latents},
  author={Ramesh, Aditya and Dhariwal, Prafulla and Nichol, Alex and Chu, Casey and Chen, Mark},
  journal={arXiv preprint arXiv:2204.06125},
  volume={1},
  number={2},
  pages={3},
  year={2022}
}

@inproceedings{rombach2022high,
  title={High-resolution image synthesis with latent diffusion models},
  author={Rombach, Robin and Blattmann, Andreas and Lorenz, Dominik and Esser, Patrick and Ommer, Bj{\"o}rn},
  booktitle={Proceedings of the IEEE/CVF conference on computer vision and pattern recognition},
  pages={10684--10695},
  year={2022}
}

@article{ho2022video,
  title={Video diffusion models},
  author={Ho, Jonathan and Salimans, Tim and Gritsenko, Alexey and Chan, William and Norouzi, Mohammad and Fleet, David J},
  journal={Advances in Neural Information Processing Systems},
  volume={35},
  pages={8633--8646},
  year={2022}
}

@article{harvey2022flexible,
  title={Flexible diffusion modeling of long videos},
  author={Harvey, William and Naderiparizi, Saeid and Masrani, Vaden and Weilbach, Christian and Wood, Frank},
  journal={Advances in Neural Information Processing Systems},
  volume={35},
  pages={27953--27965},
  year={2022}
}

@article{kong2020diffwave,
  title={Diffwave: A versatile diffusion model for audio synthesis},
  author={Kong, Zhifeng and Ping, Wei and Huang, Jiaji and Zhao, Kexin and Catanzaro, Bryan},
  journal={arXiv preprint arXiv:2009.09761},
  year={2020}
}

@article{huang2024diffuseloco,
  title={DiffuseLoco: Real-Time Legged Locomotion Control with Diffusion from Offline Datasets},
  author={Huang, Xiaoyu and Chi, Yufeng and Wang, Ruofeng and Li, Zhongyu and Peng, Xue Bin and Shao, Sophia and Nikolic, Borivoje and Sreenath, Koushil},
  journal={arXiv preprint arXiv:2404.19264},
  year={2024}
}


@InProceedings{pmlr-v235-naderiparizi24a,
  title = 	 {Donâ€™t be so Negative! {S}core-based Generative Modeling with Oracle-assisted Guidance},
  author =       {Naderiparizi, Saeid and Liang, Xiaoxuan and Cohan, Setareh and Zwartsenberg, Berend and Wood, Frank},
  booktitle = 	 {Proceedings of the 41st International Conference on Machine Learning},
  pages = 	 {37164--37187},
  year = 	 {2024},
  editor = 	 {Salakhutdinov, Ruslan and Kolter, Zico and Heller, Katherine and Weller, Adrian and Oliver, Nuria and Scarlett, Jonathan and Berkenkamp, Felix},
  volume = 	 {235},
  series = 	 {Proceedings of Machine Learning Research},
  month = 	 {21--27 Jul},
  publisher =    {PMLR},
  pdf = 	 {https://raw.githubusercontent.com/mlresearch/v235/main/assets/naderiparizi24a/naderiparizi24a.pdf},
  url = 	 {https://proceedings.mlr.press/v235/naderiparizi24a.html},
}

@inproceedings{christopher2024constrained,
  title={Constrained synthesis with projected diffusion models},
  author={Christopher, Jacob K and Baek, Stephen and Fioretto, Ferdinando},
  booktitle={The Thirty-eighth Annual Conference on Neural Information Processing Systems},
  year={2024}
}

@inproceedings{lou2023reflected,
  title={Reflected diffusion models},
  author={Lou, Aaron and Ermon, Stefano},
  booktitle={International Conference on Machine Learning},
  pages={22675--22701},
  year={2023},
  organization={PMLR}
}

@article{fishman2024metropolis,
  title={Metropolis sampling for constrained diffusion models},
  author={Fishman, Nic and Klarner, Leo and Mathieu, Emile and Hutchinson, Michael and De Bortoli, Valentin},
  journal={Advances in Neural Information Processing Systems},
  volume={36},
  year={2024}
}

@article{liu2024mirror,
  title={Mirror diffusion models for constrained and watermarked generation},
  author={Liu, Guan-Horng and Chen, Tianrong and Theodorou, Evangelos and Tao, Molei},
  journal={Advances in Neural Information Processing Systems},
  volume={36},
  year={2024}
}

@inproceedings{liu2023learning,
  title={Learning diffusion bridges on constrained domains},
  author={Liu, Xingchao and Wu, Lemeng},
  booktitle={international conference on learning representations (ICLR)},
  year={2023}
}

@book{puterman2014markov,
  title={Markov decision processes: discrete stochastic dynamic programming},
  author={Puterman, Martin L},
  year={2014},
  publisher={John Wiley \& Sons}
}

@article{huang2024gen,
  title={Gen-Drive: Enhancing Diffusion Generative Driving Policies with Reward Modeling and Reinforcement Learning Fine-tuning},
  author={Huang, Zhiyu and Weng, Xinshuo and Igl, Maximilian and Chen, Yuxiao and Cao, Yulong and Ivanovic, Boris and Pavone, Marco and Lv, Chen},
  journal={arXiv preprint arXiv:2410.05582},
  year={2024}
}

@article{park2024diar,
  title={DIAR: Diffusion-model-guided Implicit Q-learning with Adaptive Revaluation},
  author={Park, Jaehyun and Kim, Yunho and Kim, Sejin and Lee, Byung-Jun and Kim, Sundong},
  journal={arXiv preprint arXiv:2410.11338},
  year={2024}
}

@article{venkatraman2023reasoning,
  title={Reasoning with latent diffusion in offline reinforcement learning},
  author={Venkatraman, Siddarth and Khaitan, Shivesh and Akella, Ravi Tej and Dolan, John and Schneider, Jeff and Berseth, Glen},
  journal={arXiv preprint arXiv:2309.06599},
  year={2023}
}

@inproceedings{zhong2023guided,
  title={Guided conditional diffusion for controllable traffic simulation},
  author={Zhong, Ziyuan and Rempe, Davis and Xu, Danfei and Chen, Yuxiao and Veer, Sushant and Che, Tong and Ray, Baishakhi and Pavone, Marco},
  booktitle={2023 IEEE International Conference on Robotics and Automation (ICRA)},
  pages={3560--3566},
  year={2023},
  organization={IEEE}
}

@article{niedoba2024diffusion,
  title={A diffusion-model of joint interactive navigation},
  author={Niedoba, Matthew and Lavington, Jonathan and Liu, Yunpeng and Lioutas, Vasileios and Sefas, Justice and Liang, Xiaoxuan and Green, Dylan and Dabiri, Setareh and Zwartsenberg, Berend and Scibior, Adam and others},
  journal={Advances in Neural Information Processing Systems},
  volume={36},
  year={2024}
}

@inproceedings{lugmayr2022repaint,
  title={Repaint: Inpainting using denoising diffusion probabilistic models},
  author={Lugmayr, Andreas and Danelljan, Martin and Romero, Andres and Yu, Fisher and Timofte, Radu and Van Gool, Luc},
  booktitle={Proceedings of the IEEE/CVF conference on computer vision and pattern recognition},
  pages={11461--11471},
  year={2022}
}

@article{meng2021sdedit,
  title={Sdedit: Guided image synthesis and editing with stochastic differential equations},
  author={Meng, Chenlin and He, Yutong and Song, Yang and Song, Jiaming and Wu, Jiajun and Zhu, Jun-Yan and Ermon, Stefano},
  journal={arXiv preprint arXiv:2108.01073},
  year={2021}
}

@inproceedings{parmar2023zero,
  title={Zero-shot image-to-image translation},
  author={Parmar, Gaurav and Kumar Singh, Krishna and Zhang, Richard and Li, Yijun and Lu, Jingwan and Zhu, Jun-Yan},
  booktitle={ACM SIGGRAPH 2023 Conference Proceedings},
  pages={1--11},
  year={2023}
}

@inproceedings{2020-SCA-ALLSTEPS,
  title={ALLSTEPS: Curriculum-driven Learning of Stepping Stone Skills},
  author={Xie, Zhaoming and Ling, Hung Yu and Kim, Nam Hee and van de Panne, Michiel},
  journal = {Proc. ACM SIGGRAPH / Eurographics Symposium on Computer Animation},
  year={2020}
}

@inproceedings{janner2022diffuser,
  title = {Planning with Diffusion for Flexible Behavior Synthesis},
  author = {Michael Janner and Yilun Du and Joshua Tenenbaum and Sergey Levine},
  booktitle = {International Conference on Machine Learning},
  year = {2022},
}

@article{ajay2022conditional,
  title={Is conditional generative modeling all you need for decision-making?},
  author={Ajay, Anurag and Du, Yilun and Gupta, Abhi and Tenenbaum, Joshua and Jaakkola, Tommi and Agrawal, Pulkit},
  journal={arXiv preprint arXiv:2211.15657},
  year={2022}
}

@article{liang2023adaptdiffuser,
  title={Adaptdiffuser: Diffusion models as adaptive self-evolving planners},
  author={Liang, Zhixuan and Mu, Yao and Ding, Mingyu and Ni, Fei and Tomizuka, Masayoshi and Luo, Ping},
  journal={arXiv preprint arXiv:2302.01877},
  year={2023}
}

@article{yuan2023reward,
  title={Reward-Directed Conditional Diffusion: Provable Distribution Estimation and Reward Improvement},
  author={Yuan, Hui and Huang, Kaixuan and Ni, Chengzhuo and Chen, Minshuo and Wang, Mengdi},
  journal={arXiv preprint arXiv:2307.07055},
  year={2023}
}

@inproceedings{rempeluo2023tracepace,
    author={Rempe, Davis and Luo, Zhengyi and Peng, Xue Bin and Yuan, Ye and Kitani, Kris and Kreis, Karsten and Fidler, Sanja and Litany, Or},
    title={Trace and Pace: Controllable Pedestrian Animation via Guided Trajectory Diffusion},
    booktitle={Conference on Computer Vision and Pattern Recognition (CVPR)},
    year={2023}
}      

@misc{chi2023diffusion,
      title={Diffusion Policy: Visuomotor Policy Learning via Action Diffusion}, 
      author={Cheng Chi and Siyuan Feng and Yilun Du and Zhenjia Xu and Eric Cousineau and Benjamin Burchfiel and Shuran Song},
      year={2023},
      eprint={2303.04137},
      archivePrefix={arXiv},
      primaryClass={cs.RO}
}

@article{ke20243d,
  title={3D Diffuser Actor: Policy Diffusion with 3D Scene Representations},
  author={Ke, Tsung-Wei and Gkanatsios, Nikolaos and Fragkiadaki, Katerina},
  journal={arXiv preprint arXiv:2402.10885},
  year={2024}
}

@article{dong2024diffuserlite,
  title={DiffuserLite: Towards Real-time Diffusion Planning},
  author={Dong, Zibin and Hao, Jianye and Yuan, Yifu and Ni, Fei and Wang, Yitian and Li, Pengyi and Zheng, Yan},
  journal={arXiv preprint arXiv:2401.15443},
  year={2024}
}

@article{zhou2024adaptive,
  title={Adaptive Online Replanning with Diffusion Models},
  author={Zhou, Siyuan and Du, Yilun and Zhang, Shun and Xu, Mengdi and Shen, Yikang and Xiao, Wei and Yeung, Dit-Yan and Gan, Chuang},
  journal={Advances in Neural Information Processing Systems},
  volume={36},
  year={2024}
}

@article{zhou2024robodreamer,
  title={RoboDreamer: Learning Compositional World Models for Robot Imagination},
  author={Zhou, Siyuan and Du, Yilun and Chen, Jiaben and Li, Yandong and Yeung, Dit-Yan and Gan, Chuang},
  journal={arXiv preprint arXiv:2404.12377},
  year={2024}
}

@article{chen2024simple,
  title={Simple hierarchical planning with diffusion},
  author={Chen, Chang and Deng, Fei and Kawaguchi, Kenji and Gulcehre, Caglar and Ahn, Sungjin},
  journal={arXiv preprint arXiv:2401.02644},
  year={2024}
}

@article{zhang2024diffusion,
  title={Diffusion Meets DAgger: Supercharging Eye-in-hand Imitation Learning},
  author={Zhang, Xiaoyu and Chang, Matthew and Kumar, Pranav and Gupta, Saurabh},
  journal={arXiv preprint arXiv:2402.17768},
  year={2024}
}

@article{dong2023aligndiff,
  title={AlignDiff: Aligning Diverse Human Preferences via Behavior-Customisable Diffusion Model},
  author={Dong, Zibin and Yuan, Yifu and Hao, Jianye and Ni, Fei and Mu, Yao and Zheng, Yan and Hu, Yujing and Lv, Tangjie and Fan, Changjie and Hu, Zhipeng},
  journal={arXiv preprint arXiv:2310.02054},
  year={2023}
}

@article{du2024learning,
  title={Learning universal policies via text-guided video generation},
  author={Du, Yilun and Yang, Sherry and Dai, Bo and Dai, Hanjun and Nachum, Ofir and Tenenbaum, Josh and Schuurmans, Dale and Abbeel, Pieter},
  journal={Advances in Neural Information Processing Systems},
  volume={36},
  year={2024}
}

@article{he2024diffusion,
  title={Diffusion model is an effective planner and data synthesizer for multi-task reinforcement learning},
  author={He, Haoran and Bai, Chenjia and Xu, Kang and Yang, Zhuoran and Zhang, Weinan and Wang, Dong and Zhao, Bin and Li, Xuelong},
  journal={Advances in neural information processing systems},
  volume={36},
  year={2024}
}

@article{liang2023skilldiffuser,
  title={Skilldiffuser: Interpretable hierarchical planning via skill abstractions in diffusion-based task execution},
  author={Liang, Zhixuan and Mu, Yao and Ma, Hengbo and Tomizuka, Masayoshi and Ding, Mingyu and Luo, Ping},
  journal={arXiv preprint arXiv:2312.11598},
  year={2023}
}

@article{hong2024diffused,
  title={Diffused Task-Agnostic Milestone Planner},
  author={Hong, Mineui and Kang, Minjae and Oh, Songhwai},
  journal={Advances in Neural Information Processing Systems},
  volume={36},
  year={2024}
}

@InProceedings{Jiang_2023_CVPR,
    author    = {Jiang, Chiyu {\textquotedblleft}Max{\textquotedblright} and Cornman, Andre and Park, Cheolho and Sapp, Benjamin and Zhou, Yin and Anguelov, Dragomir},
    title     = {MotionDiffuser: Controllable Multi-Agent Motion Prediction Using Diffusion},
    booktitle = {Proceedings of the IEEE/CVF Conference on Computer Vision and Pattern Recognition (CVPR)},
    month     = {June},
    year      = {2023},
    pages     = {9644-9653}
}

@article{lee2024refining,
  title={Refining Diffusion Planner for Reliable Behavior Synthesis by Automatic Detection of Infeasible Plans},
  author={Lee, Kyowoon and Kim, Seongun and Choi, Jaesik},
  journal={Advances in Neural Information Processing Systems},
  volume={36},
  year={2024}
}
@inproceedings{li2023hierarchical,
  title={Hierarchical diffusion for offline decision making},
  author={Li, Wenhao and Wang, Xiangfeng and Jin, Bo and Zha, Hongyuan},
  booktitle={International Conference on Machine Learning},
  pages={20035--20064},
  year={2023},
  organization={PMLR}
}

@inproceedings{ni2023metadiffuser,
  title={Metadiffuser: Diffusion model as conditional planner for offline meta-rl},
  author={Ni, Fei and Hao, Jianye and Mu, Yao and Yuan, Yifu and Zheng, Yan and Wang, Bin and Liang, Zhixuan},
  booktitle={International Conference on Machine Learning},
  pages={26087--26105},
  year={2023},
  organization={PMLR}
}

@article{wang2022diffusion,
  title={Diffusion policies as an expressive policy class for offline reinforcement learning},
  author={Wang, Zhendong and Hunt, Jonathan J and Zhou, Mingyuan},
  journal={arXiv preprint arXiv:2208.06193},
  year={2022}
}

@article{zhu2023diffusion,
  title={Diffusion models for reinforcement learning: A survey},
  author={Zhu, Zhengbang and Zhao, Hanye and He, Haoran and Zhong, Yichao and Zhang, Shenyu and Yu, Yong and Zhang, Weinan},
  journal={arXiv preprint arXiv:2311.01223},
  year={2023}
}

@article{hegde2024generating,
  title={Generating behaviorally diverse policies with latent diffusion models},
  author={Hegde, Shashank and Batra, Sumeet and Zentner, KR and Sukhatme, Gaurav},
  journal={Advances in Neural Information Processing Systems},
  volume={36},
  year={2024}
}

@article{ajay2024compositional,
  title={Compositional foundation models for hierarchical planning},
  author={Ajay, Anurag and Han, Seungwook and Du, Yilun and Li, Shuang and Gupta, Abhi and Jaakkola, Tommi and Tenenbaum, Josh and Kaelbling, Leslie and Srivastava, Akash and Agrawal, Pulkit},
  journal={Advances in Neural Information Processing Systems},
  volume={36},
  year={2024}
}

@inproceedings{pi2023hierarchical,
  title={Hierarchical generation of human-object interactions with diffusion probabilistic models},
  author={Pi, Huaijin and Peng, Sida and Yang, Minghui and Zhou, Xiaowei and Bao, Hujun},
  booktitle={Proceedings of the IEEE/CVF International Conference on Computer Vision},
  pages={15061--15073},
  year={2023}
}

@inproceedings{hassan2021stochastic,
  title={Stochastic scene-aware motion prediction},
  author={Hassan, Mohamed and Ceylan, Duygu and Villegas, Ruben and Saito, Jun and Yang, Jimei and Zhou, Yi and Black, Michael J},
  booktitle={Proceedings of the IEEE/CVF International Conference on Computer Vision},
  pages={11374--11384},
  year={2021}
}

@article{chinnakkonda2024efficient,
  title={Efficient Search and Learning for Agile Locomotion on Stepping Stones},
  author={Chinnakkonda Ravi, Adithya Kumar and Dh{\'e}din, Victor and Jordana, Armand and Zhu, Huaijiang and Meduri, Avadesh and Righetti, Ludovic and Sch{\"o}lkopf, Bernhard and Khadiv, Majid},
  journal={arXiv e-prints},
  pages={arXiv--2403},
  year={2024}
}

@article{li2023crossway,
  title={Crossway diffusion: Improving diffusion-based visuomotor policy via self-supervised learning},
  author={Li, Xiang and Belagali, Varun and Shang, Jinghuan and Ryoo, Michael S},
  journal={arXiv preprint arXiv:2307.01849},
  year={2023}
}

@ARTICLE{A*,

  author={Hart, Peter E. and Nilsson, Nils J. and Raphael, Bertram},

  journal={IEEE Transactions on Systems Science and Cybernetics}, 

  title={A Formal Basis for the Heuristic Determination of Minimum Cost Paths}, 

  year={1968},

  volume={4},

  number={2},

  pages={100-107},

  keywords={Costs;Mathematical programming;Minimization methods;Functional programming;Automatic control;Minimax techniques;Gradient methods;Chemical technology;Automatic programming;Instruction sets},

  doi={10.1109/TSSC.1968.300136}}

@article{truong2024pdp,
  title={PDP: Physics-Based Character Animation via Diffusion Policy},
  author={Truong, Takara E and Piseno, Michael and Xie, Zhaoming and Liu, C Karen},
  journal={arXiv preprint arXiv:2406.00960},
  year={2024}
}
@misc{yu2024learninggenericdynamiclocomotion,
      title={Learning Generic and Dynamic Locomotion of Humanoids Across Discrete Terrains}, 
      author={Shangqun Yu and Nisal Perera and Daniel Marew and Donghyun Kim},
      year={2024},
      eprint={2405.17227},
      archivePrefix={arXiv},
      primaryClass={cs.RO},
      url={https://arxiv.org/abs/2405.17227}, 
}


@INPROCEEDINGS{9981539,

  author={Risbourg, Fanny and CorbÃ¨res, Thomas and LÃ©ziart, Pierre-Alexandre and Flayols, Thomas and Mansard, Nicolas and Tonneau, Steve},

  booktitle={2022 IEEE/RSJ International Conference on Intelligent Robots and Systems (IROS)}, 

  title={Real-time Footstep Planning and Control of the Solo Quadruped Robot in 3D Environments}, 

  year={2022},

  volume={},

  number={},

  pages={12950-12956},

  keywords={Three-dimensional displays;Kinematics;Robustness;Real-time systems;Planning;Trajectory;Quadrupedal robots},

  doi={10.1109/IROS47612.2022.9981539}}


@article{wang2024online,
  title={Online Multi-Contact Receding Horizon Planning via Value Function Approximation},
  author={Wang, Jiayi and Kim, Sanghyun and Lembono, Teguh Santoso and Du, Wenqian and Shim, Jaehyun and Samadi, Saeid and Wang, Ke and Ivan, Vladimir and Calinon, Sylvain and Vijayakumar, Sethu and others},
  journal={IEEE Transactions on Robotics},
  year={2024},
  publisher={IEEE}
}

@article{luo2024potential,
  title={Potential Based Diffusion Motion Planning},
  author={Luo, Yunhao and Sun, Chen and Tenenbaum, Joshua B and Du, Yilun},
  journal={arXiv preprint arXiv:2407.06169},
  year={2024}
}


@inproceedings{liu2024dipper,
  title={Dipper: Diffusion-based 2d path planner applied on legged robots},
  author={Liu, Jianwei and Stamatopoulou, Maria and Kanoulas, Dimitrios},
  booktitle={2024 IEEE International Conference on Robotics and Automation (ICRA)},
  pages={9264--9270},
  year={2024},
  organization={IEEE}
}

@ARTICLE{9028188,

  author={Tsounis, Vassilios and Alge, Mitja and Lee, Joonho and Farshidian, Farbod and Hutter, Marco},

  journal={IEEE Robotics and Automation Letters}, 

  title={DeepGait: Planning and Control of Quadrupedal Gaits Using Deep Reinforcement Learning}, 

  year={2020},

  volume={5},

  number={2},

  pages={3699-3706},

  keywords={Deep learning;Motion planning;Legged locomotion;Optimization;Path planning;Legged robots;deep learning in robotics and automation;motion and path planning},

  doi={10.1109/LRA.2020.2979660}}

@article{stamatopoulou2024dippest,
  title={DiPPeST: Diffusion-based Path Planner for Synthesizing Trajectories Applied on Quadruped Robots},
  author={Stamatopoulou, Maria and Liu, Jianwei and Kanoulas, Dimitrios},
  journal={arXiv preprint arXiv:2405.19232},
  year={2024}
}

@article{ho2020denoising,
  title={Denoising Diffusion Probabilistic Models},
  author={Jonathan Ho and Ajay Jain and Pieter Abbeel},
  year={2020},
  journal={arXiv preprint arxiv:2006.11239}
}

@article{mnih2013playing,
  title={Playing atari with deep reinforcement learning},
  author={Mnih, Volodymyr},
  journal={arXiv preprint arXiv:1312.5602},
  year={2013}
}

@article{ho2022classifier,
  title={Classifier-free diffusion guidance},
  author={Ho, Jonathan and Salimans, Tim},
  journal={arXiv preprint arXiv:2207.12598},
  year={2022}
}


@inproceedings{he2016deep,
  title={Deep residual learning for image recognition},
  author={He, Kaiming and Zhang, Xiangyu and Ren, Shaoqing and Sun, Jian},
  booktitle={Proceedings of the IEEE conference on computer vision and pattern recognition},
  pages={770--778},
  year={2016}
}

@inproceedings{karunratanakul2023guided,
  title={Guided motion diffusion for controllable human motion synthesis},
  author={Karunratanakul, Korrawe and Preechakul, Konpat and Suwajanakorn, Supasorn and Tang, Siyu},
  booktitle={Proceedings of the IEEE/CVF International Conference on Computer Vision},
  pages={2151--2162},
  year={2023}
}


@article{schulman2017proximal,
  title={Proximal policy optimization algorithms},
  author={Schulman, John and Wolski, Filip and Dhariwal, Prafulla and Radford, Alec and Klimov, Oleg},
  journal={arXiv preprint arXiv:1707.06347},
  year={2017}
}

@inproceedings{viabilityRobustRL,
  title={Viability of Future Actions: Robust Reinforcement Learning via Entropy Regularization},
  author={Massiani, Pierre-Fran{\c{c}}ois and von Rohr, Alexander and Haverbeck, Lukas and Trimpe, Sebastian},
  booktitle={Seventeenth European Workshop on Reinforcement Learning}
}

@book{viabilityTheoryBook,
  title={Viability theory: new directions},
  author={Aubin, Jean-Pierre and Bayen, Alexandre M and Saint-Pierre, Patrick},
  year={2011},
  publisher={Springer Science \& Business Media}
}

@misc{coumans2016pybullet,
  title={Pybullet, a python module for physics simulation for games, robotics and machine learning},
  author={Coumans, Erwin and Bai, Yunfei},
  year={2016}
}

@inproceedings{nichol2021improved,
  title={Improved denoising diffusion probabilistic models},
  author={Nichol, Alexander Quinn and Dhariwal, Prafulla},
  booktitle={International conference on machine learning},
  pages={8162--8171},
  year={2021},
  organization={PMLR}
}

@article{kingma2014adam,
  title={Adam: A method for stochastic optimization},
  author={Kingma, Diederik P},
  journal={arXiv preprint arXiv:1412.6980},
  year={2014}
}
