@article{azadani2025leo,
  title={LEO: Boosting Mixture of Vision Encoders for Multimodal Large Language Models},
  author={Azadani, Mozhgan Nasr and Riddell, James and Sedwards, Sean and Czarnecki, Krzysztof},
  journal={arXiv preprint arXiv:2501.06986},
  year={2025}
}

@inproceedings{chen2024internvl,
  title={Internvl: Scaling up vision foundation models and aligning for generic visual-linguistic tasks},
  author={Chen, Zhe and Wu, Jiannan and Wang, Wenhai and Su, Weijie and Chen, Guo and Xing, Sen and Zhong, Muyan and Zhang, Qinglong and Zhu, Xizhou and Lu, Lewei and others},
  booktitle={Proceedings of the IEEE/CVF Conference on Computer Vision and Pattern Recognition},
  pages={24185--24198},
  year={2024}
}

@article{li2024llava,
  title={LLaVA-NeXT-Interleave: Tackling Multi-image, Video, and 3D in Large Multimodal Models},
  author={Li, Feng and Zhang, Renrui and Zhang, Hao and Zhang, Yuanhan and Li, Bo and Li, Wei and Ma, Zejun and Li, Chunyuan},
  journal={arXiv preprint arXiv:2407.07895},
  year={2024}
}

@misc{shi2024eagleexploringdesignspace,
      title={Eagle: Exploring The Design Space for Multimodal LLMs with Mixture of Encoders}, 
      author={Min Shi and Fuxiao Liu and Shihao Wang and Shijia Liao and Subhashree Radhakrishnan and De-An Huang and Hongxu Yin and Karan Sapra and Yaser Yacoob and Humphrey Shi and Bryan Catanzaro and Andrew Tao and Jan Kautz and Zhiding Yu and Guilin Liu},
      year={2024},
      eprint={2408.15998},
      archivePrefix={arXiv},
      primaryClass={cs.CV},
      url={https://arxiv.org/abs/2408.15998}, 
}

@misc{siglip,
      title={Sigmoid Loss for Language Image Pre-Training}, 
      author={Xiaohua Zhai and Basil Mustafa and Alexander Kolesnikov and Lucas Beyer},
      year={2023},
      eprint={2303.15343},
      archivePrefix={arXiv},
      primaryClass={cs.CV},
      url={https://arxiv.org/abs/2303.15343}, 
}

@misc{zong2024movaadaptingmixturevision,
      title={MoVA: Adapting Mixture of Vision Experts to Multimodal Context}, 
      author={Zhuofan Zong and Bingqi Ma and Dazhong Shen and Guanglu Song and Hao Shao and Dongzhi Jiang and Hongsheng Li and Yu Liu},
      year={2024},
      eprint={2404.13046},
      archivePrefix={arXiv},
      primaryClass={cs.CV},
      url={https://arxiv.org/abs/2404.13046}, 
}

