@misc{HeartDiseaseSymptoms,
	title = {Heart disease - {Symptoms} and causes - {Mayo} {Clinic}},
	url = {https://www.mayoclinic.org/diseases-conditions/heart-disease/symptoms-causes/syc-20353118},
	urldate = {2024-07-10},
}

@article{bian2024ubihr,
  title={UbiHR: Resource-efficient Long-range Heart Rate Sensing on Ubiquitous Devices},
  author={Bian, Haoyu and Guo, Bin and Liu, Sicong and Ding, Yasan and Gao, Shanshan and Yu, Zhiwen},
  journal={Proceedings of the ACM on Interactive, Mobile, Wearable and Ubiquitous Technologies},
  volume={8},
  number={4},
  pages={1--26},
  year={2024},
  publisher={ACM New York, NY, USA}
}

@inproceedings{cao2023heartprint,
  title={HeartPrint: Passive heart sounds authentication exploiting in-ear microphones},
  author={Cao, Yetong and Cai, Chao and Li, Fan and Chen, Zhe and Luo, Jun},
  booktitle={IEEE INFOCOM 2023-IEEE Conference on Computer Communications},
  pages={1--10},
  year={2023},
  organization={IEEE}
}

@inproceedings{chen2018deepphys,
  title={Deepphys: Video-based physiological measurement using convolutional attention networks},
  author={Chen, Weixuan and McDuff, Daniel},
  booktitle={Proceedings of the european conference on computer vision (ECCV)},
  pages={349--365},
  year={2018}
}

@inproceedings{chen2021movi,
  title={MoVi-Fi: Motion-robust vital signs waveform recovery via deep interpreted RF sensing},
  author={Chen, Zhe and Zheng, Tianyue and Cai, Chao and Luo, Jun},
  booktitle={Proceedings of the 27th annual international conference on mobile computing and networking},
  pages={392--405},
  year={2021}
}

@inproceedings{chen2024exploring,
  title={Exploring the Feasibility of Remote Cardiac Auscultation Using Earphones},
  author={Chen, Tao and Yang, Yongjie and Fan, Xiaoran and Guo, Xiuzhen and Xiong, Jie and Shangguan, Longfei},
  booktitle={Proceedings of the 30th Annual International Conference on Mobile Computing and Networking},
  pages={357--372},
  year={2024}
}

@article{de2013robust,
  title={Robust pulse rate from chrominance-based rPPG},
  author={De Haan, Gerard and Jeanne, Vincent},
  journal={IEEE transactions on biomedical engineering},
  volume={60},
  number={10},
  pages={2878--2886},
  year={2013},
  publisher={IEEE}
}

@inproceedings{dhawaskar2023converge,
  title={Converge: Qoe-driven multipath video conferencing over webrtc},
  author={Dhawaskar Sathyanarayana, Sandesh and Lee, Kyunghan and Grunwald, Dirk and Ha, Sangtae},
  booktitle={Proceedings of the ACM SIGCOMM 2023 Conference},
  pages={637--653},
  year={2023}
}

@article{fairclough2020personal,
  title={Personal informatics and negative emotions during commuter driving: Effects of data visualization on cardiovascular reactivity \& mood},
  author={Fairclough, Stephen H and Dobbins, Chelsea},
  journal={International Journal of Human-Computer Studies},
  volume={144},
  pages={102499},
  year={2020},
  publisher={Elsevier}
}

@inproceedings{fan2023apg,
  title={Apg: Audioplethysmography for cardiac monitoring in hearables},
  author={Fan, Xiaoran and Pearl, David and Howard, Richard and Shangguan, Longfei and Thormundsson, Trausti},
  booktitle={Proceedings of the 29th Annual International Conference on Mobile Computing and Networking},
  pages={1--15},
  year={2023}
}

@inproceedings{guan2023metastream,
  title={Metastream: Live volumetric content capture, creation, delivery, and rendering in real time},
  author={Guan, Yongjie and Hou, Xueyu and Wu, Nan and Han, Bo and Han, Tao},
  booktitle={Proceedings of the 29th Annual International Conference on Mobile Computing and Networking},
  pages={1--15},
  year={2023}
}

@inproceedings{hamadanian2023ekho,
  title={Ekho: Synchronizing cloud gaming media across multiple endpoints},
  author={Hamadanian, Pouya and Gallatin, Doug and Alizadeh, Mohammad and Chintalapudi, Krishna},
  booktitle={Proceedings of the ACM SIGCOMM 2023 Conference},
  pages={533--549},
  year={2023}
}

@inproceedings{khani2023recl,
  title={$\{$RECL$\}$: Responsive $\{$Resource-Efficient$\}$ continuous learning for video analytics},
  author={Khani, Mehrdad and Ananthanarayanan, Ganesh and Hsieh, Kevin and Jiang, Junchen and Netravali, Ravi and Shu, Yuanchao and Alizadeh, Mohammad and Bahl, Victor},
  booktitle={20th USENIX Symposium on Networked Systems Design and Implementation (NSDI 23)},
  pages={917--932},
  year={2023}
}

@inproceedings{li2014remote,
  title={Remote heart rate measurement from face videos under realistic situations},
  author={Li, Xiaobai and Chen, Jie and Zhao, Guoying and Pietikainen, Matti},
  booktitle={Proceedings of the IEEE conference on computer vision and pattern recognition},
  pages={4264--4271},
  year={2014}
}

@inproceedings{li2023dashlet,
  title={Dashlet: Taming swipe uncertainty for robust short video streaming},
  author={Li, Zhuqi and Xie, Yaxiong and Netravali, Ravi and Jamieson, Kyle},
  booktitle={20th USENIX Symposium on Networked Systems Design and Implementation (NSDI 23)},
  pages={1583--1599},
  year={2023}
}

@inproceedings{li2023learning,
  title={Learning motion-robust remote photoplethysmography through arbitrary resolution videos},
  author={Li, Jianwei and Yu, Zitong and Shi, Jingang},
  booktitle={Proceedings of the AAAI Conference on Artificial Intelligence},
  volume={37},
  number={1},
  pages={1334--1342},
  year={2023}
}

@inproceedings{liu2015tracking,
  title={Tracking vital signs during sleep leveraging off-the-shelf wifi},
  author={Liu, Jian and Wang, Yan and Chen, Yingying and Yang, Jie and Chen, Xu and Cheng, Jerry},
  booktitle={Proceedings of the 16th ACM international symposium on mobile ad hoc networking and computing},
  pages={267--276},
  year={2015}
}

@article{liu2020multi,
  title={Multi-task temporal shift attention networks for on-device contactless vitals measurement},
  author={Liu, Xin and Fromm, Josh and Patel, Shwetak and McDuff, Daniel},
  journal={Advances in Neural Information Processing Systems},
  volume={33},
  pages={19400--19411},
  year={2020}
}

@inproceedings{liu2023efficientphys,
  title={Efficientphys: Enabling simple, fast and accurate camera-based cardiac measurement},
  author={Liu, Xin and Hill, Brian and Jiang, Ziheng and Patel, Shwetak and McDuff, Daniel},
  booktitle={Proceedings of the IEEE/CVF winter conference on applications of computer vision},
  pages={5008--5017},
  year={2023}
}

@inproceedings{niu2020video,
  title={Video-based remote physiological measurement via cross-verified feature disentangling},
  author={Niu, Xuesong and Yu, Zitong and Han, Hu and Li, Xiaobai and Shan, Shiguang and Zhao, Guoying},
  booktitle={Computer Vision--ECCV 2020: 16th European Conference, Glasgow, UK, August 23--28, 2020, Proceedings, Part II 16},
  pages={295--310},
  year={2020},
  organization={Springer}
}

@inproceedings{qian2018acousticcardiogram,
  title={Acousticcardiogram: Monitoring heartbeats using acoustic signals on smart devices},
  author={Qian, Kun and Wu, Chenshu and Xiao, Fu and Zheng, Yue and Zhang, Yi and Yang, Zheng and Liu, Yunhao},
  booktitle={IEEE INFOCOM 2018-IEEE conference on computer communications},
  pages={1574--1582},
  year={2018},
  organization={IEEE}
}

@inproceedings{tang2023lut,
  title={Lut-nn: Empower efficient neural network inference with centroid learning and table lookup},
  author={Tang, Xiaohu and Wang, Yang and Cao, Ting and Zhang, Li Lyna and Chen, Qi and Cai, Deng and Liu, Yunxin and Yang, Mao},
  booktitle={Proceedings of the 29th Annual International Conference on Mobile Computing and Networking},
  pages={1--15},
  year={2023}
}

@article{wang2015novel,
  title={A novel algorithm for remote photoplethysmography: Spatial subspace rotation},
  author={Wang, Wenjin and Stuijk, Sander and De Haan, Gerard},
  journal={IEEE transactions on biomedical engineering},
  volume={63},
  number={9},
  pages={1974--1984},
  year={2015},
  publisher={IEEE}
}

@article{wang2016algorithmic,
  title={Algorithmic principles of remote PPG},
  author={Wang, Wenjin and Den Brinker, Albertus C and Stuijk, Sander and De Haan, Gerard},
  journal={IEEE Transactions on Biomedical Engineering},
  volume={64},
  number={7},
  pages={1479--1491},
  year={2016},
  publisher={IEEE}
}

@article{wang2022loear,
  title={LoEar: Push the range limit of acoustic sensing for vital sign monitoring},
  author={Wang, Lei and Li, Wei and Sun, Ke and Zhang, Fusang and Gu, Tao and Xu, Chenren and Zhang, Daqing},
  journal={Proceedings of the ACM on Interactive, Mobile, Wearable and Ubiquitous Technologies},
  volume={6},
  number={3},
  pages={1--24},
  year={2022},
  publisher={ACM New York, NY, USA}
}

@inproceedings{wang2023df,
  title={Df-sense: Multi-user acoustic sensing for heartbeat monitoring with dualforming},
  author={Wang, Lei and Gu, Tao and Li, Wei and Dai, Haipeng and Zhang, Yong and Yu, Dongxiao and Xu, Chenren and Zhang, Daqing},
  booktitle={Proceedings of the 21st Annual International Conference on Mobile Systems, Applications and Services},
  pages={1--13},
  year={2023}
}

@inproceedings{wen2023adaptivenet,
  title={Adaptivenet: Post-deployment neural architecture adaptation for diverse edge environments},
  author={Wen, Hao and Li, Yuanchun and Zhang, Zunshuai and Jiang, Shiqi and Ye, Xiaozhou and Ouyang, Ye and Zhang, Yaqin and Liu, Yunxin},
  booktitle={Proceedings of the 29th Annual International Conference on Mobile Computing and Networking},
  pages={1--17},
  year={2023}
}

@inproceedings{xu2022hearing,
  title={Hearing heartbeat from voice: Towards next generation voice-user interfaces with cardiac sensing functions},
  author={Xu, Chenhan and Chen, Tianyu and Li, Huining and Gherardi, Alexander and Weng, Michelle and Li, Zhengxiong and Xu, Wenyao},
  booktitle={Proceedings of the 20th ACM Conference on Embedded Networked Sensor Systems},
  pages={149--163},
  year={2022}
}

@inproceedings{yang2016monitoring,
  title={Monitoring vital signs using millimeter wave},
  author={Yang, Zhicheng and Pathak, Parth H and Zeng, Yunze and Liran, Xixi and Mohapatra, Prasant},
  booktitle={Proceedings of the 17th ACM international symposium on mobile ad hoc networking and computing},
  pages={211--220},
  year={2016}
}

@article{yang2022survey,
  title={Survey on emotion sensing using mobile devices},
  author={Yang, Kangning and Tag, Benjamin and Wang, Chaofan and Gu, Yue and Sarsenbayeva, Zhanna and Dingler, Tilman and Wadley, Greg and Goncalves, Jorge},
  journal={IEEE Transactions on Affective Computing},
  volume={14},
  number={4},
  pages={2678--2696},
  year={2022},
  publisher={IEEE}
}

@inproceedings{yi2023boosting,
  title={Boosting dnn cold inference on edge devices},
  author={Yi, Rongjie and Cao, Ting and Zhou, Ao and Ma, Xiao and Wang, Shangguang and Xu, Mengwei},
  booktitle={Proceedings of the 21st Annual International Conference on Mobile Systems, Applications and Services},
  pages={516--529},
  year={2023}
}

@article{yu2019remote,
  title={Remote photoplethysmograph signal measurement from facial videos using spatio-temporal networks},
  author={Yu, Zitong and Li, Xiaobai and Zhao, Guoying},
  journal={arXiv preprint arXiv:1905.02419},
  year={2019}
}

@inproceedings{yu2019remoteCompress,
  title={Remote heart rate measurement from highly compressed facial videos: an end-to-end deep learning solution with video enhancement},
  author={Yu, Zitong and Peng, Wei and Li, Xiaobai and Hong, Xiaopeng and Zhao, Guoying},
  booktitle={Proceedings of the IEEE/CVF international conference on computer vision},
  pages={151--160},
  year={2019}
}

@article{yu2023physformer++,
  title={Physformer++: Facial video-based physiological measurement with slowfast temporal difference transformer},
  author={Yu, Zitong and Shen, Yuming and Shi, Jingang and Zhao, Hengshuang and Cui, Yawen and Zhang, Jiehua and Torr, Philip and Zhao, Guoying},
  journal={International Journal of Computer Vision},
  volume={131},
  number={6},
  pages={1307--1330},
  year={2023},
  publisher={Springer}
}

@article{zhang2020your,
  title={Your Smart Speaker Can" Hear" Your Heartbeat!},
  author={Zhang, Fusang and Wang, Zhi and Jin, Beihong and Xiong, Jie and Zhang, Daqing},
  journal={Proceedings of the ACM on Interactive, Mobile, Wearable and Ubiquitous Technologies},
  volume={4},
  number={4},
  pages={1--24},
  year={2020},
  publisher={ACM New York, NY, USA}
}

@inproceedings{zhou2019learning,
  title={Learning to coordinate video codec with transport protocol for mobile video telephony},
  author={Zhou, Anfu and Zhang, Huanhuan and Su, Guangyuan and Wu, Leilei and Ma, Ruoxuan and Meng, Zhen and Zhang, Xinyu and Xie, Xiufeng and Ma, Huadong and Chen, Xiaojiang},
  booktitle={The 25th Annual International Conference on Mobile Computing and Networking},
  pages={1--16},
  year={2019}
}

@article{zou2024rhythmformer,
  title={Rhythmformer: Extracting rppg signals based on hierarchical temporal periodic transformer},
  author={Zou, Bochao and Guo, Zizheng and Chen, Jiansheng and Ma, Huimin},
  journal={arXiv preprint arXiv:2402.12788},
  year={2024}
}

