@misc{HeartDiseaseSymptoms,
	title = {Heart disease - {Symptoms} and causes - {Mayo} {Clinic}},
	url = {https://www.mayoclinic.org/diseases-conditions/heart-disease/symptoms-causes/syc-20353118},
	urldate = {2024-07-10},
}


@misc{PulsoidRealtimeHearta,
	title = {Pulsoid - a real-time heart rate widget for streaming},
	url = {https://pulsoid.net/},
	urldate = {2024-08-26},
}


@inproceedings{xu2022hearing,
  title={Hearing heartbeat from voice: Towards next generation voice-user interfaces with cardiac sensing functions},
  author={Xu, Chenhan and Chen, Tianyu and Li, Huining and Gherardi, Alexander and Weng, Michelle and Li, Zhengxiong and Xu, Wenyao},
  booktitle={Proceedings of the 20th ACM Conference on Embedded Networked Sensor Systems},
  pages={149--163},
  year={2022}
}

@inproceedings{liu2015tracking,
  title={Tracking vital signs during sleep leveraging off-the-shelf wifi},
  author={Liu, Jian and Wang, Yan and Chen, Yingying and Yang, Jie and Chen, Xu and Cheng, Jerry},
  booktitle={Proceedings of the 16th ACM international symposium on mobile ad hoc networking and computing},
  pages={267--276},
  year={2015}
}

@inproceedings{chen2021movi,
  title={MoVi-Fi: Motion-robust vital signs waveform recovery via deep interpreted RF sensing},
  author={Chen, Zhe and Zheng, Tianyue and Cai, Chao and Luo, Jun},
  booktitle={Proceedings of the 27th annual international conference on mobile computing and networking},
  pages={392--405},
  year={2021}
}

@inproceedings{yang2016monitoring,
  title={Monitoring vital signs using millimeter wave},
  author={Yang, Zhicheng and Pathak, Parth H and Zeng, Yunze and Liran, Xixi and Mohapatra, Prasant},
  booktitle={Proceedings of the 17th ACM international symposium on mobile ad hoc networking and computing},
  pages={211--220},
  year={2016}
}

@inproceedings{cao2023heartprint,
  title={HeartPrint: Passive heart sounds authentication exploiting in-ear microphones},
  author={Cao, Yetong and Cai, Chao and Li, Fan and Chen, Zhe and Luo, Jun},
  booktitle={IEEE INFOCOM 2023-IEEE Conference on Computer Communications},
  pages={1--10},
  year={2023},
  organization={IEEE}
}

@inproceedings{wang2023df,
  title={Df-sense: Multi-user acoustic sensing for heartbeat monitoring with dualforming},
  author={Wang, Lei and Gu, Tao and Li, Wei and Dai, Haipeng and Zhang, Yong and Yu, Dongxiao and Xu, Chenren and Zhang, Daqing},
  booktitle={Proceedings of the 21st Annual International Conference on Mobile Systems, Applications and Services},
  pages={1--13},
  year={2023}
}

@article{wang2022loear,
  title={LoEar: Push the range limit of acoustic sensing for vital sign monitoring},
  author={Wang, Lei and Li, Wei and Sun, Ke and Zhang, Fusang and Gu, Tao and Xu, Chenren and Zhang, Daqing},
  journal={Proceedings of the ACM on Interactive, Mobile, Wearable and Ubiquitous Technologies},
  volume={6},
  number={3},
  pages={1--24},
  year={2022},
  publisher={ACM New York, NY, USA}
}

@inproceedings{qian2018acousticcardiogram,
  title={Acousticcardiogram: Monitoring heartbeats using acoustic signals on smart devices},
  author={Qian, Kun and Wu, Chenshu and Xiao, Fu and Zheng, Yue and Zhang, Yi and Yang, Zheng and Liu, Yunhao},
  booktitle={IEEE INFOCOM 2018-IEEE conference on computer communications},
  pages={1574--1582},
  year={2018},
  organization={IEEE}
}

@article{zhang2020your,
  title={Your Smart Speaker Can" Hear" Your Heartbeat!},
  author={Zhang, Fusang and Wang, Zhi and Jin, Beihong and Xiong, Jie and Zhang, Daqing},
  journal={Proceedings of the ACM on Interactive, Mobile, Wearable and Ubiquitous Technologies},
  volume={4},
  number={4},
  pages={1--24},
  year={2020},
  publisher={ACM New York, NY, USA}
}

@inproceedings{chen2024exploring,
  title={Exploring the Feasibility of Remote Cardiac Auscultation Using Earphones},
  author={Chen, Tao and Yang, Yongjie and Fan, Xiaoran and Guo, Xiuzhen and Xiong, Jie and Shangguan, Longfei},
  booktitle={Proceedings of the 30th Annual International Conference on Mobile Computing and Networking},
  pages={357--372},
  year={2024}
}

@inproceedings{fan2023apg,
  title={Apg: Audioplethysmography for cardiac monitoring in hearables},
  author={Fan, Xiaoran and Pearl, David and Howard, Richard and Shangguan, Longfei and Thormundsson, Trausti},
  booktitle={Proceedings of the 29th Annual International Conference on Mobile Computing and Networking},
  pages={1--15},
  year={2023}
}

@article{de2013robust,
  title={Robust pulse rate from chrominance-based rPPG},
  author={De Haan, Gerard and Jeanne, Vincent},
  journal={IEEE transactions on biomedical engineering},
  volume={60},
  number={10},
  pages={2878--2886},
  year={2013},
  publisher={IEEE}
}

@inproceedings{li2014remote,
  title={Remote heart rate measurement from face videos under realistic situations},
  author={Li, Xiaobai and Chen, Jie and Zhao, Guoying and Pietikainen, Matti},
  booktitle={Proceedings of the IEEE conference on computer vision and pattern recognition},
  pages={4264--4271},
  year={2014}
}

@inproceedings{pilz2018local,
  title={Local group invariance for heart rate estimation from face videos in the wild},
  author={Pilz, Christian S and Zaunseder, Sebastian and Krajewski, Jarek and Blazek, Vladimir},
  booktitle={Proceedings of the IEEE conference on computer vision and pattern recognition workshops},
  pages={1254--1262},
  year={2018}
}

@article{wang2015novel,
  title={A novel algorithm for remote photoplethysmography: Spatial subspace rotation},
  author={Wang, Wenjin and Stuijk, Sander and De Haan, Gerard},
  journal={IEEE transactions on biomedical engineering},
  volume={63},
  number={9},
  pages={1974--1984},
  year={2015},
  publisher={IEEE}
}

@inproceedings{chen2018deepphys,
  title={Deepphys: Video-based physiological measurement using convolutional attention networks},
  author={Chen, Weixuan and McDuff, Daniel},
  booktitle={Proceedings of the european conference on computer vision (ECCV)},
  pages={349--365},
  year={2018}
}

@article{liu2020multi,
  title={Multi-task temporal shift attention networks for on-device contactless vitals measurement},
  author={Liu, Xin and Fromm, Josh and Patel, Shwetak and McDuff, Daniel},
  journal={Advances in Neural Information Processing Systems},
  volume={33},
  pages={19400--19411},
  year={2020}
}

@inproceedings{niu2020video,
  title={Video-based remote physiological measurement via cross-verified feature disentangling},
  author={Niu, Xuesong and Yu, Zitong and Han, Hu and Li, Xiaobai and Shan, Shiguang and Zhao, Guoying},
  booktitle={Computer Vision--ECCV 2020: 16th European Conference, Glasgow, UK, August 23--28, 2020, Proceedings, Part II 16},
  pages={295--310},
  year={2020},
  organization={Springer}
}

@inproceedings{li2023learning,
  title={Learning motion-robust remote photoplethysmography through arbitrary resolution videos},
  author={Li, Jianwei and Yu, Zitong and Shi, Jingang},
  booktitle={Proceedings of the AAAI Conference on Artificial Intelligence},
  volume={37},
  number={1},
  pages={1334--1342},
  year={2023}
}

@article{yu2019remote,
  title={Remote photoplethysmograph signal measurement from facial videos using spatio-temporal networks},
  author={Yu, Zitong and Li, Xiaobai and Zhao, Guoying},
  journal={arXiv preprint arXiv:1905.02419},
  year={2019}
}

@inproceedings{yu2019remoteCompress,
  title={Remote heart rate measurement from highly compressed facial videos: an end-to-end deep learning solution with video enhancement},
  author={Yu, Zitong and Peng, Wei and Li, Xiaobai and Hong, Xiaopeng and Zhao, Guoying},
  booktitle={Proceedings of the IEEE/CVF international conference on computer vision},
  pages={151--160},
  year={2019}
}

@article{yu2023physformer++,
  title={Physformer++: Facial video-based physiological measurement with slowfast temporal difference transformer},
  author={Yu, Zitong and Shen, Yuming and Shi, Jingang and Zhao, Hengshuang and Cui, Yawen and Zhang, Jiehua and Torr, Philip and Zhao, Guoying},
  journal={International Journal of Computer Vision},
  volume={131},
  number={6},
  pages={1307--1330},
  year={2023},
  publisher={Springer}
}

@inproceedings{liu2023efficientphys,
  title={Efficientphys: Enabling simple, fast and accurate camera-based cardiac measurement},
  author={Liu, Xin and Hill, Brian and Jiang, Ziheng and Patel, Shwetak and McDuff, Daniel},
  booktitle={Proceedings of the IEEE/CVF winter conference on applications of computer vision},
  pages={5008--5017},
  year={2023}
}

@article{zou2024rhythmformer,
  title={Rhythmformer: Extracting rppg signals based on hierarchical temporal periodic transformer},
  author={Zou, Bochao and Guo, Zizheng and Chen, Jiansheng and Ma, Huimin},
  journal={arXiv preprint arXiv:2402.12788},
  year={2024}
}

@inproceedings{li2023dashlet,
  title={Dashlet: Taming swipe uncertainty for robust short video streaming},
  author={Li, Zhuqi and Xie, Yaxiong and Netravali, Ravi and Jamieson, Kyle},
  booktitle={20th USENIX Symposium on Networked Systems Design and Implementation (NSDI 23)},
  pages={1583--1599},
  year={2023}
}

@inproceedings{tang2023lut,
  title={Lut-nn: Empower efficient neural network inference with centroid learning and table lookup},
  author={Tang, Xiaohu and Wang, Yang and Cao, Ting and Zhang, Li Lyna and Chen, Qi and Cai, Deng and Liu, Yunxin and Yang, Mao},
  booktitle={Proceedings of the 29th Annual International Conference on Mobile Computing and Networking},
  pages={1--15},
  year={2023}
}

@inproceedings{hamadanian2023ekho,
  title={Ekho: Synchronizing cloud gaming media across multiple endpoints},
  author={Hamadanian, Pouya and Gallatin, Doug and Alizadeh, Mohammad and Chintalapudi, Krishna},
  booktitle={Proceedings of the ACM SIGCOMM 2023 Conference},
  pages={533--549},
  year={2023}
}

@inproceedings{guan2023metastream,
  title={Metastream: Live volumetric content capture, creation, delivery, and rendering in real time},
  author={Guan, Yongjie and Hou, Xueyu and Wu, Nan and Han, Bo and Han, Tao},
  booktitle={Proceedings of the 29th Annual International Conference on Mobile Computing and Networking},
  pages={1--15},
  year={2023}
}

@inproceedings{khani2023recl,
  title={$\{$RECL$\}$: Responsive $\{$Resource-Efficient$\}$ continuous learning for video analytics},
  author={Khani, Mehrdad and Ananthanarayanan, Ganesh and Hsieh, Kevin and Jiang, Junchen and Netravali, Ravi and Shu, Yuanchao and Alizadeh, Mohammad and Bahl, Victor},
  booktitle={20th USENIX Symposium on Networked Systems Design and Implementation (NSDI 23)},
  pages={917--932},
  year={2023}
}

@inproceedings{wen2023adaptivenet,
  title={Adaptivenet: Post-deployment neural architecture adaptation for diverse edge environments},
  author={Wen, Hao and Li, Yuanchun and Zhang, Zunshuai and Jiang, Shiqi and Ye, Xiaozhou and Ouyang, Ye and Zhang, Yaqin and Liu, Yunxin},
  booktitle={Proceedings of the 29th Annual International Conference on Mobile Computing and Networking},
  pages={1--17},
  year={2023}
}

@inproceedings{dhawaskar2023converge,
  title={Converge: Qoe-driven multipath video conferencing over webrtc},
  author={Dhawaskar Sathyanarayana, Sandesh and Lee, Kyunghan and Grunwald, Dirk and Ha, Sangtae},
  booktitle={Proceedings of the ACM SIGCOMM 2023 Conference},
  pages={637--653},
  year={2023}
}

@inproceedings{yi2023boosting,
  title={Boosting dnn cold inference on edge devices},
  author={Yi, Rongjie and Cao, Ting and Zhou, Ao and Ma, Xiao and Wang, Shangguang and Xu, Mengwei},
  booktitle={Proceedings of the 21st Annual International Conference on Mobile Systems, Applications and Services},
  pages={516--529},
  year={2023}
}

@inproceedings{zhou2019learning,
  title={Learning to coordinate video codec with transport protocol for mobile video telephony},
  author={Zhou, Anfu and Zhang, Huanhuan and Su, Guangyuan and Wu, Leilei and Ma, Ruoxuan and Meng, Zhen and Zhang, Xinyu and Xie, Xiufeng and Ma, Huadong and Chen, Xiaojiang},
  booktitle={The 25th Annual International Conference on Mobile Computing and Networking},
  pages={1--16},
  year={2019}
}

@article{wang2016algorithmic,
  title={Algorithmic principles of remote PPG},
  author={Wang, Wenjin and Den Brinker, Albertus C and Stuijk, Sander and De Haan, Gerard},
  journal={IEEE Transactions on Biomedical Engineering},
  volume={64},
  number={7},
  pages={1479--1491},
  year={2016},
  publisher={IEEE}
}



@inproceedings{tao2021someone,
  title={Is Someone Speaking? Exploring Long-term Temporal Features for Audio-visual Active Speaker Detection},
  author={Tao, Ruijie and Pan, Zexu and Das, Rohan Kumar and Qian, Xinyuan and Shou, Mike Zheng and Li, Haizhou},
  booktitle = {Proceedings of the 29th ACM International Conference on Multimedia},
  pages = {3927–3935},
  year={2021}
}

@inproceedings{jiang2023target,
  title={Target Active Speaker Detection with Audio-visual Cues},
  author={Jiang, Yidi and Tao, Ruijie and Pan, Zexu and Li, Haizhou},
  booktitle={Proc. Interspeech},
  year={2023}
}

@inproceedings{hu2018squeeze,
  title={Squeeze-and-excitation networks},
  author={Hu, Jie and Shen, Li and Sun, Gang},
  booktitle={Proceedings of the IEEE conference on computer vision and pattern recognition},
  pages={7132--7141},
  year={2018}
}

@article{afouras2018conversation,
  title={The conversation: Deep audio-visual speech enhancement},
  author={Afouras, Triantafyllos and Chung, Joon Son and Zisserman, Andrew},
  journal={arXiv preprint arXiv:1804.04121},
  year={2018}
}


@misc{VideoStreamingSVoD,
	title = {Video {Streaming} ({SVoD}) - {Global} {\textbar} {Statista} {Market} {Forecast}},
	url = {https://www.statista.com/outlook/dmo/digital-media/video-on-demand/video-streaming-svod/worldwide},
	abstract = {The Video Streaming (SVoD) market worldwide is projected to grow by 8.27\% (2024-2027) resulting in a market volume of US\$137.70bn in 2027.},
	language = {en},
	urldate = {2024-09-05},
	journal = {Statista},
}


@misc{Paris2024Parents,
	title = {Paris 2024: {Parents} to be fitted with heart-rate monitors as part of {Olympic} {Games} coverage},
	url = {https://olympics.com/en/news/paris-2024-parents-heart-rate-monitors-olympic-games-coverage},
	urldate = {2024-09-05},
	file = {Paris 2024\: Parents to be fitted with heart-rate monitors as part of Olympic Games coverage:/Users/ethan/Zotero/storage/R443V639/paris-2024-parents-heart-rate-monitors-olympic-games-coverage.html:text/html},
}

@inproceedings{wang2020you,
  title={What you wear know how you feel: An emotion inference system with multi-modal wearable devices},
  author={Wang, Dan and Lei, Haibo and Dong, Haozhi and Wang, Yunshu and Zou, Yongpan and Wu, Kaishun},
  booktitle={Proceedings of the 26th Annual International Conference on Mobile Computing and Networking},
  pages={1--3},
  year={2020}
}

@inproceedings{sun2022estimating,
  title={Estimating stress in online meetings by remote physiological signal and behavioral features},
  author={Sun, Zhaodong and Vedernikov, Alexander and Kykyri, Virpi-Liisa and Pohjola, Mikko and Nokia, Miriam and Li, Xiaobai},
  booktitle={Adjunct Proceedings of the 2022 ACM International Joint Conference on Pervasive and Ubiquitous Computing and the 2022 ACM International Symposium on Wearable Computers},
  pages={216--220},
  year={2022}
}

@inproceedings{liu2019cardiocam,
  title={Cardiocam: Leveraging camera on mobile devices to verify users while their heart is pumping},
  author={Liu, Jian and Shi, Cong and Chen, Yingying and Liu, Hongbo and Gruteser, Marco},
  booktitle={Proceedings of the 17th Annual International Conference on Mobile Systems, Applications, and Services},
  pages={249--261},
  year={2019}
}

@inproceedings{qi2020deeprhythm,
  title={Deeprhythm: Exposing deepfakes with attentional visual heartbeat rhythms},
  author={Qi, Hua and Guo, Qing and Juefei-Xu, Felix and Xie, Xiaofei and Ma, Lei and Feng, Wei and Liu, Yang and Zhao, Jianjun},
  booktitle={Proceedings of the 28th ACM international conference on multimedia},
  pages={4318--4327},
  year={2020}
}


@misc{PolarH10Polar,
	title = {Polar {H10} {\textbar} {Polar} {Global}},
	url = {https://www.polar.com/en/sensors/h10-heart-rate-sensor},
	abstract = {Heart rate monitor chest strap Polar H10 measures your heart rate with maximum precision and comfort. Wear the sensor and follow your heart beat. Find out more!},
	language = {en},
	urldate = {2024-09-05},
}


@misc{SkypeStayConnected,
	title = {Skype {\textbar} {Stay} connected with free video calls worldwide},
	url = {https://www.skype.com/en//},
	abstract = {Keep in touch with free video chat, messaging \& affordable international calls. Create instant online video calls with one click, no download required.},
	language = {en},
	urldate = {2024-09-05},
}


@misc{TeamsChannelsMicrosoft,
	title = {Teams and {Channels} {\textbar} {Microsoft} {Teams}},
	url = {https://teams.microsoft.com/v2/?clientexperience=t2},
	urldate = {2024-09-05},
}


@misc{OnePlatformConnect,
	title = {One platform to connect {\textbar} {Zoom}},
	url = {https://zoom.us/},
	urldate = {2024-09-05},
}


@misc{StreamTVMovies,
	title = {Stream {TV} and {Movies} {Live} and {Online} {\textbar} {Hulu}},
	url = {https://www.hulu.com/welcome?orig_referrer=https%3A%2F%2Fwww.google.com.hk%2F},
	urldate = {2024-09-05},
}


@misc{NetflixSingaporeWatch,
	title = {Netflix {Singapore} – {Watch} {TV} {Programmes} {Online}, {Watch} {Films} {Online}},
	url = {https://www.netflix.com/sg/},
	urldate = {2024-09-05},
}


@misc{YouTube,
	title = {{YouTube}},
	url = {https://www.youtube.com/},
	urldate = {2024-09-05},
}


@misc{ExploreFindYour,
	title = {Explore - {Find} your favourite videos on {TikTok}},
	url = {https://www.tiktok.com/explore},
	urldate = {2024-09-05},
}


@inproceedings{lion2016don,
  title={$\{$Don’t$\}$ Get Caught in the Cold, Warm-up Your $\{$JVM$\}$: Understand and Eliminate $\{$JVM$\}$ Warm-up Overhead in $\{$Data-Parallel$\}$ Systems},
  author={Lion, David and Chiu, Adrian and Sun, Hailong and Zhuang, Xin and Grcevski, Nikola and Yuan, Ding},
  booktitle={12th USENIX Symposium on Operating Systems Design and Implementation (OSDI 16)},
  pages={383--400},
  year={2016}
}

@article{shafer1985using,
  title={Using color to separate reflection components},
  author={Shafer, Steven A},
  journal={Color Research \& Application},
  volume={10},
  number={4},
  pages={210--218},
  year={1985},
  publisher={Wiley Online Library}
}

@inproceedings{stricker2014non,
  title={Non-contact video-based pulse rate measurement on a mobile service robot},
  author={Stricker, Ronny and M{\"u}ller, Steffen and Gross, Horst-Michael},
  booktitle={The 23rd IEEE International Symposium on Robot and Human Interactive Communication},
  pages={1056--1062},
  year={2014},
  organization={IEEE}
}

@INPROCEEDINGS{10340857,
  author={Tang, Jiankai and Chen, Kequan and Wang, Yuntao and Shi, Yuanchun and Patel, Shwetak and McDuff, Daniel and Liu, Xin},
  booktitle={2023 45th Annual International Conference of the IEEE Engineering in Medicine \& Biology Society (EMBC)}, 
  title={MMPD: Multi-Domain Mobile Video Physiology Dataset}, 
  year={2023},
  volume={},
  number={},
  pages={1-5},
  doi={10.1109/EMBC40787.2023.10340857}}

@inproceedings{long2022dynamic,
  title={Dynamic temporal filtering in video models},
  author={Long, Fuchen and Qiu, Zhaofan and Pan, Yingwei and Yao, Ting and Ngo, Chong-Wah and Mei, Tao},
  booktitle={European Conference on Computer Vision},
  pages={475--492},
  year={2022},
  organization={Springer}
}


@misc{GStreamer,
	title = {{GStreamer}},
	url = {https://gstreamer.freedesktop.org/documentation/?gi-language=c},
	urldate = {2024-09-05},
}

@inproceedings{ravanelli2018speaker,
  title={Speaker recognition from raw waveform with sincnet},
  author={Ravanelli, Mirco and Bengio, Yoshua},
  booktitle={2018 IEEE spoken language technology workshop (SLT)},
  pages={1021--1028},
  year={2018},
  organization={IEEE}
}

@inproceedings{wang2021tdn,
  title={Tdn: Temporal difference networks for efficient action recognition},
  author={Wang, Limin and Tong, Zhan and Ji, Bin and Wu, Gangshan},
  booktitle={Proceedings of the IEEE/CVF conference on computer vision and pattern recognition},
  pages={1895--1904},
  year={2021}
}

@inproceedings{sun2021ultrase,
  title={UltraSE: single-channel speech enhancement using ultrasound},
  author={Sun, Ke and Zhang, Xinyu},
  booktitle={Proceedings of the 27th annual international conference on mobile computing and networking},
  pages={160--173},
  year={2021}
}

@article{dolhansky2020deepfake,
  title={The deepfake detection challenge (dfdc) dataset},
  author={Dolhansky, Brian and Bitton, Joanna and Pflaum, Ben and Lu, Jikuo and Howes, Russ and Wang, Menglin and Ferrer, Cristian Canton},
  journal={arXiv preprint arXiv:2006.07397},
  year={2020}
}

@inproceedings{ross2017focal,
  title={Focal loss for dense object detection},
  author={Ross, T-YLPG and Doll{\'a}r, GKHP},
  booktitle={proceedings of the IEEE conference on computer vision and pattern recognition},
  pages={2980--2988},
  year={2017}
}

@inproceedings{mottelson2016affect,
  title={An affect detection technique using mobile commodity sensors in the wild},
  author={Mottelson, Aske and Hornb{\ae}k, Kasper},
  booktitle={Proceedings of the 2016 ACM International Joint Conference on Pervasive and Ubiquitous Computing},
  pages={781--792},
  year={2016}
}

@article{prajwal2023towards,
  title={Towards Efficient Emotion Self-report Collection Using Human-AI Collaboration: A Case Study on Smartphone Keyboard Interaction},
  author={Prajwal, M and Raj, Ayush and Sen, Sougata and Saha, Snehanshu and Ghosh, Surjya},
  journal={Proceedings of the ACM on Interactive, Mobile, Wearable and Ubiquitous Technologies},
  volume={7},
  number={2},
  pages={1--23},
  year={2023},
  publisher={ACM New York, NY, USA}
}

@inproceedings{wu2020emo,
  title={EMO: Real-time emotion recognition from single-eye images for resource-constrained eyewear devices},
  author={Wu, Hao and Feng, Jinghao and Tian, Xuejin and Sun, Edward and Liu, Yunxin and Dong, Bo and Xu, Fengyuan and Zhong, Sheng},
  booktitle={Proceedings of the 18th International Conference on Mobile Systems, Applications, and Services},
  pages={448--461},
  year={2020}
}

@inproceedings{ahmad2024detecting,
  title={Detecting deception in natural environments using incremental transfer learning},
  author={Ahmad, Muneeb Imtiaz and Alzahrani, Abdullah and Ahmad, Sunbul M},
  booktitle={Proceedings of the 26th International Conference on Multimodal Interaction},
  pages={66--75},
  year={2024}
}

@article{yang2023avoid,
  title={Avoid-df: Audio-visual joint learning for detecting deepfake},
  author={Yang, Wenyuan and Zhou, Xiaoyu and Chen, Zhikai and Guo, Bofei and Ba, Zhongjie and Xia, Zhihua and Cao, Xiaochun and Ren, Kui},
  journal={IEEE Transactions on Information Forensics and Security},
  volume={18},
  pages={2015--2029},
  year={2023},
  publisher={IEEE}
}

@inproceedings{demir2021deep,
  title={Where do deep fakes look? synthetic face detection via gaze tracking},
  author={Demir, Ilke and Ciftci, Umur Aybars},
  booktitle={ACM symposium on eye tracking research and applications},
  pages={1--11},
  year={2021}
}

@article{wascher2021heart,
  title={Heart rate as a measure of emotional arousal in evolutionary biology},
  author={Wascher, Claudia AF},
  journal={Philosophical Transactions of the Royal Society B},
  volume={376},
  number={1831},
  pages={20200479},
  year={2021},
  publisher={The Royal Society}
}

@article{prajwal2023towards,
  title={Towards Efficient Emotion Self-report Collection Using Human-AI Collaboration: A Case Study on Smartphone Keyboard Interaction},
  author={Prajwal, M and Raj, Ayush and Sen, Sougata and Saha, Snehanshu and Ghosh, Surjya},
  journal={Proceedings of the ACM on Interactive, Mobile, Wearable and Ubiquitous Technologies},
  volume={7},
  number={2},
  pages={1--23},
  year={2023},
  publisher={ACM New York, NY, USA}
}

@inproceedings{liu2020grad,
  title={Grad: Learning for overhead-aware adaptive video streaming with scalable video coding},
  author={Liu, Yunzhuo and Jiang, Bo and Guo, Tian and Sitaraman, Ramesh K and Towsley, Don and Wang, Xinbing},
  booktitle={Proceedings of the 28th ACM International Conference on Multimedia},
  pages={349--357},
  year={2020}
}

@article{mmdetection,
  title   = {{MMDetection}: Open MMLab Detection Toolbox and Benchmark},
  author  = {Chen, Kai and Wang, Jiaqi and Pang, Jiangmiao and Cao, Yuhang and
             Xiong, Yu and Li, Xiaoxiao and Sun, Shuyang and Feng, Wansen and
             Liu, Ziwei and Xu, Jiarui and Zhang, Zheng and Cheng, Dazhi and
             Zhu, Chenchen and Cheng, Tianheng and Zhao, Qijie and Li, Buyu and
             Lu, Xin and Zhu, Rui and Wu, Yue and Dai, Jifeng and Wang, Jingdong
             and Shi, Jianping and Ouyang, Wanli and Loy, Chen Change and Lin, Dahua},
  journal= {arXiv preprint arXiv:1906.07155},
  year={2019}
}

@inproceedings{du2020server,
  title={Server-driven video streaming for deep learning inference},
  author={Du, Kuntai and Pervaiz, Ahsan and Yuan, Xin and Chowdhery, Aakanksha and Zhang, Qizheng and Hoffmann, Henry and Jiang, Junchen},
  booktitle={Proceedings of the Annual conference of the ACM Special Interest Group on Data Communication on the applications, technologies, architectures, and protocols for computer communication},
  pages={557--570},
  year={2020}
}

@article{wiseman2016python,
  title={Python interface to the webrtc voice activity detector},
  author={Wiseman, John and Bondarenko, Ivan Yu},
  journal={Python interface to the WebRTC voice activity detector},
  year={2016}
}

@article{yang2022survey,
  title={Survey on emotion sensing using mobile devices},
  author={Yang, Kangning and Tag, Benjamin and Wang, Chaofan and Gu, Yue and Sarsenbayeva, Zhanna and Dingler, Tilman and Wadley, Greg and Goncalves, Jorge},
  journal={IEEE Transactions on Affective Computing},
  volume={14},
  number={4},
  pages={2678--2696},
  year={2022},
  publisher={IEEE}
}

@article{fairclough2020personal,
  title={Personal informatics and negative emotions during commuter driving: Effects of data visualization on cardiovascular reactivity \& mood},
  author={Fairclough, Stephen H and Dobbins, Chelsea},
  journal={International Journal of Human-Computer Studies},
  volume={144},
  pages={102499},
  year={2020},
  publisher={Elsevier}
}

@article{bian2024ubihr,
  title={UbiHR: Resource-efficient Long-range Heart Rate Sensing on Ubiquitous Devices},
  author={Bian, Haoyu and Guo, Bin and Liu, Sicong and Ding, Yasan and Gao, Shanshan and Yu, Zhiwen},
  journal={Proceedings of the ACM on Interactive, Mobile, Wearable and Ubiquitous Technologies},
  volume={8},
  number={4},
  pages={1--26},
  year={2024},
  publisher={ACM New York, NY, USA}
}