@inproceedings{tschannen2024givt,
  title={Givt: Generative infinite-vocabulary transformers},
  author={Tschannen, Michael and Eastwood, Cian and Mentzer, Fabian},
  booktitle={European Conference on Computer Vision},
  pages={292--309},
  year={2024},
  organization={Springer}
}

@inproceedings{chen2023vector,
  title={A vector quantized approach for text to speech synthesis on real-world spontaneous speech},
  author={Chen, Li-Wei and Watanabe, Shinji and Rudnicky, Alexander},
  booktitle={Proceedings of the AAAI Conference on Artificial Intelligence},
  volume={37},
  number={11},
  pages={12644--12652},
  year={2023}
}

@article{devlin2018bert,
  title={Bert: Pre-training of deep bidirectional transformers for language understanding},
  author={Devlin, Jacob},
  journal={arXiv preprint arXiv:1810.04805},
  year={2018}
}

@inproceedings{ravanelli2020multi,
  title={Multi-task self-supervised learning for robust speech recognition},
  author={Ravanelli, Mirco and Zhong, Jianyuan and Pascual, Santiago and Swietojanski, Pawel and Monteiro, Joao and Trmal, Jan and Bengio, Yoshua},
  booktitle={ICASSP 2020-2020 IEEE International Conference on Acoustics, Speech and Signal Processing (ICASSP)},
  pages={6989--6993},
  year={2020},
  organization={IEEE}
}

@inproceedings{qian2019autovc,
  title={Autovc: Zero-shot voice style transfer with only autoencoder loss},
  author={Qian, Kaizhi and Zhang, Yang and Chang, Shiyu and Yang, Xuesong and Hasegawa-Johnson, Mark},
  booktitle={International Conference on Machine Learning},
  pages={5210--5219},
  year={2019},
  organization={PMLR}
}

@article{chorowski2019unsupervised,
  title={Unsupervised speech representation learning using wavenet autoencoders},
  author={Chorowski, Jan and Weiss, Ron J and Bengio, Samy and Van Den Oord, A{\"a}ron},
  journal={IEEE/ACM transactions on audio, speech, and language processing},
  volume={27},
  number={12},
  pages={2041--2053},
  year={2019},
  publisher={IEEE}
}

@article{makhzani2015adversarial,
  title={Adversarial autoencoders},
  author={Makhzani, Alireza and Shlens, Jonathon and Jaitly, Navdeep and Goodfellow, Ian and Frey, Brendan},
  journal={arXiv preprint arXiv:1511.05644},
  year={2015}
}

@inproceedings{tomczak2018vae,
  title={VAE with a VampPrior},
  author={Tomczak, Jakub and Welling, Max},
  booktitle={International conference on artificial intelligence and statistics},
  pages={1214--1223},
  year={2018},
  organization={PMLR}
}

@article{dilokthanakul2016deep,
  title={Deep unsupervised clustering with gaussian mixture variational autoencoders},
  author={Dilokthanakul, Nat and Mediano, Pedro AM and Garnelo, Marta and Lee, Matthew CH and Salimbeni, Hugh and Arulkumaran, Kai and Shanahan, Murray},
  journal={arXiv preprint arXiv:1611.02648},
  year={2016}
}

@article{salimans2017pixelcnn++,
  title={Pixelcnn++: Improving the pixelcnn with discretized logistic mixture likelihood and other modifications},
  author={Salimans, Tim and Karpathy, Andrej and Chen, Xi and Kingma, Diederik P},
  journal={arXiv preprint arXiv:1701.05517},
  year={2017}
}

@article{jang2016categorical,
  title={Categorical reparameterization with gumbel-softmax},
  author={Jang, Eric and Gu, Shixiang and Poole, Ben},
  journal={arXiv preprint arXiv:1611.01144},
  year={2016}
}

@article{chiu2017monotonic,
  title={Monotonic chunkwise attention},
  author={Chiu, Chung-Cheng and Raffel, Colin},
  journal={arXiv preprint arXiv:1712.05382},
  year={2017}
}

@article{he2019robust,
  title={Robust sequence-to-sequence acoustic modeling with stepwise monotonic attention for neural TTS},
  author={He, Mutian and Deng, Yan and He, Lei},
  journal={arXiv preprint arXiv:1906.00672},
  year={2019}
}

@article{hines2015visqol,
  title={ViSQOL: an objective speech quality model},
  author={Hines, Andrew and Skoglund, Jan and Kokaram, Anil C and Harte, Naomi},
  journal={EURASIP Journal on Audio, Speech, and Music Processing},
  volume={2015},
  pages={1--18},
  year={2015},
  publisher={Springer}
}

@article{lee2023hierspeech++,
  title={Hierspeech++: Bridging the gap between semantic and acoustic representation of speech by hierarchical variational inference for zero-shot speech synthesis},
  author={Lee, Sang-Hoon and Choi, Ha-Yeong and Kim, Seung-Bin and Lee, Seong-Whan},
  journal={arXiv preprint arXiv:2311.12454},
  year={2023}
}

@article{nagrani2017voxceleb,
  title={Voxceleb: a large-scale speaker identification dataset},
  author={Nagrani, Arsha and Chung, Joon Son and Zisserman, Andrew},
  journal={arXiv preprint arXiv:1706.08612},
  year={2017}
}

@article{chung2018voxceleb2,
  title={Voxceleb2: Deep speaker recognition},
  author={Chung, Joon Son and Nagrani, Arsha and Zisserman, Andrew},
  journal={arXiv preprint arXiv:1806.05622},
  year={2018}
}

@inproceedings{wang2023wespeaker,
  title={Wespeaker: A research and production oriented speaker embedding learning toolkit},
  author={Wang, Hongji and Liang, Chengdong and Wang, Shuai and Chen, Zhengyang and Zhang, Binbin and Xiang, Xu and Deng, Yanlei and Qian, Yanmin},
  booktitle={ICASSP 2023-2023 IEEE International Conference on Acoustics, Speech and Signal Processing (ICASSP)},
  pages={1--5},
  year={2023},
  organization={IEEE}
}

@article{defazio2024road,
  title={The Road Less Scheduled},
  author={Defazio, Aaron and Mehta, Harsh and Mishchenko, Konstantin and Khaled, Ahmed and Cutkosky, Ashok and others},
  journal={arXiv preprint arXiv:2405.15682},
  year={2024}
}

@inproceedings{kahn2020libri,
  title={Libri-light: A benchmark for asr with limited or no supervision},
  author={Kahn, Jacob and Riviere, Morgane and Zheng, Weiyi and Kharitonov, Evgeny and Xu, Qiantong and Mazar{\'e}, Pierre-Emmanuel and Karadayi, Julien and Liptchinsky, Vitaliy and Collobert, Ronan and Fuegen, Christian and others},
  booktitle={ICASSP 2020-2020 IEEE International Conference on Acoustics, Speech and Signal Processing (ICASSP)},
  pages={7669--7673},
  year={2020},
  organization={IEEE}
}

@article{ju2024naturalspeech,
  title={Naturalspeech 3: Zero-shot speech synthesis with factorized codec and diffusion models},
  author={Ju, Zeqian and Wang, Yuancheng and Shen, Kai and Tan, Xu and Xin, Detai and Yang, Dongchao and Liu, Yanqing and Leng, Yichong and Song, Kaitao and Tang, Siliang and others},
  journal={arXiv preprint arXiv:2403.03100},
  year={2024}
}

@article{li2024styletts,
  title={Styletts 2: Towards human-level text-to-speech through style diffusion and adversarial training with large speech language models},
  author={Li, Yinghao Aaron and Han, Cong and Raghavan, Vinay and Mischler, Gavin and Mesgarani, Nima},
  journal={Advances in Neural Information Processing Systems},
  volume={36},
  year={2024}
}

@article{mehta2024should,
  title={Should you use a probabilistic duration model in TTS? Probably! Especially for spontaneous speech},
  author={Mehta, Shivam and Lameris, Harm and Punmiya, Rajiv and Beskow, Jonas and Sz{\'e}kely, {\'E}va and Henter, Gustav Eje},
  journal={arXiv preprint arXiv:2406.05401},
  year={2024}
}

@article{lim2022jets,
  title={JETS: Jointly training FastSpeech2 and HiFi-GAN for end to end text to speech},
  author={Lim, Dan and Jung, Sunghee and Kim, Eesung},
  journal={arXiv preprint arXiv:2203.16852},
  year={2022}
}

@inproceedings{mehta2024matcha,
  title={Matcha-TTS: A fast TTS architecture with conditional flow matching},
  author={Mehta, Shivam and Tu, Ruibo and Beskow, Jonas and Sz{\'e}kely, {\'E}va and Henter, Gustav Eje},
  booktitle={ICASSP 2024-2024 IEEE International Conference on Acoustics, Speech and Signal Processing (ICASSP)},
  pages={11341--11345},
  year={2024},
  organization={IEEE}
}

@article{liu2022diffgan,
  title={Diffgan-tts: High-fidelity and efficient text-to-speech with denoising diffusion gans},
  author={Liu, Songxiang and Su, Dan and Yu, Dong},
  journal={arXiv preprint arXiv:2201.11972},
  year={2022}
}

@inproceedings{huang2022prodiff,
  title={Prodiff: Progressive fast diffusion model for high-quality text-to-speech},
  author={Huang, Rongjie and Zhao, Zhou and Liu, Huadai and Liu, Jinglin and Cui, Chenye and Ren, Yi},
  booktitle={Proceedings of the 30th ACM International Conference on Multimedia},
  pages={2595--2605},
  year={2022}
}

@inproceedings{popov2021grad,
  title={Grad-tts: A diffusion probabilistic model for text-to-speech},
  author={Popov, Vadim and Vovk, Ivan and Gogoryan, Vladimir and Sadekova, Tasnima and Kudinov, Mikhail},
  booktitle={International Conference on Machine Learning},
  pages={8599--8608},
  year={2021},
  organization={PMLR}
}

@article{jeong2021diff,
  title={Diff-tts: A denoising diffusion model for text-to-speech},
  author={Jeong, Myeonghun and Kim, Hyeongju and Cheon, Sung Jun and Choi, Byoung Jin and Kim, Nam Soo},
  journal={arXiv preprint arXiv:2104.01409},
  year={2021}
}

@article{borsos2023audiolm,
  title={Audiolm: a language modeling approach to audio generation},
  author={Borsos, Zal{\'a}n and Marinier, Rapha{\"e}l and Vincent, Damien and Kharitonov, Eugene and Pietquin, Olivier and Sharifi, Matt and Roblek, Dominik and Teboul, Olivier and Grangier, David and Tagliasacchi, Marco and others},
  journal={IEEE/ACM transactions on audio, speech, and language processing},
  volume={31},
  pages={2523--2533},
  year={2023},
  publisher={IEEE}
}

@article{wang2017tacotron,
  title={Tacotron: Towards end-to-end speech synthesis},
  author={Wang, Yuxuan and Skerry-Ryan, RJ and Stanton, Daisy and Wu, Yonghui and Weiss, Ron J and Jaitly, Navdeep and Yang, Zongheng and Xiao, Ying and Chen, Zhifeng and Bengio, Samy and others},
  journal={arXiv preprint arXiv:1703.10135},
  year={2017}
}

@inproceedings{esser2021taming,
  title={Taming transformers for high-resolution image synthesis},
  author={Esser, Patrick and Rombach, Robin and Ommer, Bjorn},
  booktitle={Proceedings of the IEEE/CVF conference on computer vision and pattern recognition},
  pages={12873--12883},
  year={2021}
}

@article{choi2024self,
  title={Self-Supervised Speech Representations are More Phonetic than Semantic},
  author={Choi, Kwanghee and Pasad, Ankita and Nakamura, Tomohiko and Fukayama, Satoru and Livescu, Karen and Watanabe, Shinji},
  journal={arXiv preprint arXiv:2406.08619},
  year={2024}
}


@article{lyth2024natural,
  title={Natural language guidance of high-fidelity text-to-speech with synthetic annotations},
  author={Lyth, Dan and King, Simon},
  journal={arXiv preprint arXiv:2402.01912},
  year={2024}
}

@article{copet2024simple,
  title={Simple and controllable music generation},
  author={Copet, Jade and Kreuk, Felix and Gat, Itai and Remez, Tal and Kant, David and Synnaeve, Gabriel and Adi, Yossi and D{\'e}fossez, Alexandre},
  journal={Advances in Neural Information Processing Systems},
  volume={36},
  year={2024}
}

@article{vaswani2017attention,
  title={Attention is all you need},
  author={Vaswani, A},
  journal={Advances in Neural Information Processing Systems},
  year={2017}
}

@article{radford2019language,
  title={Language models are unsupervised multitask learners},
  author={Radford, Alec and Wu, Jeffrey and Child, Rewon and Luan, David and Amodei, Dario and Sutskever, Ilya and others},
  journal={OpenAI blog},
  volume={1},
  number={8},
  pages={9},
  year={2019}
}

@inproceedings{raffel2017online,
  title={Online and linear-time attention by enforcing monotonic alignments},
  author={Raffel, Colin and Luong, Minh-Thang and Liu, Peter J and Weiss, Ron J and Eck, Douglas},
  booktitle={International conference on machine learning},
  pages={2837--2846},
  year={2017},
  organization={PMLR}
}

@article{kumar2024high,
  title={High-fidelity audio compression with improved rvqgan},
  author={Kumar, Rithesh and Seetharaman, Prem and Luebs, Alejandro and Kumar, Ishaan and Kumar, Kundan},
  journal={Advances in Neural Information Processing Systems},
  volume={36},
  year={2024}
}

@article{defossez2022high,
  title={High fidelity neural audio compression},
  author={D{\'e}fossez, Alexandre and Copet, Jade and Synnaeve, Gabriel and Adi, Yossi},
  journal={arXiv preprint arXiv:2210.13438},
  year={2022}
}

@article{graves2016stochastic,
  title={Stochastic backpropagation through mixture density distributions},
  author={Graves, Alex},
  journal={arXiv preprint arXiv:1607.05690},
  year={2016}
}

@article{mentzer2023finite,
  title={Finite scalar quantization: Vq-vae made simple},
  author={Mentzer, Fabian and Minnen, David and Agustsson, Eirikur and Tschannen, Michael},
  journal={arXiv preprint arXiv:2309.15505},
  year={2023}
}

@inproceedings{lancucki2020robust,
  title={Robust training of vector quantized bottleneck models},
  author={{\L}a{\'n}cucki, Adrian and Chorowski, Jan and Sanchez, Guillaume and Marxer, Ricard and Chen, Nanxin and Dolfing, Hans JGA and Khurana, Sameer and Alum{\"a}e, Tanel and Laurent, Antoine},
  booktitle={2020 International Joint Conference on Neural Networks (IJCNN)},
  pages={1--7},
  year={2020},
  organization={IEEE}
}

@article{betker2023better,
  title={Better speech synthesis through scaling},
  author={Betker, James},
  journal={arXiv preprint arXiv:2305.07243},
  year={2023}
}

@article{casanova2024xtts,
  title={XTTS: a Massively Multilingual Zero-Shot Text-to-Speech Model},
  author={Casanova, Edresson and Davis, Kelly and G{\"o}lge, Eren and G{\"o}knar, G{\"o}rkem and Gulea, Iulian and Hart, Logan and Aljafari, Aya and Meyer, Joshua and Morais, Reuben and Olayemi, Samuel and others},
  journal={arXiv preprint arXiv:2406.04904},
  year={2024}
}

@inproceedings{ramesh2021zero,
  title={Zero-shot text-to-image generation},
  author={Ramesh, Aditya and Pavlov, Mikhail and Goh, Gabriel and Gray, Scott and Voss, Chelsea and Radford, Alec and Chen, Mark and Sutskever, Ilya},
  booktitle={International conference on machine learning},
  pages={8821--8831},
  year={2021},
  organization={Pmlr}
}

@inproceedings{vincent2008extracting,
  title={Extracting and composing robust features with denoising autoencoders},
  author={Vincent, Pascal and Larochelle, Hugo and Bengio, Yoshua and Manzagol, Pierre-Antoine},
  booktitle={Proceedings of the 25th international conference on Machine learning},
  pages={1096--1103},
  year={2008}
}

@article{hinton2006reducing,
  title={Reducing the dimensionality of data with neural networks},
  author={Hinton, Geoffrey E and Salakhutdinov, Ruslan R},
  journal={science},
  volume={313},
  number={5786},
  pages={504--507},
  year={2006},
  publisher={American Association for the Advancement of Science}
}

@article{fastspeech2,
  title={Fastspeech 2: Fast and high-quality end-to-end text to speech},
  author={Ren, Yi and Hu, Chenxu and Tan, Xu and Qin, Tao and Zhao, Sheng and Zhao, Zhou and Liu, Tie-Yan},
  journal={arXiv preprint arXiv:2006.04558},
  year={2020}
}

@article{styletts,
  title={Styletts: A style-based generative model for natural and diverse text-to-speech synthesis},
  author={Li, Yinghao Aaron and Han, Cong and Mesgarani, Nima},
  journal={arXiv preprint arXiv:2205.15439},
  year={2022}
}

@article{controlvc,
  title={ControlVC: Zero-Shot Voice Conversion with Time-Varying Controls on Pitch and Rhythm},
  author={Chen, Meiying and Duan, Zhiyao},
  journal={arXiv preprint arXiv:2209.11866},
  year={2022}
}

@article{deepvoice2,
  title={Deep voice 2: Multi-speaker neural text-to-speech},
  author={Gibiansky, Andrew and Arik, Sercan and Diamos, Gregory and Miller, John and Peng, Kainan and Ping, Wei and Raiman, Jonathan and Zhou, Yanqi},
  journal={Advances in Neural Information Processing Systems},
  volume={30},
  year={2017}
}

@article{fairseq,
  title={fairseq: A fast, extensible toolkit for sequence modeling},
  author={Ott, Myle and Edunov, Sergey and Baevski, Alexei and Fan, Angela and Gross, Sam and Ng, Nathan and Grangier, David and Auli, Michael},
  journal={arXiv preprint arXiv:1904.01038},
  year={2019}
}

@article{kingma2018glow,
  title={Glow: Generative flow with invertible 1x1 convolutions},
  author={Kingma, Durk P and Dhariwal, Prafulla},
  journal={Advances in Neural Information Processing Systems},
  volume={31},
  year={2018}
}

@article{biggan,
  title={Large scale GAN training for high fidelity natural image synthesis},
  author={Brock, Andrew and Donahue, Jeff and Simonyan, Karen},
  journal={arXiv preprint arXiv:1809.11096},
  year={2018}
}

@article{choi2021neural,
  title={Neural analysis and synthesis: Reconstructing speech from self-supervised representations},
  author={Choi, Hyeong-Seok and Lee, Juheon and Kim, Wansoo and Lee, Jie and Heo, Hoon and Lee, Kyogu},
  journal={Advances in Neural Information Processing Systems},
  volume={34},
  pages={16251--16265},
  year={2021}
}

@inproceedings{style_tokens,
  title={Style tokens: Unsupervised style modeling, control and transfer in end-to-end speech synthesis},
  author={Wang, Yuxuan and Stanton, Daisy and Zhang, Yu and Ryan, RJ-Skerry and Battenberg, Eric and Shor, Joel and Xiao, Ying and Jia, Ye and Ren, Fei and Saurous, Rif A},
  booktitle={International Conference on Machine Learning},
  pages={5180--5189},
  year={2018},
  organization={PMLR}
}

@article{voicebox,
  title={Voicebox: Text-guided multilingual universal speech generation at scale},
  author={Le, Matthew and Vyas, Apoorv and Shi, Bowen and Karrer, Brian and Sari, Leda and Moritz, Rashel and Williamson, Mary and Manohar, Vimal and Adi, Yossi and Mahadeokar, Jay and others},
  journal={arXiv preprint arXiv:2306.15687},
  year={2023}
}

@article{borsos2023soundstorm,
  title={SoundStorm: Efficient Parallel Audio Generation},
  author={Borsos, Zal{\'a}n and Sharifi, Matt and Vincent, Damien and Kharitonov, Eugene and Zeghidour, Neil and Tagliasacchi, Marco},
  journal={arXiv preprint arXiv:2305.09636},
  year={2023}
}

@article{zeghidour2021soundstream,
  title={Soundstream: An end-to-end neural audio codec},
  author={Zeghidour, Neil and Luebs, Alejandro and Omran, Ahmed and Skoglund, Jan and Tagliasacchi, Marco},
  journal={IEEE/ACM Transactions on Audio, Speech, and Language Processing},
  volume={30},
  pages={495--507},
  year={2021},
  publisher={IEEE}
}


@inproceedings{qian2020unsupervised,
  title={Unsupervised speech decomposition via triple information bottleneck},
  author={Qian, Kaizhi and Zhang, Yang and Chang, Shiyu and Hasegawa-Johnson, Mark and Cox, David},
  booktitle={International Conference on Machine Learning},
  pages={7836--7846},
  year={2020},
  organization={PMLR}
}

@article{yadav2023dsvae,
  title={DSVAE: Interpretable Disentangled Representation for Synthetic Speech Detection},
  author={Yadav, Amit Kumar Singh and Bhagtani, Kratika and Xiang, Ziyue and Bestagini, Paolo and Tubaro, Stefano and Delp, Edward J},
  journal={arXiv preprint arXiv:2304.03323},
  year={2023}
}

@article{hsu2017unsupervised,
  title={Unsupervised learning of disentangled and interpretable representations from sequential data},
  author={Hsu, Wei-Ning and Zhang, Yu and Glass, James},
  journal={Advances in Neural Information Processing systems},
  volume={30},
  year={2017}
}

@article{valle,
  title={Neural Codec Language Models Are Zero-Shot Text to Speech Synthesizers, 2023},
  author={Wang, Chengyi and Chen, Sanyuan and Wu, Yu and Zhang, Ziqiang and Zhou, Long and Liu, Shujie and Chen, Zhuo and Liu, Yanqing and Wang, Huaming and Li, Jinyu and others},
  journal={URL: https://arxiv. org/abs/2301.02111. doi: doi},
  volume={10}
}

@article{naturalspeech,
  title={Naturalspeech: End-to-end text to speech synthesis with human-level quality},
  author={Tan, Xu and Chen, Jiawei and Liu, Haohe and Cong, Jian and Zhang, Chen and Liu, Yanqing and Wang, Xi and Leng, Yichong and Yi, Yuanhao and He, Lei and others},
  journal={arXiv preprint arXiv:2205.04421},
  year={2022}
}

@article{ho2020denoising,
  title={Denoising diffusion probabilistic models},
  author={Ho, Jonathan and Jain, Ajay and Abbeel, Pieter},
  journal={Advances in Neural Information Processing systems},
  volume={33},
  pages={6840--6851},
  year={2020}
}

@article{koizumi2023libritts,
  title={LibriTTS-R: A Restored Multi-Speaker Text-to-Speech Corpus},
  author={Koizumi, Yuma and Zen, Heiga and Karita, Shigeki and Ding, Yifan and Yatabe, Kohei and Morioka, Nobuyuki and Bacchiani, Michiel and Zhang, Yu and Han, Wei and Bapna, Ankur},
  journal={arXiv preprint arXiv:2305.18802},
  year={2023}
}

@inproceedings{gan_control,
  title={Unsupervised discovery of interpretable directions in the gan latent space},
  author={Voynov, Andrey and Babenko, Artem},
  booktitle={International Conference on Machine Learning},
  pages={9786--9796},
  year={2020},
  organization={PMLR}
}

@inproceedings{beta_vae,
  title={beta-vae: Learning basic visual concepts with a constrained variational framework},
  author={Higgins, Irina and Matthey, Loic and Pal, Arka and Burgess, Christopher and Glorot, Xavier and Botvinick, Matthew and Mohamed, Shakir and Lerchner, Alexander},
  booktitle={International Conference on Learning Representations},
  year={2016}
}

@inproceedings{stylegan,
  title={A style-based generator architecture for generative adversarial networks},
  author={Karras, Tero and Laine, Samuli and Aila, Timo},
  booktitle={Proceedings of the IEEE/CVF conference on computer vision and pattern recognition},
  pages={4401--4410},
  year={2019}
}

@inproceedings{voynov2020unsupervised,
  title={Unsupervised discovery of interpretable directions in the gan latent space},
  author={Voynov, Andrey and Babenko, Artem},
  booktitle={International conference on machine learning},
  pages={9786--9796},
  year={2020},
  organization={PMLR}
}

@article{ganspace,
  title={Ganspace: Discovering interpretable gan controls},
  author={H{\"a}rk{\"o}nen, Erik and Hertzmann, Aaron and Lehtinen, Jaakko and Paris, Sylvain},
  journal={Advances in neural information processing systems},
  volume={33},
  pages={9841--9850},
  year={2020}
}

@article{melgan,
  title={Melgan: Generative adversarial networks for conditional waveform synthesis},
  author={Kumar, Kundan and Kumar, Rithesh and De Boissiere, Thibault and Gestin, Lucas and Teoh, Wei Zhen and Sotelo, Jose and de Br{\'e}bisson, Alexandre and Bengio, Yoshua and Courville, Aaron C},
  journal={Advances in neural information processing systems},
  volume={32},
  year={2019}
}
@inproceedings{adaspeech,
  author       = {Mingjian Chen and
                  Xu Tan and
                  Bohan Li and
                  Yanqing Liu and
                  Tao Qin and
                  Sheng Zhao and
                  Tie{-}Yan Liu},
  title        = {AdaSpeech: Adaptive Text to Speech for Custom Voice},
  booktitle    = {International Conference on Learning Representations},
  year         = {2021},
}

@inproceedings{yourtts,
  title={Yourtts: Towards zero-shot multi-speaker {TTS} and zero-shot voice conversion for everyone},
  author={Casanova, Edresson and Weber, Julian and Shulby, Christopher D and Junior, Arnaldo Candido and G{\"o}lge, Eren and Ponti, Moacir A},
  booktitle={International Conference on Machine Learning},
  pages={2709--2720},
  year={2022},
}

@article{choi2022nansy++,
  title={NANSY++: Unified Voice Synthesis with Neural Analysis and Synthesis},
  author={Choi, Hyeong-Seok and Yang, Jinhyeok and Lee, Juheon and Kim, Hyeongju},
  journal={arXiv preprint arXiv:2211.09407},
  year={2022}
}

@article{chen2020wavegrad,
  title={Wavegrad: Estimating gradients for waveform generation},
  author={Chen, Nanxin and Zhang, Yu and Zen, Heiga and Weiss, Ron J and Norouzi, Mohammad and Chan, William},
  journal={arXiv preprint arXiv:2009.00713},
  year={2020}
}

@article{zen2019libritts,
  title={Libri{TTS}: A corpus derived from {LibriSpeech} for text-to-speech},
  author={Zen, Heiga and Dang, Viet and Clark, Rob and Zhang, Yu and Weiss, Ron J and Jia, Ye and Chen, Zhifeng and Wu, Yonghui},
  journal={arXiv preprint arXiv:1904.02882},
  year={2019}
}

@inproceedings{waveglow,
  title={WaveGlow: A flow-based generative network for speech synthesis},
  author={Prenger, Ryan and Valle, Rafael and Catanzaro, Bryan},
  booktitle={IEEE International Conference on Acoustics, Speech and Signal Processing},
  pages={3617--3621},
  year={2019},
}

@article{oord2016wavenet,
  title={Wavenet: A generative model for raw audio},
  author={Oord, Aaron van den and Dieleman, Sander and Zen, Heiga and Simonyan, Karen and Vinyals, Oriol and Graves, Alex and Kalchbrenner, Nal and Senior, Andrew and Kavukcuoglu, Koray},
  journal={arXiv preprint arXiv:1609.03499},
  year={2016}
}

@article{hifigan,
  title={Hifi-gan: Generative adversarial networks for efficient and high fidelity speech synthesis},
  author={Kong, Jungil and Kim, Jaehyeon and Bae, Jaekyoung},
  journal={Advances in Neural Information Processing Systems},
  volume={33},
  pages={17022--17033},
  year={2020}
}

@article{vqvae,
  title={Neural Discrete Representation Learning},
  author={Van Den Oord, Aaron and Vinyals, Oriol and others},
  journal={Advances in Neural Information Processing Systems},
  volume={30},
  year={2017}
}


@misc{NFA,
  author = {Weiwei Lin and Chenhang He and Man Wai Mak and Youzhi Tu},
  title = {{Self-supervised Neural Factor Analysis for Disentangling Utterance-level Speech Representations}},
  howpublished = {In {\it Proceedings of the International Conference on Machine Learning}},
  year = {2023}, 
}

@article{desplanques2020ecapa,
  title={Ecapa-tdnn: Emphasized channel attention, propagation and aggregation in tdnn based speaker verification},
  author={Desplanques, Brecht and Thienpondt, Jenthe and Demuynck, Kris},
  journal={arXiv preprint arXiv:2005.07143},
  year={2020}
}

@inproceedings{dvector,
  title={Deep neural networks for small footprint text-dependent speaker verification},
  author={Variani, Ehsan and Lei, Xin and McDermott, Erik and Moreno, Ignacio Lopez and Gonzalez-Dominguez, Javier},
  booktitle={2014 IEEE international conference on acoustics, speech and signal processing (ICASSP)},
  pages={4052--4056},
  year={2014},
  organization={IEEE}
}

@article{jia2018transfer,
  title={Transfer learning from speaker verification to multispeaker text-to-speech synthesis},
  author={Jia, Ye and Zhang, Yu and Weiss, Ron and Wang, Quan and Shen, Jonathan and Ren, Fei and Nguyen, Patrick and Pang, Ruoming and Lopez Moreno, Ignacio and Wu, Yonghui and others},
  journal={Advances in Neural Information Processing Systems},
  volume={31},
  year={2018}
}

@inproceedings{vits,
  title={Conditional variational autoencoder with adversarial learning for end-to-end text-to-speech},
  author={Kim, Jaehyeon and Kong, Jungil and Son, Juhee},
  booktitle={International Conference on Machine Learning},
  pages={5530--5540},
  year={2021},
  organization={PMLR}
}

@article{glowtts,
  title={Glow-tts: A generative flow for text-to-speech via monotonic alignment search},
  author={Kim, Jaehyeon and Kim, Sungwon and Kong, Jungil and Yoon, Sungroh},
  journal={Advances in Neural Information Processing Systems},
  volume={33},
  pages={8067--8077},
  year={2020}
}

@article{fastspeech,
  title={Fastspeech: Fast, robust and controllable text to speech},
  author={Ren, Yi and Ruan, Yangjun and Tan, Xu and Qin, Tao and Zhao, Sheng and Zhao, Zhou and Liu, Tie-Yan},
  journal={Advances in neural information processing systems},
  volume={32},
  year={2019}
}

@inproceedings{gan-face-editing,
  title={Interpreting the latent space of {GAN}s for semantic face editing},
  author={Shen, Yujun and Gu, Jinjin and Tang, Xiaoou and Zhou, Bolei},
  booktitle={IEEE/CVF Conference on Computer Vision and Pattern Recognition},
  pages={9243--9252},
  year={2020}
}

@inproceedings{gan-scene-editing,
  title={Generative hierarchical features from synthesizing images},
  author={Xu, Yinghao and Shen, Yujun and Zhu, Jiapeng and Yang, Ceyuan and Zhou, Bolei},
  booktitle={Proceedings of the IEEE/CVF Conference on Computer Vision and Pattern Recognition},
  pages={4432--4442},
  year={2021}
}


@inproceedings{tacotron,
  title={Natural {TTS} synthesis by conditioning {WaveNet} on mel spectrogram predictions},
  author={Shen, Jonathan and Pang, Ruoming and Weiss, Ron J and Schuster, Mike and Jaitly, Navdeep and Yang, Zongheng and Chen, Zhifeng and Zhang, Yu and Wang, Yuxuan and Skerrv-Ryan, Rj and others},
  booktitle={International Conference on Acoustics, Speech and Signal Processing},
  pages={4779--4783},
  year={2018},
}

@article{dhariwal2021diffusion,
  title={Diffusion models beat {GAN}s on image synthesis},
  author={Dhariwal, Prafulla and Nichol, Alexander},
  journal={Advances in Neural Information Processing Systems},
  volume={34},
  pages={8780--8794},
  year={2021}
}

@inproceedings{vae,
  author       = {Diederik P. Kingma and
                  Max Welling},
  title        = {Auto-Encoding Variational Bayes},
  booktitle    = {2nd International Conference on Learning Representations, {ICLR} 2014,
                  Banff, AB, Canada, April 14-16, 2014, Conference Track Proceedings},
  year         = {2014},
}

@inproceedings{gan,
  author       = {Ian J. Goodfellow and
                  Jean Pouget{-}Abadie and
                  Mehdi Mirza and
                  Bing Xu and
                  David Warde{-}Farley and
                  Sherjil Ozair and
                  Aaron C. Courville and
                  Yoshua Bengio},
  title        = {Generative Adversarial Nets},
  booktitle    = {Advances in Neural Information Processing Systems},
  pages        = {2672--2680},
  year         = {2014},
}

@article{brown2020language,
  title={Language models are few-shot learners},
  author={Brown, Tom and Mann, Benjamin and Ryder, Nick and Subbiah, Melanie and Kaplan, Jared D and Dhariwal, Prafulla and Neelakantan, Arvind and Shyam, Pranav and Sastry, Girish and Askell, Amanda and others},
  journal={Advances in Neural Information Processing Systems},
  volume={33},
  pages={1877--1901},
  year={2020}
}

@article{polyak2021speech,
  title={Speech resynthesis from discrete disentangled self-supervised representations},
  author={Polyak, Adam and Adi, Yossi and Copet, Jade and Kharitonov, Eugene and Lakhotia, Kushal and Hsu, Wei-Ning and Mohamed, Abdelrahman and Dupoux, Emmanuel},
  journal={arXiv preprint arXiv:2104.00355},
  year={2021}
}

@inproceedings{snyder2018x,
  title={X-vectors: Robust {DNN} embeddings for speaker recognition},
  author={Snyder, David and Garcia-Romero, Daniel and Sell, Gregory and Povey, Daniel and Khudanpur, Sanjeev},
  booktitle={International Conference on Acoustics, Speech and Signal Processing},
  pages={5329--5333},
  year={2018},
}

@article{fid,
  title={{GAN}s trained by a two time-scale update rule converge to a local nash equilibrium},
  author={Heusel, Martin and Ramsauer, Hubert and Unterthiner, Thomas and Nessler, Bernhard and Hochreiter, Sepp},
  journal={Advances in Neural Information Processing Systems},
  volume={30},
  year={2017}
}

@inproceedings{tacospawn,
  title={Speaker generation},
  author={Stanton, Daisy and Shannon, Matt and Mariooryad, Soroosh and Skerry-Ryan, RJ and Battenberg, Eric and Bagby, Tom and Kao, David},
  booktitle={IEEE International Conference on Acoustics, Speech and Signal Processing},
  pages={7897--7901},
  year={2022},
}

@inproceedings{cyclegan2,
  title={{CycleGAN}-{VC}2: Improved {CycleGAN}-based non-parallel voice conversion},
  author={Kaneko, Takuhiro and Kameoka, Hirokazu and Tanaka, Kou and Hojo, Nobukatsu},
  booktitle={IEEE International Conference on Acoustics, Speech and Signal Processing},
  pages={6820--6824},
  year={2019},
}

@inproceedings{autovc,
  title={{AutoVC}: Zero-shot voice style transfer with only autoencoder loss},
  author={Qian, Kaizhi and Zhang, Yang and Chang, Shiyu and Yang, Xuesong and Hasegawa-Johnson, Mark},
  booktitle={International Conference on Machine Learning},
  pages={5210--5219},
  year={2019},
  organization={PMLR}
}

@article{parrotron,
  title={Parrotron: An end-to-end speech-to-speech conversion model and its applications to hearing-impaired speech and speech separation},
  author={Biadsy, Fadi and Weiss, Ron J and Moreno, Pedro J and Kanevsky, Dimitri and Jia, Ye},
  journal={arXiv preprint arXiv:1904.04169},
  year={2019}
}

@inproceedings{parallel_vc2,
  title={AttS2S-VC: Sequence-to-sequence voice conversion with attention and context preservation mechanisms},
  author={Tanaka, Kou and Kameoka, Hirokazu and Kaneko, Takuhiro and Hojo, Nobukatsu},
  booktitle={ICASSP 2019-2019 IEEE International Conference on Acoustics, Speech and Signal Processing (ICASSP)},
  pages={6805--6809},
  year={2019},
  organization={IEEE}
}

@article{parallel_vc1,
  title={Sequence-to-sequence acoustic modeling for voice conversion},
  author={Zhang, Jing-Xuan and Ling, Zhen-Hua and Liu, Li-Juan and Jiang, Yuan and Dai, Li-Rong},
  journal={IEEE/ACM Transactions on Audio, Speech, and Language Processing},
  volume={27},
  number={3},
  pages={631--644},
  year={2019},
  publisher={IEEE}
}

@article{helander2010voice,
  title={Voice conversion using partial least squares regression},
  author={Helander, Elina and Virtanen, Tuomas and Nurminen, Jani and Gabbouj, Moncef},
  journal={IEEE Transactions on Audio, Speech, and Language Processing},
  volume={18},
  number={5},
  pages={912--921},
  year={2010},
  publisher={IEEE}
}

@article{pedregosa2011scikit,
  title={Scikit-learn: Machine learning in Python},
  author={Pedregosa, Fabian and Varoquaux, Ga{\"e}l and Gramfort, Alexandre and Michel, Vincent and Thirion, Bertrand and Grisel, Olivier and Blondel, Mathieu and Prettenhofer, Peter and Weiss, Ron and Dubourg, Vincent and others},
  journal={the Journal of machine Learning research},
  volume={12},
  pages={2825--2830},
  year={2011},
  publisher={JMLR. org}
}

@article{MMD,
  author    = {Arthur Gretton and
               Karsten M. Borgwardt and
               Malte J. Rasch and
               Bernhard Sch{\"{o}}lkopf and
               Alexander J. Smola},
  title     = {A Kernel Two-Sample Test},
  journal   = {J. Mach. Learn. Res.},
  volume    = {13},
  pages     = {723--773},
  year      = {2012},
}

@inproceedings{DBLP:conf/interspeech/FanLZX21,
  author    = {Zhiyun Fan and
               Meng Li and
               Shiyu Zhou and
               Bo Xu},
  title     = {Exploring wav2vec 2.0 on Speaker Verification and Language Identification},
  booktitle = {Proc. Interspeech},
  pages     = {1509--1513},
  year      = {2021},
}
@inproceedings{sculley2010web,
  title={Web-scale k-means clustering},
  author={Sculley, David},
  booktitle={Proc. International Conference on World Wide Web},
  pages={1177--1178},
  year={2010}
}

@article{kingma2013auto,
  title={Auto-encoding variational bayes},
  author={Kingma, Diederik P and Welling, Max},
  journal={arXiv preprint arXiv:1312.6114},
  year={2013}
}

@inproceedings{burget2011discriminatively,
  title={Discriminatively trained probabilistic linear discriminant analysis for speaker verification},
  author={Burget, Luk{\'a}{\v{s}} and Plchot, Old{\v{r}}ich and Cumani, Sandro and Glembek, Ond{\v{r}}ej and Mat{\v{e}}jka, Pavel and Br{\"u}mmer, Niko},
  booktitle={Proc. international conference on acoustics, speech and signal processing (ICASSP)},
  pages={4832--4835},
  year={2011},
}

@book{murphy2012machine,
  title={Machine Learning: A Probabilistic Perspective},
  author={Murphy, Kevin P},
  year={2012},
  publisher={MIT press}
}

@inproceedings{lei2014novel,
  title={A novel scheme for speaker recognition using a phonetically-aware deep neural network},
  author={Lei, Yun and Scheffer, Nicolas and Ferrer, Luciana and McLaren, Mitchell},
  booktitle={Proc. International Conference on Acoustics, Speech and Signal Processing (ICASSP)},
  pages={1695--1699},
  year={2014},
}

@inproceedings{alhanai2017spoken,
  title={Spoken language biomarkers for detecting cognitive impairment},
  author={Alhanai, Tuka and Au, Rhoda and Glass, James},
  booktitle={Proc. Automatic Speech Recognition and Understanding Workshop (ASRU)},
  pages={409--416},
  year={2017},
}
@inproceedings{ma2016depaudionet,
  title={Depaudionet: An efficient deep model for audio based depression classification},
  author={Ma, Xingchen and Yang, Hongyu and Chen, Qiang and Huang, Di and Wang, Yunhong},
  booktitle={Proc. International Workshop on Audio/Visual Emotion Challenge},
  pages={35--42},
  year={2016}
}

@article{shahnawazuddin2021children,
  title={Children's speaker verification in low and zero resource conditions},
  author={Shahnawazuddin, S and Ahmad, Waquar and Adiga, Nagaraj and Kumar, Avinash},
  journal={Digital Signal Processing},
  volume={116},
  pages={103115},
  year={2021},
}

@inproceedings{thanh2021deep,
  title={Deep Speaker Verification Model for Low-Resource Languages and Vietnamese Dataset},
  author={Thanh, Dat Vi and Viet, Thanh Pham and Thu, Trang Nguyen Thi},
  booktitle={Proc. Pacific Asia Conference on Language, Information and Computation},
  pages={445--454},
  year={2021}
}

@article{wang2021fine,
  title={A fine-tuned wav2vec 2.0/hubert benchmark for speech emotion recognition, speaker verification and spoken language understanding},
  author={Wang, Yingzhi and Boumadane, Abdelmoumene and Heba, Abdelwahab},
  journal={arXiv preprint arXiv:2111.02735},
  year={2021}
}

@dataset{common-lang,
  author       = {Ganesh Sinisetty and
                  Pavlo Ruban and
                  Oleksandr Dymov and
                  Mirco Ravanelli},
  title        = {CommonLanguage},
  month        = jun,
  year         = 2021,
  publisher    = {Zenodo},
  version      = {0.1},
  doi          = {10.5281/zenodo.5036977},
  url          = {https://doi.org/10.5281/zenodo.5036977}
}

@inproceedings{SSL-domain,
  author    = {Wei{-}Ning Hsu and
               Anuroop Sriram and
               Alexei Baevski and
               Tatiana Likhomanenko and
               Qiantong Xu and
               Vineel Pratap and
               Jacob Kahn and
               Ann Lee and
               Ronan Collobert and
               Gabriel Synnaeve and
               Michael Auli},
  title     = {Robust wav2vec 2.0: Analyzing Domain Shift in Self-Supervised Pre-Training},
  booktitle = {Proc. Interspeech 2021},
  pages     = {721--725},
  year      = {2021},
}

@article{nandwana2019voices,
  title={The voices from a distance challenge 2019 evaluation plan},
  author={Nandwana, Mahesh Kumar and Van Hout, Julien and McLaren, Mitchell and Richey, Colleen and Lawson, Aaron and Barrios, Maria Alejandra},
  journal={arXiv preprint arXiv:1902.10828},
  year={2019}
}

@article{umap,
  author    = {Leland McInnes and
               John Healy and
               Nathaniel Saul and
               Lukas Gro{\ss}berger},
  title     = {{UMAP:} Uniform Manifold Approximation and Projection},
  journal   = {J. Open Source Softw.},
  volume    = {3},
  number    = {29},
  pages     = {861},
  year      = {2018},
}

@inproceedings{XLS-R,
  author    = {Arun Babu and
               Changhan Wang and
               Andros Tjandra and
               Kushal Lakhotia and
               Qiantong Xu and
               Naman Goyal and
               Kritika Singh and
               Patrick von Platen and
               Yatharth Saraf and
               Juan Pino and
               Alexei Baevski and
               Alexis Conneau and
               Michael Auli},
  title     = {{XLS-R:} Self-supervised Cross-lingual Speech Representation Learning
               at Scale},
  booktitle = {Proc. Interspeech 2022},
   year=2022,
  pages={2278--2282},
}

@misc{speechbrain,
  title={{SpeechBrain}: A General-Purpose Speech Toolkit},
  author={Mirco Ravanelli and Titouan Parcollet and Peter Plantinga and Aku Rouhe and Samuele Cornell and Loren Lugosch and Cem Subakan and Nauman Dawalatabad and Abdelwahab Heba and Jianyuan Zhong and Ju-Chieh Chou and Sung-Lin Yeh and Szu-Wei Fu and Chien-Feng Liao and Elena Rastorgueva and François Grondin and William Aris and Hwidong Na and Yan Gao and Renato De Mori and Yoshua Bengio},
  year={2021},
  eprint={2106.04624},
  archivePrefix={arXiv},
  primaryClass={eess.AS},
  note={arXiv:2106.04624}
}

@inproceedings{common-voice,
  author    = {Rosana Ardila and
               Megan Branson and
               Kelly Davis and
               Michael Kohler and
               Josh Meyer and
               Michael Henretty and
               Reuben Morais and
               Lindsay Saunders and
               Francis M. Tyers and
               Gregor Weber},
  title     = {Common Voice: {A} Massively-Multilingual Speech Corpus},
  booktitle = {Proc. Language Resources and Evaluation Conference},
        year      = {2022},    	
  pages     = {4218--4222},
}

@article{IEMOCAP,
  author    = {Carlos Busso and
               Murtaza Bulut and
               Chi{-}Chun Lee and
               Abe Kazemzadeh and
               Emily Mower and
               Samuel Kim and
               Jeannette N. Chang and
               Sungbok Lee and
               Shrikanth S. Narayanan},
  title     = {{IEMOCAP:} interactive emotional dyadic motion capture database},
  journal   = {Lang. Resour. Evaluation},
  volume    = {42},
  number    = {4},
  pages     = {335--359},
  year      = {2008},
}

@inproceedings{librispeech,
  author    = {Vassil Panayotov and
               Guoguo Chen and
               Daniel Povey and
               Sanjeev Khudanpur},
  title     = {Librispeech: An {ASR} corpus based on public domain audio books},
  booktitle = {Proc. International Conference on Acoustics, Speech and Signal
               Processing, {ICASSP}},
  pages     = {5206--5210},
  year      = {2015},
}

@inproceedings{vox1,
  author    = {Arsha Nagrani and
               Joon Son Chung and
               Andrew Zisserman},
  title     = {VoxCeleb: {A} Large-Scale Speaker Identification Dataset},
  booktitle = {Proc. Interspeech},
  pages     = {2616--2620},
  year      = {2017}
}

@inproceedings{superb,
  author    = {Shu{-}Wen Yang and
               Po{-}Han Chi and
               Yung{-}Sung Chuang and
               Cheng{-}I Jeff Lai and
               Kushal Lakhotia and
               Yist Y. Lin and
               Andy T. Liu and
               Jiatong Shi and
               Xuankai Chang and
               Guan{-}Ting Lin and
               Tzu{-}Hsien Huang and
               Wei{-}Cheng Tseng and
               Ko{-}tik Lee and
               Da{-}Rong Liu and
               Zili Huang and
               Shuyan Dong and
               Shang{-}Wen Li and
               Shinji Watanabe and
               Abdelrahman Mohamed and
               Hung{-}yi Lee},
  title     = {{SUPERB:} Speech Processing Universal PERformance Benchmark},
  booktitle = {Proc. Interspeech 2021},
  pages     = {1194--1198},
  year      = {2021},
}

@inproceedings{williams2021learning,
  title={Learning disentangled phone and speaker representations in a semi-supervised VQ-VAE paradigm},
  author={Williams, Jennifer and Zhao, Yi and Cooper, Erica and Yamagishi, Junichi},
  booktitle={Proc. International Conference on Acoustics, Speech and Signal
               Processing, {ICASSP}},
  pages={7053--7057},
  year={2021},
}

@inproceedings{multispk-tts,
  author    = {Ye Jia and
               Yu Zhang and
               Ron J. Weiss and
               Quan Wang and
               Jonathan Shen and
               Fei Ren and
               Zhifeng Chen and
               Patrick Nguyen and
               Ruoming Pang and
               Ignacio Lopez{-}Moreno and
               Yonghui Wu},
  title     = {Transfer Learning from Speaker Verification to Multispeaker Text-To-Speech
               Synthesis},
  booktitle = {Advances in Neural Information Processing Systems},
  pages     = {4485--4495},
  year      = {2018},
}

@article{whisper,
  author    = {Alec Radford and
               Jong Wook Kim and
               Tao Xu and
               Greg Brockman and
               Christine McLeavey and
               Ilya Sutskever},
  title     = {Robust Speech Recognition via Large-Scale Weak Supervision},
  journal   = {CoRR},
  volume    = {abs/2212.04356},
  year      = {2022},
  eprinttype = {arXiv},
}


@article{svoverview,
  author    = {Youzhi Tu and
               Weiwei Lin and
               Man{-}Wai Mak},
  title     = {A Survey on Text-Dependent and Text-Independent Speaker Verification},
  journal   = {{IEEE} Access},
  volume    = {10},
  pages     = {99038--99049},
  year      = {2022},
}

@article{langid-overview,
  title={Spoken language recognition: from fundamentals to practice},
  author={Li, Haizhou and Ma, Bin and Lee, Kong Aik},
  journal={Proceedings of the IEEE},
  volume={101},
  number={5},
  pages={1136--1159},
  year={2013},
}

@article{emotion-overview,
  title={A comprehensive review of speech emotion recognition systems},
  author={Wani, Taiba Majid and Gunawan, Teddy Surya and Qadri, Syed Asif Ahmad and Kartiwi, Mira and Ambikairajah, Eliathamby},
  journal={IEEE Access},
  volume={9},
  pages={47795--47814},
  year={2021},
}

@article{ivector,
  title={Front-end factor analysis for speaker verification},
  author={Dehak, Najim and Kenny, Patrick J and Dehak, R{\'e}da and Dumouchel, Pierre and Ouellet, Pierre},
  journal={IEEE Transactions on Audio, Speech, and Language Processing},
  volume={19},
  number={4},
  pages={788--798},
  year={2010},
}

@inproceedings{PLDA,
  title={Probabilistic linear discriminant analysis for inferences about identity},
  author={Prince, Simon JD and Elder, James H},
  booktitle={Proc. International Conference on Computer Vision},
  pages={1--8},
  year={2007},
}

@article{JFA,
  author    = {Patrick Kenny and
               Gilles Boulianne and
               Pierre Ouellet and
               Pierre Dumouchel},
  title     = {Joint Factor Analysis Versus Eigenchannels in Speaker Recognition},
  journal   = {{IEEE} Trans. Speech Audio Process.},
  volume    = {15},
  number    = {4},
  pages     = {1435--1447},
  year      = {2007},
}

@book{bishop2006pattern,
  title={Pattern Recognition and Machine Learning},
  author={Bishop, Christopher M and Nasrabadi, Nasser M},
  volume={4},
  number={4},
  year={2006},
}

@article{wavlm,
  author    = {Sanyuan Chen and
               Chengyi Wang and
               Zhengyang Chen and
               Yu Wu and
               Shujie Liu and
               Zhuo Chen and
               Jinyu Li and
               Naoyuki Kanda and
               Takuya Yoshioka and
               Xiong Xiao and
               Jian Wu and
               Long Zhou and
               Shuo Ren and
               Yanmin Qian and
               Yao Qian and
               Jian Wu and
               Michael Zeng and
               Xiangzhan Yu and
               Furu Wei},
  title     = {{WavLM}: Large-Scale Self-Supervised Pre-Training for Full Stack Speech
               Processing},
  journal   = {{IEEE} J. Sel. Top. Signal Process.},
  volume    = {16},
  number    = {6},
  pages     = {1505--1518},
  year      = {2022},
}

@inproceedings{contectvec,
  author    = {Kaizhi Qian and
               Yang Zhang and
               Heting Gao and
               Junrui Ni and
               Cheng{-}I Lai and
               David D. Cox and
               Mark Hasegawa{-}Johnson and
               Shiyu Chang
               },
  title     = {ContentVec: An Improved Self-Supervised Speech Representation by Disentangling Speakers},
  booktitle = {Proc. International Conference on Machine Learning, {ICML}},
  volume    = {162},
  pages     = {18003--18017},
  year      = {2022},
}

@inproceedings{hubert2,
  author    = {Chengyi Wang and
               Yu Wu and
               Sanyuan Chen and
               Shujie Liu and
               Jinyu Li and
               Yao Qian and
               Zhenglu Yang},
  title     = {Improving Self-Supervised Learning for Speech Recognition with Intermediate
               Layer Supervision},
  booktitle = {Proc. International Conference on Acoustics, Speech and Signal Processing,
               {ICASSP}},
  pages     = {7092--7096},
  year      = {2022},
}

@article{hubert,
  author    = {Wei{-}Ning Hsu and
               Benjamin Bolte and
               Yao{-}Hung Hubert Tsai and
               Kushal Lakhotia and
               Ruslan Salakhutdinov and
               Abdelrahman Mohamed},
  title     = {HuBERT: Self-Supervised Speech Representation Learning by Masked Prediction
               of Hidden Units},
  journal   = {{IEEE} {ACM} Trans. Audio Speech Lang. Process.},
  volume    = {29},
  pages     = {3451--3460},
  year      = {2021},
}

@inproceedings{Mockingjay,
  author    = {Andy T. Liu and
               Shu{-}Wen Yang and
               Po{-}Han Chi and
               Po{-}chun Hsu and
               Hung{-}yi Lee},
  title     = {Mockingjay: Unsupervised Speech Representation Learning with Deep
               Bidirectional Transformer Encoders},
  booktitle = {Proc. International Conference on Acoustics, Speech and Signal
               Processing, {ICASSP}},
  pages     = {6419--6423},
  year      = {2020},
}

@inproceedings{wav2vec2,
  author    = {Alexei Baevski and
               Yuhao Zhou and
               Abdelrahman Mohamed and
               Michael Auli},
  title     = {wav2vec 2.0: {A} Framework for Self-Supervised Learning of Speech
               Representations},
  booktitle = {Proc. Advances in Neural Information Processing Systems},
  year      = {2020},
}

@inproceedings{decoar,
  author    = {Shaoshi Ling and Yuzong Liu and Julian Salazar and Katrin Kirchhoff},
  title     = {Deep Contextualized Acoustic Representations For Semi-Supervised Speech Recognition},
  booktitle = {Proc. International Conference on Acoustics, Speech and Signal
               Processing, {ICASSP}},
  pages     = {6429--6433},
  year      = {2020}
}

@inproceedings{vq-wav2vec,
  author    = {Alexei Baevski and
               Steffen Schneider and
               Michael Auli},
  title     = {vq-wav2vec: Self-Supervised Learning of Discrete Speech Representations},
  booktitle = {Proc. International Conference on Learning Representations, {ICLR}},
  year      = {2020},
}

@inproceedings{apc,
  author    = {Yu{-}An Chung and
               James R. Glass},
  title     = {Generative Pre-Training for Speech with Autoregressive Predictive
               Coding},
  booktitle = {Proc. International Conference on Acoustics, Speech and Signal
               Processing, {ICASSP}},
  pages     = {3497--3501},
  year      = {2020},
}

@inproceedings{wa2vec,
  author    = {Steffen Schneider and
               Alexei Baevski and
               Ronan Collobert and
               Michael Auli},
  title     = {wav2vec: Unsupervised Pre-Training for Speech Recognition},
  booktitle = {Proc. Interspeech 2019},
  pages     = {3465--3469},
  year      = {2019},
}


@article{cpc,
  title={Representation learning with contrastive predictive coding},
  author={Oord, Aaron van den and Li, Yazhe and Vinyals, Oriol},
  journal={arXiv preprint arXiv:1807.03748},
  year={2018}
}

@inproceedings{paste+,
  author    = {Mirco Ravanelli and
               Jianyuan Zhong and
               Santiago Pascual and
               Pawel Swietojanski and
               Jo{\~{a}}o Monteiro and
               Jan Trmal and
               Yoshua Bengio},
  title     = {Multi-Task Self-Supervised Learning for Robust Speech Recognition},
  booktitle = {Proc. International Conference on Acoustics, Speech and Signal
               Processing, {ICASSP}},
  pages     = {6989--6993},
  year      = {2020},
}

@inproceedings{paste,
  author    = {Santiago Pascual and
               Mirco Ravanelli and
               Joan Serr{\`{a}} and
               Antonio Bonafonte and
               Yoshua Bengio},
  title     = {Learning Problem-Agnostic Speech Representations from Multiple Self-Supervised
               Tasks},
  booktitle = {Proc. Interspeech},
  pages     = {161--165},
  year      = {2019},
}


@inproceedings{jagsaw,
  author    = {Carl Doersch and
               Abhinav Gupta and
               Alexei A. Efros},
  title     = {Unsupervised Visual Representation Learning by Context Prediction},
  booktitle = {Proc. International Conference on Computer Vision, {ICCV}},
  pages     = {1422--1430},
  year      = {2015},
}

@article{nlpssl,
  author    = {Ronan Collobert and
               Jason Weston and
               L{\'{e}}on Bottou and
               Michael Karlen and
               Koray Kavukcuoglu and
               Pavel P. Kuksa},
  title     = {Natural Language Processing (Almost) from Scratch},
  journal   = {J. Mach. Learn. Res.},
  volume    = {12},
  pages     = {2493--2537},
  year      = {2011},
}

@inproceedings{simclr,
  author    = {Ting Chen and
               Simon Kornblith and
               Mohammad Norouzi and
               Geoffrey E. Hinton},
  title     = {A Simple Framework for Contrastive Learning of Visual Representations},
  booktitle = {Proc. International Conference on Machine Learning,
               {ICML}},
  series    = {Proceedings of Machine Learning Research},
  volume    = {119},
  pages     = {1597--1607},
  year      = {2020},
}

@inproceedings{bert,
  author    = {Jacob Devlin and
               Ming{-}Wei Chang and
               Kenton Lee and
               Kristina Toutanova},
  title     = {{BERT:} Pre-training of Deep Bidirectional Transformers for Language
               Understanding},
  booktitle = {Proceedings of the 2019 Conference of the North American Chapter of
               the Association for Computational Linguistics: Human Language Technologies,
               {NAACL-HLT} 2019, Minneapolis, MN, USA, June 2-7, 2019, Volume 1 (Long
               and Short Papers)},
  pages     = {4171--4186},
  year      = {2019},
}