@ARTICLE{2021RSPSA.47700524B,
       title = {Understanding the role of urban design in disease spreading},
      journal = {Proceedings of the Royal Society of London Series A},
      author = {{Brizuela}, Noel G. and {Garc{\'\i}a-Chan}, N{\'e}stor and {Guti{\'e}rrez Pulido}, Humberto and {Chowell}, Gerardo},
         year = 2021,
        month = jan,
       volume = {477},
       number = {2245},
          doi = {10.1098/rspa.2020.0524},
       adsurl = {https://ui.adsabs.harvard.edu/abs/2021RSPSA.47700524B},
      adsnote = {Provided by the SAO/NASA Astrophysics Data System}
}

@article{Li2011TheFO,
  title={The Failure of {R0}},
  author={J. Li and D. Blakeley and R. J. Smith},
  journal={Computational and Mathematical Methods in Medicine},
  year={2011},
  volume={2011}
}
@article{katori2021continuum,
  title={Continuum percolation and stochastic epidemic models on {P}oisson and {G}inibre point processes},
  author={Katori, Machiko},
  journal={Physica A: Statistical Mechanics and its Applications},
  volume={581},
  pages={126--191},
  year={2021},
  publisher={Elsevier}
}

@article{HOLME201297,
title = {Temporal networks},
journal = {Physics Reports},
volume = {519},
number = {3},
pages = {97-125},
year = {2012},
note = {Temporal Networks},
issn = {0370-1573},
doi = {https://doi.org/10.1016/j.physrep.2012.03.001},
url = {https://www.sciencedirect.com/science/article/pii/S0370157312000841},
author = {Petter Holme and Jari Saramäki}}

@article{frisch1963percolation,
  title={Percolation processes and related topics},
  author={Frisch, HL and Hammersley, JM},
  journal={Journal of the Society for Industrial and Applied Mathematics},
  volume={11},
  number={4},
  pages={894--918},
  year={1963},
  publisher={SIAM}
}

@book{liggett1985interacting,
  title={Interacting particle systems},
  author={Liggett, Thomas Milton},
  volume={2},
  year={1985},
  publisher={Springer}
}
@article{newman2002spread,
  title={Spread of epidemic disease on networks},
  author={Newman, Mark EJ},
  journal={Physical review E},
  volume={66},
  number={1},
  pages={016128},
  year={2002},
  publisher={APS}
}

@article{baccelli2020computational1,
      title={A computational framework for evaluating the role of mobility on the propagation of epidemics on point processes}, 
      author={François Baccelli and Nithin Ramesan},
  journal={Journal of Mathematical Biology},
  year={2021},
  volume={84}
}
@book{liggett1999stochastic,
  title={Stochastic interacting systems: contact, voter and exclusion processes},
  author={Liggett, Thomas M and others},
  volume={324},
  year={1999},
  publisher={springer science \& Business Media}
}

@article{riley2015five,
  title={Five challenges for spatial epidemic models},
  author={Riley, Steven and Eames, Ken and Isham, Valerie and Mollison, Denis and Trapman, Pieter},
  journal={Epidemics},
  volume={10},
  pages={68--71},
  year={2015},
  publisher={Elsevier}
}




      year={2020},
      eprint={2009.08515},
      archivePrefix={arXiv},
      primaryClass={math.PR}
}
@article{BARTHELEMY20111,
title = {Spatial networks},
journal = {Physics Reports},
volume = {499},
number = {1},
pages = {1-101},
year = {2011},
issn = {0370-1573},
doi = {https://doi.org/10.1016/j.physrep.2010.11.002},
url = {https://www.sciencedirect.com/science/article/pii/S037015731000308X},
author = {Marc Barthelemy},
keywords = {Networks, Graphs, Spatial properties, Statistical physics, Geography, Urban systems},
abstract = {Complex systems are very often organized under the form of networks where nodes and edges are embedded in space. Transportation and mobility networks, Internet, mobile phone networks, power grids, social and contact networks, and neural networks, are all examples where space is relevant and where topology alone does not contain all the information. Characterizing and understanding the structure and the evolution of spatial networks is thus crucial for many different fields, ranging from urbanism to epidemiology. An important consequence of space on networks is that there is a cost associated with the length of edges which in turn has dramatic effects on the topological structure of these networks. We will thoroughly explain the current state of our understanding of how the spatial constraints affect the structure and properties of these networks. We will review the most recent empirical observations and the most important models of spatial networks. We will also discuss various processes which take place on these spatial networks, such as phase transitions, random walks, synchronization, navigation, resilience, and disease spread.}
}

@book{grimmett1999percolation,
  author={Grimmett, Geoffrey},
  title={Percolation},
  year={1999},
  publisher={Springer}
}

@ARTICLE{medo2021JPhA,
       author = {{Medo}, Mat{\'{u}}{\v{s}}},
        title = "{Contact network models matching the dynamics of the COVID-19 spreading}",
      journal = {Journal of Physics A Mathematical General},
     keywords = {spatial networks, epidemic modeling, power-law growth, covid-19, Physics - Physics and Society, Quantitative Biology - Populations and Evolution},
         year = 2021,
        month = jan,
       volume = {54},
       number = {3},
          eid = {035601},
        pages = {035601},
          doi = {10.1088/1751-8121/abd34d},
archivePrefix = {arXiv},
       eprint = {2003.13160},
 primaryClass = {physics.soc-ph},
       adsurl = {https://ui.adsabs.harvard.edu/abs/2021JPhA...54c5601M},
      adsnote = {Provided by the SAO/NASA Astrophysics Data System}
}



@ARTICLE{haenggi2020sir,  author={Haenggi, Martin},  journal={IEEE Communications Letters},   title={{SIR} Analysis Via Signal Fractions},   year={2020},  volume={24},  number={7},  pages={1358-1362},  doi={10.1109/LCOMM.2020.2986929}}

@article{Delamater2019ComplexityOT,
  title={Complexity of the Basic Reproduction Number ({R0})},
  author={P. Delamater and Erica J. Street and T. Leslie and Y. Yang and K. Jacobsen},
  journal={Emerging Infectious Diseases},
  year={2019},
  volume={25},
  pages={1 - 4}
}


@book{haenggi2012stochastic,
  title={Stochastic geometry for wireless networks},
  author={Haenggi, Martin},
  year={2012},
  publisher={Cambridge University Press}
}



@article{britton2008epidemics,
  title={Epidemics on random graphs with tunable clustering},
  author={Britton, Tom and Deijfen, Maria and Lager{\aa}s, Andreas N and Lindholm, Mathias},
  journal={Journal of Applied Probability},
  volume={45},
  number={3},
  pages={743--756},
  year={2008},
  publisher={Cambridge University Press}
}


@book{newman2018networks,
  title={Networks},
  author={Newman, Mark},
  year={2018},
  publisher={Oxford University Press}
}


@ARTICLE{haenggi2009sg,  author={Haenggi, Martin and Andrews, Jeffrey G. and Baccelli, Francois and Dousse, Olivier and Franceschetti, Massimo},  journal={IEEE Journal on Selected Areas in Communications},   title={Stochastic geometry and random graphs for the analysis and design of wireless networks},   year={2009},  volume={27},  number={7},  pages={1029-1046},  doi={10.1109/JSAC.2009.090902}}

@article{penrose1993spread,
  title={On the spread-out limit for bond and continuum percolation},
  author={Penrose, Mathew D},
  journal={The Annals of Applied Probability},
  volume={3},
  number={1},
  pages={253--276},
  year={1993},
  publisher={Institute of Mathematical Statistics}
}


@book{błaszczyszyn_haenggi_keeler_mukherjee_2018, place={Cambridge}, title={Stochastic Geometry Analysis of Cellular Networks}, DOI={10.1017/9781316677339}, publisher={Cambridge University Press}, author={Błaszczyszyn, Bartłomiej and Haenggi, Martin and Keeler, Paul and Mukherjee, Sayandev}, year={2018}}


@book{MeesterRonald1996CP,
publisher = {Cambridge University Press},
year = {1996},
title = {Continuum Percolation},
author = {Meester, Ronald and Roy, Rahul },
keywords = {Percolation [Statistical physics]}
}

@article{HOLME201297,
title = {Temporal networks},
journal = {Physics Reports},
volume = {519},
number = {3},
pages = {97-125},
year = {2012},
note = {Temporal Networks},
issn = {0370-1573},
doi = {https://doi.org/10.1016/j.physrep.2012.03.001},
author = {Petter Holme and Jari Saramäki}
}

@article{iyer2012percolation,
  title={Percolation and connectivity in {AB} random geometric graphs},
  author={Iyer, Srikanth K and Yogeshwaran, Dahandapani},
  journal={Advances in Applied Probability},
  volume={44},
  number={1},
  pages={21--41},
  year={2012},
  publisher={Cambridge University Press}
}

@ARTICLE{Franceschetti05continuumpercolation,
    author = {Massimo Franceschetti and Lorna Booth and Matthew Cook and Ronald Meester and Jehoshua Bruck},
    title = {Continuum percolation with unreliable and spread out connections},
    journal = {Journal of Statistical Physics},
    year = {2005},
    volume = {118},
    pages = {721--734}
}


@article{pastor2015epidemic,
  title={Epidemic processes in complex networks},
  author={Pastor-Satorras, Romualdo and Castellano, Claudio and Van Mieghem, Piet and Vespignani, Alessandro},
  journal={Reviews of Modern Physics},
  volume={87},
  number={3},
  pages={925},
  year={2015},
  publisher={APS}
}


@article{10.1239/aap/1331216643,
author = {Srikanth K. Iyer and D. Yogeshwaran},
title = {{Percolation and connectivity in {AB} random geometric graphs}},
volume = {44},
journal = {Advances in Applied Probability},
number = {1},
publisher = {Applied Probability Trust},
pages = {21 -- 41},
keywords = {connectivity, percolation, Random geometric graph, secure communication, wireless network},
year = {2012},
doi = {10.1239/aap/1331216643},
URL = {https://doi.org/10.1239/aap/1331216643}
}


@article{penrose_2014, 
title={Continuum {AB} percolation and {AB} random geometric graphs},
volume={51}, 
DOI={10.1239/jap/1417528484}, 
number={A}, journal={Journal of Applied Probability}, 
publisher={Cambridge University Press}, author={Penrose, Mathew D.}, year={2014}, pages={333–344}}















@ARTICLE{cavalcanti2019,  author={Cavalcanti, Dave and Perez-Ramirez, Javier and Rashid, Mohammad Mamunur and Fang, Juan and Galeev, Mikhail and Stanton, Kevin B.},  journal={Proceedings of the IEEE},   title={Extending Accurate Time Distribution and Timeliness Capabilities Over the Air to Enable Future Wireless Industrial Automation Systems},   year={2019},  volume={107},  number={6},  pages={1132-1152},  doi={10.1109/JPROC.2019.2903414}}
@inproceedings{Cramr1994SurUN,
  title={Sur un nouveau th{\'e}or{\`e}me-limite de la th{\'e}orie des probabilit{\'e}s},
  author={Harald Cram{\'e}r},
  year={1994}
}

@INPROCEEDINGS{al-zubaidy-13infocom,
  author={Al-Zubaidy, Hussein and Liebeherr, Jörg and Burchard, Almut},
  booktitle={2013 Proceedings IEEE INFOCOM}, 
  title={A (min, ×) network calculus for multi-hop fading channels}, 
  year={2013},
  volume={},
  number={},
  pages={1833-1841},
  doi={10.1109/INFCOM.2013.6566982}}


@ARTICLE{haenggi16meta,  author={Haenggi, Martin},  journal={IEEE Transactions on Wireless Communications},   title={The Meta Distribution of the {SIR} in {P}oisson Bipolar and Cellular Networks},   year={2016},  volume={15},  number={4},  pages={2577-2589},  doi={10.1109/TWC.2015.2504983}}

@INPROCEEDINGS{9212141,  author={Larrañaga, Ana and Lucas-Estañ, M. Carmen and Martinez, Imanol and Val, Iñaki and Gozalvez, Javier},  booktitle={2020 25th IEEE International Conference on Emerging Technologies and Factory Automation (ETFA)},   title={Analysis of 5G-TSN Integration to Support Industry 4.0},   year={2020},  volume={1},  number={},  pages={1111-1114},  doi={10.1109/ETFA46521.2020.9212141}}


@book{boroczky,  place={Cambridge},  title={Finite Packing and Covering}, DOI={10.1017/CBO9780511546587}, publisher={Cambridge University Press}, author={Böröczky, Jr, Károly}, year={2004}, collection={Cambridge Tracts in Mathematics}}


@misc{bacelli1994elements,
  title={Elements of queuing theory: Palm-martingale calculus and stochastic recurrence},
  author={Baccelli, François and Brémaud, Pierre},
  year={1994},
  publisher={New York: Springer-Verlag}
} 
@book{baccelli2010stochastic,
  title={Stochastic geometry and wireless networks: Volume {II} applications},
  author={Baccelli, Fran{\c{c}}ois and B{\l}aszczyszyn, Bart\l{}omiej },
  journal={Foundations and Trends{\textregistered} in Networking},
  year={2009},
  publisher={Now Publishers}
}

@book{baccelli:hal-02460214,
  TITLE = {{Random Measures, Point Processes, and Stochastic Geometry}},
  AUTHOR = {Baccelli, Fran{\c c}ois and Błaszczyszyn, Bartlomiej and Karray, Mohamed},
  PUBLISHER = {{Inria}},
  YEAR = {2020},
  MONTH = Jan,
  PDF = {https://hal.inria.fr/hal-02460214/file/PointProcesses45.pdf},
  HAL_ID = {hal-02460214},
  HAL_VERSION = {v1},
}

@book{daley2008introduction,
  title={An Introduction to the Theory of Point Processes. Volume II: General Theory and Structure},
  author={Daley, Daryl J and Vere-Jones, David},
  year={2008},
  publisher={Springer}
}
@ARTICLE{Feng20separability,  author={Feng, Ke and Haenggi, Martin},  journal={IEEE Transactions on Wireless Communications},   title={Separability, Asymptotics, and Applications of the {SIR} Meta Distribution in Cellular Networks},   year={2020},  volume={19},  number={7},  pages={4806-4816},  doi={10.1109/TWC.2020.2987563}}

@book{baccelli2009b,
  title={Stochastic geometry and wireless networks, Volume {I} Theory},
  author={Baccelli, Fran{\c{c}}ois and B{\l}aszczyszyn, Bart{\l}omiej },
  journal={Foundations and Trends in Networking},
  publisher={Now Publishers},
  year={2009}
}

@ARTICLE{Nasrallah19rll,  author={Nasrallah, Ahmed and Thyagaturu, Akhilesh S. and Alharbi, Ziyad and Wang, Cuixiang and Shao, Xing and Reisslein, Martin and ElBakoury, Hesham},  journal={IEEE Communications Surveys   Tutorials},   title={Ultra-Low Latency ({ULL}) Networks: The {IEEE TSN} and {IETF DetNet} Standards and Related {5G ULL} Research},   year={2019},  volume={21},  number={1},  pages={88-145},  doi={10.1109/COMST.2018.2869350}}


@article{Popovski2021APO,
  title={A Perspective on Time towards Wireless 6{G}},
  author={Petar Popovski and Federico Chiariotti and Kaibin Huang and Anders Ellersgaard Kal{\o}r and Marios Kountouris and Nikolaos Pappas and Beatriz Soret},
  journal={ArXiv},
  year={2021},
  volume={abs/2106.04314}
}


@book{le2001network,
  title={Network calculus: a theory of deterministic queuing systems for the {I}nternet},
  author={Le Boudec, Jean-Yves and Thiran, Patrick},
  year={2001},
  publisher={Springer}
}


@book{chang2000performance,
  title={Performance guarantees in communication networks},
  author={Chang, Cheng-Shang},
  year={2000},
  publisher={Springer Science \& Business Media}
}


@ARTICLE{Bartolomeu18detwireless,  author={Bartolomeu, Paulo and Alam, Muhammad and Ferreira, Joaquim and Fonseca, José Alberto},  journal={IEEE Transactions on Industrial Informatics},   title={Supporting Deterministic Wireless Communications in Industrial {IoT}},   year={2018},  volume={14},  number={9},  pages={4045-4054},  doi={10.1109/TII.2018.2825998}}



@book{stauffer2018introduction,
  title={Introduction to percolation theory},
  author={Stauffer, Dietrich and Aharony, Ammon},
  year={2018},
  publisher={Taylor \& Francis}
}
@ARTICLE{haenggi2021meta,  author={Haenggi, Martin},  journal={IEEE Communications Letters},   title={Meta Distributions—Part 1: Definition and Examples},   year={2021},  volume={25},  number={7},  pages={2089-2093},  doi={10.1109/LCOMM.2021.3069662}}


@article{Gspr2000UPPERBO,
  title={UPPER BOUND OF DENSITY FOR PACKING OF EQUAL CIRCLES IN SPECIAL DOMAINS IN THE PLANE},
  author={Zsolt G{\'a}sp{\'a}r and Tibor Tarnai},
  journal={Periodica Polytechnica-civil Engineering},
  year={2000},
  volume={44},
  pages={13-32}
}





@misc{3gppR16,
title={Release 16},
  author = {{3GPP TR 21.916}},
  url = {http://www.3gpp.org/release-16},
  year={2019},
  month={Feb},
}


@ARTICLE{Ramesan21motion,  author={Ramesan, Nithin S. and Baccelli, François},  journal={IEEE Transactions on Wireless Communications},   title={How Wireless Queues Benefit from Motion: An Analysis of the Continuum Between Zero and Infinite Mobility},   year={2021},  volume={20},  number={12},  pages={8149-8162},  doi={10.1109/TWC.2021.3090762}}


@article{Kendall1948,
    author = {Kendall, David G.},
    title = {On the number of lattice points inside a random oval},
    journal = {The Quarterly Journal of Mathematics},
    volume = {os-19},
    number = {1},
    pages = {1-26},
    year = {1948},
    month = {Jan},
    issn = {0033-5606},

}   
% doi = {10.1093/qmath/os-19.1.1},
%     url = {https://doi.org/10.1093/qmath/os-19.1.1},
%     eprint = {https://academic.oup.com/qjmath/article-pdf/os-19/1/1/4571999/os-19-1-1.pdf},

@article{dousse05connectivity,
  title={Impact of interferences on connectivity in ad hoc networks},
  author={Dousse, Olivier and Baccelli, Fran{\c{c}}ois and Thiran, Patrick},
  journal={IEEE/ACM Transactions on networking},
  volume={13},
  number={2},
  pages={425--436},
  year={2005},
  publisher={IEEE}
}

@article{LAX1982280,
title = {The asymptotic distribution of lattice points in {E}uclidean and non-{E}uclidean spaces},
journal = {Journal of Functional Analysis},
volume = {46},
number = {3},
pages = {280-350},
year = {1982},
issn = {0022-1236},
doi = {https://doi.org/10.1016/0022-1236(82)90050-7},
author = {Peter D Lax and Ralph S Phillips},
abstract = {The asymptotic distribution of orbits for discrete subgroups of motions in Euclidean and non-Euclidean spaces are found; our principal tool is the wave equation. The results are new for the crystallographic groups in Euclidean space and for those groups in non-Euclidean spaces which have fundamental domains of infinite volume. In the latter case we show that the only point spectrum of the Laplace-Beltrami operator lies in the interval (−((m − 1)2)2,0]; furthermore we show that when the subgroup is nonelementary and the fundamental domain has a cusp, then there is at least one eigenvalue in this interval.}
}

@techreport{3gpp38824,
 author = {3rd Generation Partnership Project (3GPP)},
 day = {20},
 month = {03},
 number = {38.824},
 title = {{Study on physical layer enhancements for NR ultra-reliable
and low latency case (URLLC)}},
 type = {Technical Report (TR)},
 year = {2019}
}

@ARTICLE{guo13spatial,  author={Guo, Anjin and Haenggi, Martin},  journal={IEEE Transactions on Wireless Communications},   title={Spatial Stochastic Models and Metrics for the Structure of Base Stations in Cellular Networks},   year={2013},  volume={12},  number={11},  pages={5800-5812},  doi={10.1109/TWC.2013.100113.130220}}

@ARTICLE{yi16stability,  author={Zhong, Yi and Haenggi, Martin and Quek, Tony Q. S. and Zhang, Wenyi},  journal={IEEE Transactions on Communications},   title={On the Stability of Static {P}oisson Networks Under Random Access},   year={2016},  volume={64},  number={7},  pages={2985-2998},  doi={10.1109/TCOMM.2016.2577678}}


@article{khezeli:hal-03927500,
  TITLE = {{Eternal Family Trees and dynamics on unimodular random graphs}},
  AUTHOR = {Baccelli, Fran{\c c}ois  and Haji-Mirsadeghi, Mir-Omid and  Khezeli, Ali},
  JOURNAL = {{Contemporary mathematics}},
  PUBLISHER = {{American Mathematical Society}},
  SERIES = {Contemporary Mathematics},
  VOLUME = {719},
  YEAR = {2018},
  MONTH = Nov,
  DOI = {10.1090/conm/719/14471},
  HAL_ID = {hal-03927500},
  HAL_VERSION = {v1},
}


@INPROCEEDINGS{kountouris18QoS,
  author={Kountouris, Marios and Pappas, Nikolaos and Avranas, Apostolos},
  booktitle={2018 16th International Symposium on Modeling and Optimization in Mobile, Ad Hoc, and Wireless Networks (WiOpt)}, 
  title={{QoS} provisioning in large wireless networks}, 
  year={2018},
  volume={},
  number={},
  pages={1-6},
  doi={10.23919/WIOPT.2018.8362878}}



@book{stoyan2013stochastic,
  title={Stochastic geometry and its applications},
  author={Stoyan, Dietrich and Kendall, Wilfrid S and Chiu, Sung Nok and Mecke, Joseph},
  year={2013},
  publisher={John Wiley \& Sons}
}
@article{bruneel1993performance,
  title={Performance of discrete-time queueing systems},
  author={Bruneel, Herwig},
  journal={Computers \& Operations Research},
  volume={20},
  number={3},
  pages={303--320},
  year={1993},
  publisher={Elsevier}
}

@book{abramowitz1964handbook,
  title={Handbook of mathematical functions with formulas, graphs, and mathematical tables},
  author={Abramowitz, Milton and Stegun, Irene A},
  volume={55},
  year={1964},
  publisher={US Government printing office}
}

@incollection{grimmett1999percolation,
  author={Grimmett, Geoffrey},
  title={Percolation},
  year={1999},
  publisher={Springer}
}