@inproceedings{li2023blip,
  title={Blip-2: Bootstrapping language-image pre-training with frozen image encoders and large language models},
  author={Li, Junnan and Li, Dongxu and Savarese, Silvio and Hoi, Steven},
  booktitle={International conference on machine learning},
  pages={19730--19742},
  year={2023},
  organization={PMLR}
}

@article{dai2023instructblip,
  title={Instructblip: Towards general-purpose vision-language models with instruction tuning. arxiv 2023},
  author={Dai, Wenliang and Li, Junnan and Li, D and Tiong, AMH and Zhao, J and Wang, W and Li, B and Fung, P and Hoi, S},
  journal={arXiv preprint arXiv:2305.06500},
  volume={2},
  year={2023}
}

@article{bai2023qwen,
  title={Qwen-vl: A versatile vision-language model for understanding, localization, text reading, and beyond},
  author={Bai, Jinze and Bai, Shuai and Yang, Shusheng and Wang, Shijie and Tan, Sinan and Wang, Peng and Lin, Junyang and Zhou, Chang and Zhou, Jingren},
  journal={arXiv preprint arXiv:2308.12966},
  volume={1},
  number={2},
  pages={3},
  year={2023}
}


@article{ye2023mplug,
  title={mplug-owl: Modularization empowers large language models with multimodality},
  author={Ye, Qinghao and Xu, Haiyang and Xu, Guohai and Ye, Jiabo and Yan, Ming and Zhou, Yiyang and Wang, Junyang and Hu, Anwen and Shi, Pengcheng and Shi, Yaya and others},
  journal={arXiv preprint arXiv:2304.14178},
  year={2023}
}


@inproceedings{ye2024mplug,
  title={mplug-owl2: Revolutionizing multi-modal large language model with modality collaboration},
  author={Ye, Qinghao and Xu, Haiyang and Ye, Jiabo and Yan, Ming and Hu, Anwen and Liu, Haowei and Qian, Qi and Zhang, Ji and Huang, Fei},
  booktitle={Proceedings of the IEEE/CVF Conference on Computer Vision and Pattern Recognition},
  pages={13040--13051},
  year={2024}
}


@inproceedings{chen2025sharegpt4v,
  title={Sharegpt4v: Improving large multi-modal models with better captions},
  author={Chen, Lin and Li, Jinsong and Dong, Xiaoyi and Zhang, Pan and He, Conghui and Wang, Jiaqi and Zhao, Feng and Lin, Dahua},
  booktitle={European Conference on Computer Vision},
  pages={370--387},
  year={2025},
  organization={Springer}
}


@article{wu2023q,
  title={Q-bench: A benchmark for general-purpose foundation models on low-level vision},
  author={Wu, Haoning and Zhang, Zicheng and Zhang, Erli and Chen, Chaofeng and Liao, Liang and Wang, Annan and Li, Chunyi and Sun, Wenxiu and Yan, Qiong and Zhai, Guangtao and others},
  journal={arXiv preprint arXiv:2309.14181},
  year={2023}
}


@inproceedings{liu2025mmbench,
  title={Mmbench: Is your multi-modal model an all-around player?},
  author={Liu, Yuan and Duan, Haodong and Zhang, Yuanhan and Li, Bo and Zhang, Songyang and Zhao, Wangbo and Yuan, Yike and Wang, Jiaqi and He, Conghui and Liu, Ziwei and others},
  booktitle={European conference on computer vision},
  pages={216--233},
  year={2025},
  organization={Springer}
}


@misc{fu2024mmecomprehensiveevaluationbenchmark,
      title={MME: A Comprehensive Evaluation Benchmark for Multimodal Large Language Models}, 
      author={Chaoyou Fu and Peixian Chen and Yunhang Shen and Yulei Qin and Mengdan Zhang and Xu Lin and Jinrui Yang and Xiawu Zheng and Ke Li and Xing Sun and Yunsheng Wu and Rongrong Ji},
      year={2024},
      eprint={2306.13394},
      archivePrefix={arXiv},
      primaryClass={cs.CV},
      url={https://arxiv.org/abs/2306.13394}, 
}


@article{lu2022learn,
  title={Learn to explain: Multimodal reasoning via thought chains for science question answering},
  author={Lu, Pan and Mishra, Swaroop and Xia, Tanglin and Qiu, Liang and Chang, Kai-Wei and Zhu, Song-Chun and Tafjord, Oyvind and Clark, Peter and Kalyan, Ashwin},
  journal={Advances in Neural Information Processing Systems},
  volume={35},
  pages={2507--2521},
  year={2022}
}


@inproceedings{kembhavi2016diagram,
  title={A diagram is worth a dozen images},
  author={Kembhavi, Aniruddha and Salvato, Mike and Kolve, Eric and Seo, Minjoon and Hajishirzi, Hannaneh and Farhadi, Ali},
  booktitle={Computer Vision--ECCV 2016: 14th European Conference, Amsterdam, The Netherlands, October 11--14, 2016, Proceedings, Part IV 14},
  pages={235--251},
  year={2016},
  organization={Springer}
}

@inproceedings{singh2019towards,
  title={Towards vqa models that can read},
  author={Singh, Amanpreet and Natarajan, Vivek and Shah, Meet and Jiang, Yu and Chen, Xinlei and Batra, Dhruv and Parikh, Devi and Rohrbach, Marcus},
  booktitle={Proceedings of the IEEE/CVF conference on computer vision and pattern recognition},
  pages={8317--8326},
  year={2019}
}


@article{tong2024cambrian,
  title={Cambrian-1: A fully open, vision-centric exploration of multimodal llms},
  author={Tong, Shengbang and Brown, Ellis and Wu, Penghao and Woo, Sanghyun and Middepogu, Manoj and Akula, Sai Charitha and Yang, Jihan and Yang, Shusheng and Iyer, Adithya and Pan, Xichen and others},
  journal={arXiv preprint arXiv:2406.16860},
  year={2024}
}


@misc{liu2024llava,
  title={Llava-next: Improved reasoning, ocr, and world knowledge},
  author={Liu, Haotian and Li, Chunyuan and Li, Yuheng and Li, Bo and Zhang, Yuanhan and Shen, Sheng and Lee, Yong Jae},
  year={2024}
}

@article{li2024mini,
  title={Mini-gemini: Mining the potential of multi-modality vision language models},
  author={Li, Yanwei and Zhang, Yuechen and Wang, Chengyao and Zhong, Zhisheng and Chen, Yixin and Chu, Ruihang and Liu, Shaoteng and Jia, Jiaya},
  journal={arXiv preprint arXiv:2403.18814},
  year={2024}
}


@article{wang2023cogvlm,
  title={Cogvlm: Visual expert for pretrained language models},
  author={Wang, Weihan and Lv, Qingsong and Yu, Wenmeng and Hong, Wenyi and Qi, Ji and Wang, Yan and Ji, Junhui and Yang, Zhuoyi and Zhao, Lei and Song, Xixuan and others},
  journal={arXiv preprint arXiv:2311.03079},
  year={2023}
}


@inproceedings{li2023simple,
  title={Simple: Specialized model-sample matching for domain generalization},
  author={Li, Ziyue and Ren, Kan and Jiang, Xinyang and Shen, Yifei and Zhang, Haipeng and Li, Dongsheng},
  booktitle={The Eleventh International Conference on Learning Representations},
  year={2023}
}


@article{shazeer2017outrageously,
  title={Outrageously large neural networks: The sparsely-gated mixture-of-experts layer},
  author={Shazeer, Noam and Mirhoseini, Azalia and Maziarz, Krzysztof and Davis, Andy and Le, Quoc and Hinton, Geoffrey and Dean, Jeff},
  journal={arXiv preprint arXiv:1701.06538},
  year={2017}
}

@article{fedus2022switch,
  title={Switch transformers: Scaling to trillion parameter models with simple and efficient sparsity},
  author={Fedus, William and Zoph, Barret and Shazeer, Noam},
  journal={Journal of Machine Learning Research},
  volume={23},
  number={120},
  pages={1--39},
  year={2022}
}


@article{lepikhin2020gshard,
  title={Gshard: Scaling giant models with conditional computation and automatic sharding},
  author={Lepikhin, Dmitry and Lee, HyoukJoong and Xu, Yuanzhong and Chen, Dehao and Firat, Orhan and Huang, Yanping and Krikun, Maxim and Shazeer, Noam and Chen, Zhifeng},
  journal={arXiv preprint arXiv:2006.16668},
  year={2020}
}


@article{alayrac2022flamingo,
  title={Flamingo: a visual language model for few-shot learning},
  author={Alayrac, Jean-Baptiste and Donahue, Jeff and Luc, Pauline and Miech, Antoine and Barr, Iain and Hasson, Yana and Lenc, Karel and Mensch, Arthur and Millican, Katherine and Reynolds, Malcolm and others},
  journal={Advances in neural information processing systems},
  volume={35},
  pages={23716--23736},
  year={2022}
}



@inproceedings{radford2021learning,
  title={Learning transferable visual models from natural language supervision},
  author={Radford, Alec and Kim, Jong Wook and Hallacy, Chris and Ramesh, Aditya and Goh, Gabriel and Agarwal, Sandhini and Sastry, Girish and Askell, Amanda and Mishkin, Pamela and Clark, Jack and others},
  booktitle={International conference on machine learning},
  pages={8748--8763},
  year={2021},
  organization={PMLR}
}

@article{ao2021speecht5,
  title={Speecht5: Unified-modal encoder-decoder pre-training for spoken language processing},
  author={Ao, Junyi and Wang, Rui and Zhou, Long and Wang, Chengyi and Ren, Shuo and Wu, Yu and Liu, Shujie and Ko, Tom and Li, Qing and Zhang, Yu and others},
  journal={arXiv preprint arXiv:2110.07205},
  year={2021}
}


@article{zellers2021merlot,
  title={Merlot: Multimodal neural script knowledge models},
  author={Zellers, Rowan and Lu, Ximing and Hessel, Jack and Yu, Youngjae and Park, Jae Sung and Cao, Jize and Farhadi, Ali and Choi, Yejin},
  journal={Advances in neural information processing systems},
  volume={34},
  pages={23634--23651},
  year={2021}
}


@article{peng2023kosmos,
  title={Kosmos-2: Grounding multimodal large language models to the world},
  author={Peng, Zhiliang and Wang, Wenhui and Dong, Li and Hao, Yaru and Huang, Shaohan and Ma, Shuming and Wei, Furu},
  journal={arXiv preprint arXiv:2306.14824},
  year={2023}
}


@article{tsimpoukelli2021multimodal,
  title={Multimodal few-shot learning with frozen language models},
  author={Tsimpoukelli, Maria and Menick, Jacob L and Cabi, Serkan and Eslami, SM and Vinyals, Oriol and Hill, Felix},
  journal={Advances in Neural Information Processing Systems},
  volume={34},
  pages={200--212},
  year={2021}
}


@article{bubeck2023sparks,
  title={Sparks of artificial general intelligence: Early experiments with gpt-4},
  author={Bubeck, S{\'e}bastien and Chandrasekaran, Varun and Eldan, Ronen and Gehrke, Johannes and Horvitz, Eric and Kamar, Ece and Lee, Peter and Lee, Yin Tat and Li, Yuanzhi and Lundberg, Scott and others},
  journal={arXiv preprint arXiv:2303.12712},
  year={2023}
}


@article{bommasani2021opportunities,
  title={On the opportunities and risks of foundation models},
  author={Bommasani, Rishi and Hudson, Drew A and Adeli, Ehsan and Altman, Russ and Arora, Simran and von Arx, Sydney and Bernstein, Michael S and Bohg, Jeannette and Bosselut, Antoine and Brunskill, Emma and others},
  journal={arXiv preprint arXiv:2108.07258},
  year={2021}
}


@inproceedings{yuan2021multimodal,
  title={Multimodal contrastive training for visual representation learning},
  author={Yuan, Xin and Lin, Zhe and Kuen, Jason and Zhang, Jianming and Wang, Yilin and Maire, Michael and Kale, Ajinkya and Faieta, Baldo},
  booktitle={Proceedings of the IEEE/CVF Conference on Computer Vision and Pattern Recognition},
  pages={6995--7004},
  year={2021}
}


@article{lu2019vilbert,
  title={Vilbert: Pretraining task-agnostic visiolinguistic representations for vision-and-language tasks},
  author={Lu, Jiasen and Batra, Dhruv and Parikh, Devi and Lee, Stefan},
  journal={Advances in neural information processing systems},
  volume={32},
  year={2019}
}


@article{baltruvsaitis2018multimodal,
  title={Multimodal machine learning: A survey and taxonomy},
  author={Baltru{\v{s}}aitis, Tadas and Ahuja, Chaitanya and Morency, Louis-Philippe},
  journal={IEEE transactions on pattern analysis and machine intelligence},
  volume={41},
  number={2},
  pages={423--443},
  year={2018},
  publisher={IEEE}
}


@article{zoph2022designing,
  title={Designing effective sparse expert models},
  author={Zoph, Barret and Bello, Irwan and Kumar, Sameer and Du, Nan and Huang, Yanping and Dean, Jeff and Shazeer, Noam and Fedus, William},
  journal={arXiv preprint arXiv:2202.08906},
  volume={2},
  number={3},
  pages={17},
  year={2022},
  publisher={Feb}
}


@article{artetxe2019massively,
  title={Massively multilingual sentence embeddings for zero-shot cross-lingual transfer and beyond},
  author={Artetxe, Mikel and Schwenk, Holger},
  journal={Transactions of the association for computational linguistics},
  volume={7},
  pages={597--610},
  year={2019},
  publisher={MIT Press One Rogers Street, Cambridge, MA 02142-1209, USA journals-info~…}
}



@article{goyal2021coordination,
  title={Coordination among neural modules through a shared global workspace},
  author={Goyal, Anirudh and Didolkar, Aniket and Lamb, Alex and Badola, Kartikeya and Ke, Nan Rosemary and Rahaman, Nasim and Binas, Jonathan and Blundell, Charles and Mozer, Michael and Bengio, Yoshua},
  journal={arXiv preprint arXiv:2103.01197},
  year={2021}
}


@article{rosenbaum2017routing,
  title={Routing networks: Adaptive selection of non-linear functions for multi-task learning},
  author={Rosenbaum, Clemens and Klinger, Tim and Riemer, Matthew},
  journal={arXiv preprint arXiv:1711.01239},
  year={2017}
}

@inproceedings{li2023towards,
  title={Towards inference efficient deep ensemble learning},
  author={Li, Ziyue and Ren, Kan and Yang, Yifan and Jiang, Xinyang and Yang, Yuqing and Li, Dongsheng},
  booktitle={Proceedings of the AAAI Conference on Artificial Intelligence},
  volume={37},
  pages={8711--8719},
  year={2023}
}

@article{shi2024eagle,
  title={Eagle: Exploring the design space for multimodal llms with mixture of encoders},
  author={Shi, Min and Liu, Fuxiao and Wang, Shihao and Liao, Shijia and Radhakrishnan, Subhashree and Huang, De-An and Yin, Hongxu and Sapra, Karan and Yacoob, Yaser and Shi, Humphrey and others},
  journal={arXiv preprint arXiv:2408.15998},
  year={2024}
}

@inproceedings{lee2025moai,
  title={Moai: Mixture of all intelligence for large language and vision models},
  author={Lee, Byung-Kwan and Park, Beomchan and Won Kim, Chae and Man Ro, Yong},
  booktitle={European Conference on Computer Vision},
  pages={273--302},
  year={2025},
  organization={Springer}
}

@article{zong2024mova,
  title={Mova: Adapting mixture of vision experts to multimodal context},
  author={Zong, Zhuofan and Ma, Bingqi and Shen, Dazhong and Song, Guanglu and Shao, Hao and Jiang, Dongzhi and Li, Hongsheng and Liu, Yu},
  journal={arXiv preprint arXiv:2404.13046},
  year={2024}
}

@inproceedings{goyal2017making,
  title={Making the v in vqa matter: Elevating the role of image understanding in visual question answering},
  author={Goyal, Yash and Khot, Tejas and Summers-Stay, Douglas and Batra, Dhruv and Parikh, Devi},
  booktitle={Proceedings of the IEEE conference on computer vision and pattern recognition},
  pages={6904--6913},
  year={2017}
}

@inproceedings{zhu2016visual7w,
  title={Visual7w: Grounded question answering in images},
  author={Zhu, Yuke and Groth, Oliver and Bernstein, Michael and Fei-Fei, Li},
  booktitle={Proceedings of the IEEE conference on computer vision and pattern recognition},
  pages={4995--5004},
  year={2016}
}

@article{lu2016hierarchical,
  title={Hierarchical question-image co-attention for visual question answering},
  author={Lu, Jiasen and Yang, Jianwei and Batra, Dhruv and Parikh, Devi},
  journal={Advances in neural information processing systems},
  volume={29},
  year={2016}
}

@inproceedings{johnson2017clevr,
  title={Clevr: A diagnostic dataset for compositional language and elementary visual reasoning},
  author={Johnson, Justin and Hariharan, Bharath and Van Der Maaten, Laurens and Fei-Fei, Li and Lawrence Zitnick, C and Girshick, Ross},
  booktitle={Proceedings of the IEEE conference on computer vision and pattern recognition},
  pages={2901--2910},
  year={2017}
}

@inproceedings{schwenk2022okvqa,
  title={A-okvqa: A benchmark for visual question answering using world knowledge},
  author={Schwenk, Dustin and Khandelwal, Apoorv and Clark, Christopher and Marino, Kenneth and Mottaghi, Roozbeh},
  booktitle={European conference on computer vision},
  pages={146--162},
  year={2022},
  organization={Springer}
}

@inproceedings{biten2019scene,
  title={Scene text visual question answering},
  author={Biten, Ali Furkan and Tito, Ruben and Mafla, Andres and Gomez, Lluis and Rusinol, Mar{\c{c}}al and Valveny, Ernest and Jawahar, CV and Karatzas, Dimosthenis},
  booktitle={Proceedings of the IEEE/CVF international conference on computer vision},
  pages={4291--4301},
  year={2019}
}

@inproceedings{mathew2021docvqa,
  title={Docvqa: A dataset for vqa on document images},
  author={Mathew, Minesh and Karatzas, Dimosthenis and Jawahar, CV},
  booktitle={Proceedings of the IEEE/CVF winter conference on applications of computer vision},
  pages={2200--2209},
  year={2021}
}

@inproceedings{kafle2018dvqa,
  title={Dvqa: Understanding data visualizations via question answering},
  author={Kafle, Kushal and Price, Brian and Cohen, Scott and Kanan, Christopher},
  booktitle={Proceedings of the IEEE conference on computer vision and pattern recognition},
  pages={5648--5656},
  year={2018}
}

@article{masry2022chartqa,
  title={Chartqa: A benchmark for question answering about charts with visual and logical reasoning},
  author={Masry, Ahmed and Long, Do Xuan and Tan, Jia Qing and Joty, Shafiq and Hoque, Enamul},
  journal={arXiv preprint arXiv:2203.10244},
  year={2022}
}

@misc{clark2018thinksolvedquestionanswering,
      title={Think you have Solved Question Answering? Try ARC, the AI2 Reasoning Challenge}, 
      author={Peter Clark and Isaac Cowhey and Oren Etzioni and Tushar Khot and Ashish Sabharwal and Carissa Schoenick and Oyvind Tafjord},
      year={2018},
      eprint={1803.05457},
      archivePrefix={arXiv},
      primaryClass={cs.AI},
      url={https://arxiv.org/abs/1803.05457}, 
}

@misc{mihaylov2018suitarmorconductelectricity,
      title={Can a Suit of Armor Conduct Electricity? A New Dataset for Open Book Question Answering}, 
      author={Todor Mihaylov and Peter Clark and Tushar Khot and Ashish Sabharwal},
      year={2018},
      eprint={1809.02789},
      archivePrefix={arXiv},
      primaryClass={cs.CL},
      url={https://arxiv.org/abs/1809.02789}, 
}


@inproceedings{hudson2019gqa,
  title={Gqa: A new dataset for real-world visual reasoning and compositional question answering},
  author={Hudson, Drew A and Manning, Christopher D},
  booktitle={Proceedings of the IEEE/CVF conference on computer vision and pattern recognition},
  pages={6700--6709},
  year={2019}
}

@article{lin2024moma,
  title={Moma: Efficient early-fusion pre-training with mixture of modality-aware experts},
  author={Lin, Xi Victoria and Shrivastava, Akshat and Luo, Liang and Iyer, Srinivasan and Lewis, Mike and Ghosh, Gargi and Zettlemoyer, Luke and Aghajanyan, Armen},
  journal={arXiv preprint arXiv:2407.21770},
  year={2024}
}

@book{williams2006gaussian,
  title={Gaussian processes for machine learning},
  author={Williams, Christopher KI and Rasmussen, Carl Edward},
  volume={2},
  year={2006},
  publisher={MIT press Cambridge, MA}
}

@article{cortes1995support,
  title={Support-Vector Networks},
  author={Cortes, Corinna},
  journal={Machine Learning},
  year={1995}
}

@book{cristianini2000introduction,
  title={An introduction to support vector machines and other kernel-based learning methods},
  author={Cristianini, Nello},
  year={2000},
  publisher={Cambridge University Press}
}

@article{reimers2019sentence,
  title={Sentence-BERT: Sentence Embeddings using Siamese BERT-Networks},
  author={Reimers, N},
  journal={arXiv preprint arXiv:1908.10084},
  year={2019}
}

@article{kusupati2022matryoshka,
  title={Matryoshka representation learning},
  author={Kusupati, Aditya and Bhatt, Gantavya and Rege, Aniket and Wallingford, Matthew and Sinha, Aditya and Ramanujan, Vivek and Howard-Snyder, William and Chen, Kaifeng and Kakade, Sham and Jain, Prateek and others},
  journal={Advances in Neural Information Processing Systems},
  volume={35},
  pages={30233--30249},
  year={2022}
}


@article{lee2024nv,
  title={NV-Embed: Improved Techniques for Training LLMs as Generalist Embedding Models},
  author={Lee, Chankyu and Roy, Rajarshi and Xu, Mengyao and Raiman, Jonathan and Shoeybi, Mohammad and Catanzaro, Bryan and Ping, Wei},
  journal={arXiv preprint arXiv:2405.17428},
  year={2024}
}

@article{yin2023survey,
  title={A survey on multimodal large language models},
  author={Yin, Shukang and Fu, Chaoyou and Zhao, Sirui and Li, Ke and Sun, Xing and Xu, Tong and Chen, Enhong},
  journal={arXiv preprint arXiv:2306.13549},
  year={2023}
}

@article{zou2024segment,
  title={Segment everything everywhere all at once},
  author={Zou, Xueyan and Yang, Jianwei and Zhang, Hao and Li, Feng and Li, Linjie and Wang, Jianfeng and Wang, Lijuan and Gao, Jianfeng and Lee, Yong Jae},
  journal={Advances in Neural Information Processing Systems},
  volume={36},
  year={2024}
}


@article{zhu2023minigpt,
  title={Minigpt-4: Enhancing vision-language understanding with advanced large language models},
  author={Zhu, Deyao and Chen, Jun and Shen, Xiaoqian and Li, Xiang and Elhoseiny, Mohamed},
  journal={arXiv preprint arXiv:2304.10592},
  year={2023}
}


@article{schrodi2024two,
  title={Two Effects, One Trigger: On the Modality Gap, Object Bias, and Information Imbalance in Contrastive Vision-Language Representation Learning},
  author={Schrodi, Simon and Hoffmann, David T and Argus, Max and Fischer, Volker and Brox, Thomas},
  journal={arXiv preprint arXiv:2404.07983},
  year={2024}
}


@article{yao2024deco,
  title={DeCo: Decoupling Token Compression from Semantic Abstraction in Multimodal Large Language Models},
  author={Yao, Linli and Li, Lei and Ren, Shuhuai and Wang, Lean and Liu, Yuanxin and Sun, Xu and Hou, Lu},
  journal={arXiv preprint arXiv:2405.20985},
  year={2024}
}


@article{li2024your,
  title={Your mixture-of-experts llm is secretly an embedding model for free},
  author={Li, Ziyue and Zhou, Tianyi},
  journal={arXiv preprint arXiv:2410.10814},
  year={2024}
}


@inproceedings{wang2022continual,
  title={Continual test-time domain adaptation},
  author={Wang, Qin and Fink, Olga and Van Gool, Luc and Dai, Dengxin},
  booktitle={Proceedings of the IEEE/CVF Conference on Computer Vision and Pattern Recognition},
  pages={7201--7211},
  year={2022}
}


@misc{sun2020testtimetrainingselfsupervisiongeneralization,
      title={Test-Time Training with Self-Supervision for Generalization under Distribution Shifts}, 
      author={Yu Sun and Xiaolong Wang and Zhuang Liu and John Miller and Alexei A. Efros and Moritz Hardt},
      year={2020},
      eprint={1909.13231},
      archivePrefix={arXiv},
      primaryClass={cs.LG},
      url={https://arxiv.org/abs/1909.13231}, 
}

@inproceedings{NEURIPS2023_e6d58fc6,
 author = {Minderer, Matthias and Gritsenko, Alexey and Houlsby, Neil},
 booktitle = {Advances in Neural Information Processing Systems},
 editor = {A. Oh and T. Naumann and A. Globerson and K. Saenko and M. Hardt and S. Levine},
 pages = {72983--73007},
 publisher = {Curran Associates, Inc.},
 title = {Scaling Open-Vocabulary Object Detection},
 volume = {36},
 year = {2023}
}

@inproceedings{kembhavi2017you,
  title={Are you smarter than a sixth grader? textbook question answering for multimodal machine comprehension},
  author={Kembhavi, Aniruddha and Seo, Minjoon and Schwenk, Dustin and Choi, Jonghyun and Farhadi, Ali and Hajishirzi, Hannaneh},
  booktitle={Proceedings of the IEEE Conference on Computer Vision and Pattern recognition},
  pages={4999--5007},
  year={2017}
}

@article{lu2023mathvista,
  title={Mathvista: Evaluating mathematical reasoning of foundation models in visual contexts},
  author={Lu, Pan and Bansal, Hritik and Xia, Tony and Liu, Jiacheng and Li, Chunyuan and Hajishirzi, Hannaneh and Cheng, Hao and Chang, Kai-Wei and Galley, Michel and Gao, Jianfeng},
  journal={arXiv preprint arXiv:2310.02255},
  year={2023}
}

@inproceedings{cheng2022masked,
  title={Masked-attention mask transformer for universal image segmentation},
  author={Cheng, Bowen and Misra, Ishan and Schwing, Alexander G and Kirillov, Alexander and Girdhar, Rohit},
  booktitle={Proceedings of the IEEE/CVF conference on computer vision and pattern recognition},
  pages={1290--1299},
  year={2022}
}

@article{minderer2024scaling,
  title={Scaling open-vocabulary object detection},
  author={Minderer, Matthias and Gritsenko, Alexey and Houlsby, Neil},
  journal={Advances in Neural Information Processing Systems},
  volume={36},
  year={2024}
}

@inproceedings{yang2022panoptic,
  title={Panoptic scene graph generation},
  author={Yang, Jingkang and Ang, Yi Zhe and Guo, Zujin and Zhou, Kaiyang and Zhang, Wayne and Liu, Ziwei},
  booktitle={European Conference on Computer Vision},
  pages={178--196},
  year={2022},
  organization={Springer}
}

@article{du2021pp,
  title={Pp-ocrv2: Bag of tricks for ultra lightweight ocr system},
  author={Du, Yuning and Li, Chenxia and Guo, Ruoyu and Cui, Cheng and Liu, Weiwei and Zhou, Jun and Lu, Bin and Yang, Yehua and Liu, Qiwen and Hu, Xiaoguang and others},
  journal={arXiv preprint arXiv:2109.03144},
  year={2021}
}

@article{chow2025physbench,
  title={PhysBench: Benchmarking and Enhancing Vision-Language Models for Physical World Understanding},
  author={Chow, Wei and Mao, Jiageng and Li, Boyi and Seita, Daniel and Guizilini, Vitor and Wang, Yue},
  journal={arXiv preprint arXiv:2501.16411},
  year={2025}
}