@String(PAMI = {IEEE Trans. Pattern Anal. Mach. Intell.})
@String(IJCV = {Int. J. Comput. Vis.})
@String(CVPR= {IEEE Conf. Comput. Vis. Pattern Recog.})
@String(ICCV= {Int. Conf. Comput. Vis.})
@String(ECCV= {Eur. Conf. Comput. Vis.})
@String(NIPS= {Adv. Neural Inform. Process. Syst.})
@String(ICPR = {Int. Conf. Pattern Recog.})
@String(BMVC= {Brit. Mach. Vis. Conf.})
@String(TOG= {ACM Trans. Graph.})
@String(TIP  = {IEEE Trans. Image Process.})
@String(TVCG  = {IEEE Trans. Vis. Comput. Graph.})
@String(TMM  = {IEEE Trans. Multimedia})
@String(ACMMM= {ACM Int. Conf. Multimedia})
@String(ICME = {Int. Conf. Multimedia and Expo})
@String(ICASSP=	{ICASSP})
@String(ICIP = {IEEE Int. Conf. Image Process.})
@String(ACCV  = {ACCV})
@String(ICLR = {Int. Conf. Learn. Represent.})
@String(IJCAI = {IJCAI})
@String(PR   = {Pattern Recognition})
@String(AAAI = {AAAI})
@String(CVPRW= {IEEE Conf. Comput. Vis. Pattern Recog. Worksh.})
@String(CSVT = {IEEE Trans. Circuit Syst. Video Technol.})

@String(SPL	= {IEEE Sign. Process. Letters})
@String(VR   = {Vis. Res.})
@String(JOV	 = {J. Vis.})
@String(TVC  = {The Vis. Comput.})
@String(JCST  = {J. Comput. Sci. Tech.})
@String(CGF  = {Comput. Graph. Forum})
@String(CVM = {Computational Visual Media})


@String(PAMI  = {IEEE TPAMI})
@String(IJCV  = {IJCV})
@String(CVPR  = {CVPR})
@String(ICCV  = {ICCV})
@String(ECCV  = {ECCV})
@String(NIPS  = {NeurIPS})
@String(ICPR  = {ICPR})
@String(BMVC  =	{BMVC})
@String(TOG   = {ACM TOG})
@String(TIP   = {IEEE TIP})
@String(TVCG  = {IEEE TVCG})
@String(TCSVT = {IEEE TCSVT})
@String(TMM   =	{IEEE TMM})
@String(ACMMM = {ACM MM})
@String(ICME  =	{ICME})
@String(ICASSP=	{ICASSP})
@String(ICIP  = {ICIP})
@String(ACCV  = {ACCV})
@String(ICLR  = {ICLR})
@String(IJCAI = {IJCAI})
@String(PR = {PR})
@String(AAAI = {AAAI})
@String(CVPRW= {CVPRW})
@String(CSVT = {IEEE TCSVT})

% supervised monodepth
@inproceedings{fu2018deep,
  title={Deep ordinal regression network for monocular depth estimation},
  author={Fu, Huan and Gong, Mingming and Wang, Chaohui and Batmanghelich, Kayhan and Tao, Dacheng},
  booktitle={Proceedings of the IEEE conference on computer vision and pattern recognition},
  pages={2002--2011},
  year={2018}
}
@article{lee2019big,
  title={From big to small: Multi-scale local planar guidance for monocular depth estimation},
  author={Lee, Jin Han and Han, Myung-Kyu and Ko, Dong Wook and Suh, Il Hong},
  journal={arXiv preprint arXiv:1907.10326},
  year={2019}
}
@inproceedings{bhat2021adabins,
  title={Adabins: Depth estimation using adaptive bins},
  author={Bhat, Shariq Farooq and Alhashim, Ibraheem and Wonka, Peter},
  booktitle={Proceedings of the IEEE/CVF Conference on Computer Vision and Pattern Recognition},
  pages={4009--4018},
  year={2021}
}

% MONODEPTH2
@inproceedings{godard2019digging,
  title={Digging into self-supervised monocular depth estimation},
  author={Godard, Cl{\'e}ment and Mac Aodha, Oisin and Firman, Michael and Brostow, Gabriel J},
  booktitle={Proceedings of the IEEE/CVF international conference on computer vision},
  pages={3828--3838},
  year={2019}
}
% sfmlearner
@inproceedings{zhou2017unsupervised,
  title={Unsupervised learning of depth and ego-motion from video},
  author={Zhou, Tinghui and Brown, Matthew and Snavely, Noah and Lowe, David G},
  booktitle={Proceedings of the IEEE conference on computer vision and pattern recognition},
  pages={1851--1858},
  year={2017}
}
@inproceedings{garg2016unsupervised,
  title={Unsupervised cnn for single view depth estimation: Geometry to the rescue},
  author={Garg, Ravi and Bg, Vijay Kumar and Carneiro, Gustavo and Reid, Ian},
  booktitle={Computer Vision--ECCV 2016: 14th European Conference, Amsterdam, The Netherlands, October 11-14, 2016, Proceedings, Part VIII 14},
  pages={740--756},
  year={2016},
  organization={Springer}
}
@inproceedings{guizilini20203d,
  title={3d packing for self-supervised monocular depth estimation},
  author={Guizilini, Vitor and Ambrus, Rares and Pillai, Sudeep and Raventos, Allan and Gaidon, Adrien},
  booktitle={Proceedings of the IEEE/CVF conference on computer vision and pattern recognition},
  pages={2485--2494},
  year={2020}
}
@article{zhou2021self,
  title={Self-supervised monocular depth estimation with internal feature fusion},
  author={Zhou, Hang and Greenwood, David and Taylor, Sarah},
  journal={arXiv preprint arXiv:2110.09482},
  year={2021}
}
@inproceedings{lyu2021hr,
  title={Hr-depth: High resolution self-supervised monocular depth estimation},
  author={Lyu, Xiaoyang and Liu, Liang and Wang, Mengmeng and Kong, Xin and Liu, Lina and Liu, Yong and Chen, Xinxin and Yuan, Yi},
  booktitle={Proceedings of the AAAI Conference on Artificial Intelligence},
  volume={35},
  pages={2294--2301},
  year={2021}
}
@inproceedings{zhou2021r,
  title={R-msfm: Recurrent multi-scale feature modulation for monocular depth estimating},
  author={Zhou, Zhongkai and Fan, Xinnan and Shi, Pengfei and Xin, Yuanxue},
  booktitle={Proceedings of the IEEE/CVF international conference on computer vision},
  pages={12777--12786},
  year={2021}
}
@article{dosovitskiy2020image,
  title={An image is worth 16x16 words: Transformers for image recognition at scale},
  author={Dosovitskiy, Alexey and Beyer, Lucas and Kolesnikov, Alexander and Weissenborn, Dirk and Zhai, Xiaohua and Unterthiner, Thomas and Dehghani, Mostafa and Minderer, Matthias and Heigold, Georg and Gelly, Sylvain and others},
  journal={arXiv preprint arXiv:2010.11929},
  year={2020}
}
@inproceedings{zhao2022monovit,
  title={Monovit: Self-supervised monocular depth estimation with a vision transformer},
  author={Zhao, Chaoqiang and Zhang, Youmin and Poggi, Matteo and Tosi, Fabio and Guo, Xianda and Zhu, Zheng and Huang, Guan and Tang, Yang and Mattoccia, Stefano},
  booktitle={2022 International Conference on 3D Vision (3DV)},
  pages={668--678},
  year={2022},
  organization={IEEE}
}
@inproceedings{bae2023deep,
  title={Deep digging into the generalization of self-supervised monocular depth estimation},
  author={Bae, Jinwoo and Moon, Sungho and Im, Sunghoon},
  booktitle={Proceedings of the AAAI conference on artificial intelligence},
  volume={37},
  pages={187--196},
  year={2023}
}
@inproceedings{zhang2023lite,
  title={Lite-mono: A lightweight cnn and transformer architecture for self-supervised monocular depth estimation},
  author={Zhang, Ning and Nex, Francesco and Vosselman, George and Kerle, Norman},
  booktitle={Proceedings of the IEEE/CVF Conference on Computer Vision and Pattern Recognition},
  pages={18537--18546},
  year={2023}
}
@inproceedings{saunders2023self,
  title={Self-supervised Monocular Depth Estimation: Let's Talk About The Weather},
  author={Saunders, Kieran and Vogiatzis, George and Manso, Luis J},
  booktitle={Proceedings of the IEEE/CVF International Conference on Computer Vision},
  pages={8907--8917},
  year={2023}
}
@article{kong2024robodepth,
  title={Robodepth: Robust out-of-distribution depth estimation under corruptions},
  author={Kong, Lingdong and Xie, Shaoyuan and Hu, Hanjiang and Ng, Lai Xing and Cottereau, Benoit and Ooi, Wei Tsang},
  journal={Advances in Neural Information Processing Systems},
  volume={36},
  year={2024}
}
@article{bae2023study,
  title={A study on the generality of neural network structures for monocular depth estimation},
  author={Bae, Jinwoo and Hwang, Kyumin and Im, Sunghoon},
  journal={IEEE Transactions on Pattern Analysis and Machine Intelligence},
  year={2023},
  publisher={IEEE}
}
@inproceedings{shen2019self,
  title={Self-supervised learning of depth and motion under photometric inconsistency},
  author={Shen, Tianwei and Zhou, Lei and Luo, Zixin and Yao, Yao and Li, Shiwei and Zhang, Jiahui and Fang, Tian and Quan, Long},
  booktitle={Proceedings of the IEEE/CVF International Conference on Computer Vision Workshops},
  pages={0--0},
  year={2019}
}
% 3d-distillation
@inproceedings{shi20233d,
  title={3D Distillation: Improving Self-Supervised Monocular Depth Estimation on Reflective Surfaces},
  author={Shi, Xuepeng and Dikov, Georgi and Reitmayr, Gerhard and Kim, Tae-Kyun and Ghafoorian, Mohsen},
  booktitle={Proceedings of the IEEE/CVF International Conference on Computer Vision},
  pages={9133--9143},
  year={2023}
}
% impainting
@inproceedings{costanzino2023learning,
  title={Learning Depth Estimation for Transparent and Mirror Surfaces},
  author={Costanzino, Alex and Ramirez, Pierluigi Zama and Poggi, Matteo and Tosi, Fabio and Mattoccia, Stefano and Di Stefano, Luigi},
  booktitle={Proceedings of the IEEE/CVF International Conference on Computer Vision},
  pages={9244--9255},
  year={2023}
}

INTRINSIC IMAGE DECOMPOSITION
% optimization based
@article{land1971lightness,
  title={Lightness and retinex theory},
  author={Land, Edwin H and McCann, John J},
  journal={Josa},
  volume={61},
  number={1},
  pages={1--11},
  year={1971},
  publisher={Optica Publishing Group}
}
@inproceedings{shen2008intrinsic,
  title={Intrinsic image decomposition with non-local texture cues},
  author={Shen, Li and Tan, Ping and Lin, Stephen},
  booktitle={2008 IEEE Conference on Computer Vision and Pattern Recognition},
  pages={1--7},
  year={2008},
  organization={IEEE}
}
@article{zhao2012closed,
  title={A closed-form solution to retinex with nonlocal texture constraints},
  author={Zhao, Qi and Tan, Ping and Dai, Qiang and Shen, Li and Wu, Enhua and Lin, Stephen},
  journal={IEEE transactions on pattern analysis and machine intelligence},
  volume={34},
  number={7},
  pages={1437--1444},
  year={2012},
  publisher={IEEE}
}
@article{rother2011recovering,
  title={Recovering intrinsic images with a global sparsity prior on reflectance},
  author={Rother, Carsten and Kiefel, Martin and Zhang, Lumin and Sch{\"o}lkopf, Bernhard and Gehler, Peter},
  journal={Advances in neural information processing systems},
  volume={24},
  year={2011}
}
@inproceedings{shen2011intrinsic,
  title={Intrinsic images decomposition using a local and global sparse representation of reflectance},
  author={Shen, Li and Yeo, Chuohao},
  booktitle={CVPR 2011},
  pages={697--704},
  year={2011},
  organization={IEEE}
}
@inproceedings{garces2012intrinsic,
  title={Intrinsic images by clustering},
  author={Garces, Elena and Munoz, Adolfo and Lopez-Moreno, Jorge and Gutierrez, Diego},
  booktitle={Computer graphics forum},
  volume={31},
  number={4},
  pages={1415--1424},
  year={2012},
  organization={Wiley Online Library}
}
% learning based
@article{barron2014shape,
  title={Shape, illumination, and reflectance from shading},
  author={Barron, Jonathan T and Malik, Jitendra},
  journal={IEEE transactions on pattern analysis and machine intelligence},
  volume={37},
  number={8},
  pages={1670--1687},
  year={2014},
  publisher={IEEE}
}
@inproceedings{narihira2015direct,
  title={Direct intrinsics: Learning albedo-shading decomposition by convolutional regression},
  author={Narihira, Takuya and Maire, Michael and Yu, Stella X},
  booktitle={Proceedings of the IEEE international conference on computer vision},
  pages={2992--2992},
  year={2015}
}
@inproceedings{shi2017learning,
  title={Learning non-lambertian object intrinsics across shapenet categories},
  author={Shi, Jian and Dong, Yue and Su, Hao and Yu, Stella X},
  booktitle={Proceedings of the IEEE conference on computer vision and pattern recognition},
  pages={1685--1694},
  year={2017}
}
@inproceedings{kim2016unified,
  title={Unified depth prediction and intrinsic image decomposition from a single image via joint convolutional neural fields},
  author={Kim, Seungryong and Park, Kihong and Sohn, Kwanghoon and Lin, Stephen},
  booktitle={Computer Vision--ECCV 2016: 14th European Conference, Amsterdam, The Netherlands, October 11-14, 2016, Proceedings, Part VIII 14},
  pages={143--159},
  year={2016},
  organization={Springer}
}

% self-supervised
@inproceedings{weiss2001deriving,
  title={Deriving intrinsic images from image sequences},
  author={Weiss, Yair},
  booktitle={Proceedings Eighth IEEE International Conference on Computer Vision. ICCV 2001},
  volume={2},
  pages={68--75},
  year={2001},
  organization={IEEE}
}
@incollection{sunkavalli2007factored,
  title={Factored time-lapse video},
  author={Sunkavalli, Kalyan and Matusik, Wojciech and Pfister, Hanspeter and Rusinkiewicz, Szymon},
  booktitle={ACM SIGGRAPH 2007 papers},
  pages={101--es},
  year={2007}
}
@inproceedings{laffont2015intrinsic,
  title={Intrinsic decomposition of image sequences from local temporal variations},
  author={Laffont, Pierre-Yves and Bazin, Jean-Charles},
  booktitle={Proceedings of the IEEE international conference on computer vision},
  pages={433--441},
  year={2015}
}
@article{laffont2012coherent,
  title={Coherent intrinsic images from photo collections},
  author={Laffont, Pierre-Yves and Bousseau, Adrien and Paris, Sylvain and Durand, Fr{\'e}do and Drettakis, George},
  journal={ACM Transactions on Graphics},
  volume={31},
  number={6},
  year={2012}
}
@article{duchene2015multi,
  title={Multi-view intrinsic images of outdoors scenes with an application to relighting},
  author={Duch{\^e}ne, Sylvain and Riant, Clement and Chaurasia, Gaurav and Lopez-Moreno, Jorge and Laffont, Pierre-Yves and Popov, Stefan and Bousseau, Adrien and Drettakis, George},
  journal={ACM Transactions on Graphics},
  pages={16},
  year={2015}
}

@inproceedings{ma2018single,
  title={Single image intrinsic decomposition without a single intrinsic image},
  author={Ma, Wei-Chiu and Chu, Hang and Zhou, Bolei and Urtasun, Raquel and Torralba, Antonio},
  booktitle={Proceedings of the European conference on computer vision (ECCV)},
  pages={201--217},
  year={2018}
}
% MVS intrinsic image decompostion
@inproceedings{yu2019inverserendernet,
  title={Inverserendernet: Learning single image inverse rendering},
  author={Yu, Ye and Smith, William AP},
  booktitle={Proceedings of the IEEE/CVF Conference on Computer Vision and Pattern Recognition},
  pages={3155--3164},
  year={2019}
}



%%%%%%%%%%%%%%%%%%%%%%%%%

@misc{Authors14,
 author = {FirstName LastName},
 title = {The frobnicatable foo filter},
 note = {{ECCV} submission ID 00324, supplied as supplemental material {\tt 00324.pdf}},
 year = 2014
}

@misc{Authors14b,
 author = {FirstName LastName},
 title = {Frobnication tutorial},
 note = {Supplied as supplemental material {\tt tr.pdf}},
 year = 2014
}

@article{Alpher02,
author = {FirstName Alpher},
title = {Frobnication},
journal = PAMI,
volume = 12,
number = 1,
pages = {234--778},
year = 2002
}

@article{Alpher03,
author = {FirstName Alpher and  FirstName Fotheringham-Smythe},
title = {Frobnication revisited},
journal = {Journal of Foo},
volume = 13,
number = 1,
pages = {234--778},
year = 2003
}

@article{Alpher04,
author = {FirstName Alpher and FirstName Fotheringham-Smythe and FirstName Gamow},
title = {Can a machine frobnicate?},
journal = {Journal of Foo},
volume = 14,
number = 1,
pages = {234--778},
year = 2004
}

@inproceedings{Alpher05,
author = {FirstName Alpher and FirstName Gamow},
title = {Can a computer frobnicate?},
booktitle = CVPR,
pages = {234--778},
year = 2005
}

@book{ECCV2022,
    editor = {Shai Avidan and Gabriel Brostow and Moustapha Cissé and Giovanni Maria Farinella and Tal Hassner},
    title = {Computer Vision – ECCV 2022},
    year = {2022},
    publisher = {Springer},
    doi = {10.1007/978-3-031-19769-7}
}

@inproceedings{gasperini2023robust,
  title={Robust monocular depth estimation under challenging conditions},
  author={Gasperini, Stefano and Morbitzer, Nils and Jung, HyunJun and Navab, Nassir and Tombari, Federico},
  booktitle={Proceedings of the IEEE/CVF international conference on computer vision},
  pages={8177--8186},
  year={2023}
}

% DEEP METRIC LEARNING
% PCA
@article{abdi2010principal,
  title={Principal component analysis},
  author={Abdi, Herv{\'e} and Williams, Lynne J},
  journal={Wiley interdisciplinary reviews: computational statistics},
  volume={2},
  number={4},
  pages={433--459},
  year={2010},
  publisher={Wiley Online Library}
}
% Multi-dimensional scaling
@article{kruskal1964multidimensional,
  title={Multidimensional scaling by optimizing goodness of fit to a nonmetric hypothesis},
  author={Kruskal, Joseph B},
  journal={Psychometrika},
  volume={29},
  number={1},
  pages={1--27},
  year={1964},
  publisher={Springer}
}
% LE
@article{belkin2003laplacian,
  title={Laplacian eigenmaps for dimensionality reduction and data representation},
  author={Belkin, Mikhail and Niyogi, Partha},
  journal={Neural computation},
  volume={15},
  number={6},
  pages={1373--1396},
  year={2003},
  publisher={MIT Press}
}
% isomap
@article{tenenbaum2000global,
  title={A global geometric framework for nonlinear dimensionality reduction},
  author={Tenenbaum, Joshua B and Silva, Vin de and Langford, John C},
  journal={science},
  volume={290},
  number={5500},
  pages={2319--2323},
  year={2000},
  publisher={AAAS}
}
% LLE
@article{roweis2000nonlinear,
  title={Nonlinear dimensionality reduction by locally linear embedding},
  author={Roweis, Sam T and Saul, Lawrence K},
  journal={science},
  volume={290},
  number={5500},
  pages={2323--2326},
  year={2000},
  publisher={AAAS}
}
% LTSA
@article{zhang2004principal,
  title={Principal manifolds and nonlinear dimensionality reduction via tangent space alignment},
  author={Zhang, Zhenyue and Zha, Hongyuan},
  journal={SIAM journal on scientific computing},
  volume={26},
  number={1},
  pages={313--338},
  year={2004},
  publisher={SIAM}
}
% DNGR
@inproceedings{cao2016deep,
  title={Deep neural networks for learning graph representations},
  author={Cao, Shaosheng and Lu, Wei and Xu, Qiongkai},
  booktitle={AAAI},
  volume={30},
  year={2016}
}
% SDNE
@inproceedings{wang2016structural,
  title={Structural deep network embedding},
  author={Wang, Daixin and Cui, Peng and Zhu, Wenwu},
  booktitle={Proceedings of the 22nd ACM SIGKDD international conference on Knowledge discovery and data mining},
  pages={1225--1234},
  year={2016}
}
% SIMCLR
@inproceedings{chen2020simple,
  title={A simple framework for contrastive learning of visual representations},
  author={Chen, Ting and Kornblith, Simon and Norouzi, Mohammad and Hinton, Geoffrey},
  booktitle={ICML},
  pages={1597--1607},
  year={2020},
  organization={PMLR}
}
% SIMSIAM
@inproceedings{chen2021exploring,
  title={Exploring simple siamese representation learning},
  author={Chen, Xinlei and He, Kaiming},
  booktitle={CVPR},
  pages={15750--15758},
  year={2021}
}
% supCon
@article{khosla2020supervised,
  title={Supervised contrastive learning},
  author={Khosla, Prannay and Teterwak, Piotr and Wang, Chen and Sarna, Aaron and Tian, Yonglong and Isola, Phillip and Maschinot, Aaron and Liu, Ce and Krishnan, Dilip},
  journal={NeurIPS},
  volume={33},
  pages={18661--18673},
  year={2020}
}
% CRGA
@inproceedings{wang2022contrastive,
  title={Contrastive regression for domain adaptation on gaze estimation},
  author={Wang, Yaoming and Jiang, Yangzhou and Li, Jin and Ni, Bingbing and Dai, Wenrui and Li, Chenglin and Xiong, Hongkai and Li, Teng},
  booktitle={CVPR},
  pages={19376--19385},
  year={2022}
}
@inproceedings{spurr2021self,
  title={Self-supervised 3d hand pose estimation from monocular rgb via contrastive learning},
  author={Spurr, Adrian and Dahiya, Aneesh and Wang, Xi and Zhang, Xucong and Hilliges, Otmar},
  booktitle={ICCV},
  pages={11230--11239},
  year={2021}
}
@book{gromov1999metric,
  title={Metric structures for Riemannian and non-Riemannian spaces},
  author={Gromov, Mikhael and Katz, Misha and Pansu, Pierre and Semmes, Stephen},
  volume={152},
  year={1999},
  publisher={Springer}
}
@article{choi2024depth,
  title={Depth-discriminative Metric Learning for Monocular 3D Object Detection},
  author={Choi, Wonhyeok and Shin, Mingyu and Im, Sunghoon},
  journal={Advances in Neural Information Processing Systems},
  volume={36},
  year={2024}
}

@inproceedings{dai2017scannet,
  title={Scannet: Richly-annotated 3d reconstructions of indoor scenes},
  author={Dai, Angela and Chang, Angel X and Savva, Manolis and Halber, Maciej and Funkhouser, Thomas and Nie{\ss}ner, Matthias},
  booktitle={Proceedings of the IEEE conference on computer vision and pattern recognition},
  pages={5828--5839},
  year={2017}
}

@inproceedings{shotton2013scene,
  title={Scene coordinate regression forests for camera relocalization in RGB-D images},
  author={Shotton, Jamie and Glocker, Ben and Zach, Christopher and Izadi, Shahram and Criminisi, Antonio and Fitzgibbon, Andrew},
  booktitle={Proceedings of the IEEE conference on computer vision and pattern recognition},
  pages={2930--2937},
  year={2013}
}

@article{eigen2014depth,
  title={Depth map prediction from a single image using a multi-scale deep network},
  author={Eigen, David and Puhrsch, Christian and Fergus, Rob},
  journal={Advances in neural information processing systems},
  volume={27},
  year={2014}
}

@inproceedings{geiger2012we,
  title={Are we ready for autonomous driving? the kitti vision benchmark suite},
  author={Geiger, Andreas and Lenz, Philip and Urtasun, Raquel},
  booktitle={2012 IEEE conference on computer vision and pattern recognition},
  pages={3354--3361},
  year={2012},
  organization={IEEE}
}

@inproceedings{poggi2020uncertainty,
  title={On the uncertainty of self-supervised monocular depth estimation},
  author={Poggi, Matteo and Aleotti, Filippo and Tosi, Fabio and Mattoccia, Stefano},
  booktitle={Proceedings of the IEEE/CVF Conference on Computer Vision and Pattern Recognition},
  pages={3227--3237},
  year={2020}
}

@inproceedings{fan2023contrastive,
  title={Contrastive Learning for Depth Prediction},
  author={Fan, Rizhao and Poggi, Matteo and Mattoccia, Stefano},
  booktitle={Proceedings of the IEEE/CVF Conference on Computer Vision and Pattern Recognition},
  pages={3225--3236},
  year={2023}
}

@inproceedings{chen2023self,
  title={Self-supervised monocular depth estimation: Solving the edge-fattening problem},
  author={Chen, Xingyu and Zhang, Ruonan and Jiang, Ji and Wang, Yan and Li, Ge and Li, Thomas H},
  booktitle={Proceedings of the IEEE/CVF Winter Conference on Applications of Computer Vision},
  pages={5776--5786},
  year={2023}
}
@inproceedings{schroff2015facenet,
  title={Facenet: A unified embedding for face recognition and clustering},
  author={Schroff, Florian and Kalenichenko, Dmitry and Philbin, James},
  booktitle={Proceedings of the IEEE conference on computer vision and pattern recognition},
  pages={815--823},
  year={2015}
}

@inproceedings{godard2017unsupervised,
  title={Unsupervised monocular depth estimation with left-right consistency},
  author={Godard, Cl{\'e}ment and Mac Aodha, Oisin and Brostow, Gabriel J},
  booktitle={Proceedings of the IEEE conference on computer vision and pattern recognition},
  pages={270--279},
  year={2017}
}

@article{ramirez2023booster,
  title={Booster: a benchmark for depth from images of specular and transparent surfaces},
  author={Ramirez, Pierluigi Zama and Costanzino, Alex and Tosi, Fabio and Poggi, Matteo and Salti, Samuele and Mattoccia, Stefano and Di Stefano, Luigi},
  journal={IEEE Transactions on Pattern Analysis and Machine Intelligence},
  year={2023},
  publisher={IEEE}
}

@inproceedings{kusupati2020normal,
  title={Normal assisted stereo depth estimation},
  author={Kusupati, Uday and Cheng, Shuo and Chen, Rui and Su, Hao},
  booktitle={Proceedings of the IEEE/CVF conference on computer vision and pattern recognition},
  pages={2189--2199},
  year={2020}
}

@inproceedings{murez2020atlas,
  title={Atlas: End-to-end 3d scene reconstruction from posed images},
  author={Murez, Zak and Van As, Tarrence and Bartolozzi, James and Sinha, Ayan and Badrinarayanan, Vijay and Rabinovich, Andrew},
  booktitle={Computer Vision--ECCV 2020: 16th European Conference, Glasgow, UK, August 23--28, 2020, Proceedings, Part VII 16},
  pages={414--431},
  year={2020},
  organization={Springer}
}

@inproceedings{liu2022planemvs,
  title={Planemvs: 3d plane reconstruction from multi-view stereo},
  author={Liu, Jiachen and Ji, Pan and Bansal, Nitin and Cai, Changjiang and Yan, Qingan and Huang, Xiaolei and Xu, Yi},
  booktitle={Proceedings of the IEEE/CVF Conference on Computer Vision and Pattern Recognition},
  pages={8665--8675},
  year={2022}
}

@article{im2019dpsnet,
  title={Dpsnet: End-to-end deep plane sweep stereo},
  author={Im, Sunghoon and Jeon, Hae-Gon and Lin, Stephen and Kweon, In So},
  journal={arXiv preprint arXiv:1905.00538},
  year={2019}
}

@inproceedings{sinha2020deltas,
  title={Deltas: Depth estimation by learning triangulation and densification of sparse points},
  author={Sinha, Ayan and Murez, Zak and Bartolozzi, James and Badrinarayanan, Vijay and Rabinovich, Andrew},
  booktitle={Computer Vision--ECCV 2020: 16th European Conference, Glasgow, UK, August 23--28, 2020, Proceedings, Part XXI 16},
  pages={104--121},
  year={2020},
  organization={Springer}
}

@inproceedings{bae2022multi,
  title={Multi-view depth estimation by fusing single-view depth probability with multi-view geometry},
  author={Bae, Gwangbin and Budvytis, Ignas and Cipolla, Roberto},
  booktitle={Proceedings of the IEEE/CVF Conference on Computer Vision and Pattern Recognition},
  pages={2842--2851},
  year={2022}
}

@article{zhou2024neural,
  title={Neural 3D Scene Reconstruction with Indoor Planar Priors},
  author={Zhou, Xiaowei and Guo, Haoyu and Peng, Sida and Xiao, Yuxi and Lin, Haotong and Wang, Qianqian and Zhang, Guofeng and Bao, Hujun},
  journal={IEEE Transactions on Pattern Analysis and Machine Intelligence},
  year={2024},
  publisher={IEEE}
}

@inproceedings{long2021multi,
  title={Multi-view depth estimation using epipolar spatio-temporal networks},
  author={Long, Xiaoxiao and Liu, Lingjie and Li, Wei and Theobalt, Christian and Wang, Wenping},
  booktitle={Proceedings of the IEEE/CVF Conference on Computer Vision and Pattern Recognition},
  pages={8258--8267},
  year={2021}
}

@inproceedings{duzceker2021deepvideomvs,
  title={Deepvideomvs: Multi-view stereo on video with recurrent spatio-temporal fusion},
  author={Duzceker, Arda and Galliani, Silvano and Vogel, Christoph and Speciale, Pablo and Dusmanu, Mihai and Pollefeys, Marc},
  booktitle={Proceedings of the IEEE/CVF Conference on Computer Vision and Pattern Recognition},
  pages={15324--15333},
  year={2021}
}

@inproceedings{newcombe2011kinectfusion,
  title={Kinectfusion: Real-time dense surface mapping and tracking},
  author={Newcombe, Richard A and Izadi, Shahram and Hilliges, Otmar and Molyneaux, David and Kim, David and Davison, Andrew J and Kohi, Pushmeet and Shotton, Jamie and Hodges, Steve and Fitzgibbon, Andrew},
  booktitle={2011 10th IEEE international symposium on mixed and augmented reality},
  pages={127--136},
  year={2011},
  organization={Ieee}
}

@misc{pyrender,
  author = {Matthew Matl},
  title = {Pyrender},
  year = {2019},
  publisher = {GitHub},
  journal = {GitHub repository},
  howpublished = {\url{https://github.com/mmatl/pyrender}}
}

@article{lakshminarayanan2017simple,
  title={Simple and scalable predictive uncertainty estimation using deep ensembles},
  author={Lakshminarayanan, Balaji and Pritzel, Alexander and Blundell, Charles},
  journal={Advances in neural information processing systems},
  volume={30},
  year={2017}
}

@article{hearst1998support,
  title={Support vector machines},
  author={Hearst, Marti A. and Dumais, Susan T and Osuna, Edgar and Platt, John and Scholkopf, Bernhard},
  journal={IEEE Intelligent Systems and their applications},
  volume={13},
  number={4},
  pages={18--28},
  year={1998},
  publisher={IEEE}
}

@inproceedings{geiger2018robust,
  title={Robust vision challenge},
  author={Geiger, A and Nie{\ss}ner, M and Pollefeys, M and Rother, C and Scharstein, D and Hassan, AA and Dai, A and Honauer, K and Janai, J and Sattler, T and others},
  booktitle={CVPR Workshop},
  year={2018}
}

@article{kingma2014adam,
  title={Adam: A method for stochastic optimization},
  author={Kingma, Diederik P and Ba, Jimmy},
  journal={arXiv preprint arXiv:1412.6980},
  year={2014}
}

@article{wang2004image,
  title={Image quality assessment: from error visibility to structural similarity},
  author={Wang, Zhou and Bovik, Alan C and Sheikh, Hamid R and Simoncelli, Eero P},
  journal={IEEE transactions on image processing},
  volume={13},
  number={4},
  pages={600--612},
  year={2004},
  publisher={IEEE}
}

@article{zha2024rank,
  title={Rank-N-Contrast: Learning Continuous Representations for Regression},
  author={Zha, Kaiwen and Cao, Peng and Son, Jeany and Yang, Yuzhe and Katabi, Dina},
  journal={Advances in Neural Information Processing Systems},
  volume={36},
  year={2024}
}

% Lambertian reflectance
@article{basri2003lambertian,
  title={Lambertian reflectance and linear subspaces},
  author={Basri, Ronen and Jacobs, David W},
  journal={IEEE transactions on pattern analysis and machine intelligence},
  volume={25},
  number={2},
  pages={218--233},
  year={2003},
  publisher={IEEE}
}

@article{geiger2013vision,
  title={Vision meets robotics: The kitti dataset},
  author={Geiger, Andreas and Lenz, Philip and Stiller, Christoph and Urtasun, Raquel},
  journal={The International Journal of Robotics Research},
  volume={32},
  number={11},
  pages={1231--1237},
  year={2013},
  publisher={Sage Publications Sage UK: London, England}
}

@inproceedings{silberman2012indoor,
  title={Indoor segmentation and support inference from rgbd images},
  author={Silberman, Nathan and Hoiem, Derek and Kohli, Pushmeet and Fergus, Rob},
  booktitle={Computer Vision--ECCV 2012: 12th European Conference on Computer Vision, Florence, Italy, October 7-13, 2012, Proceedings, Part V 12},
  pages={746--760},
  year={2012},
  organization={Springer}
}

@inproceedings{he2022ra,
  title={Ra-depth: Resolution adaptive self-supervised monocular depth estimation},
  author={He, Mu and Hui, Le and Bian, Yikai and Ren, Jian and Xie, Jin and Yang, Jian},
  booktitle={European Conference on Computer Vision},
  pages={565--581},
  year={2022},
  organization={Springer}
}

@inproceedings{zhao2023gasmono,
  title={GasMono: Geometry-aided self-supervised monocular depth estimation for indoor scenes},
  author={Zhao, Chaoqiang and Poggi, Matteo and Tosi, Fabio and Zhou, Lei and Sun, Qiyu and Tang, Yang and Mattoccia, Stefano},
  booktitle={Proceedings of the IEEE/CVF International Conference on Computer Vision},
  pages={16209--16220},
  year={2023}
}