@inproceedings{bae2023deep,
  title={Deep digging into the generalization of self-supervised monocular depth estimation},
  author={Bae, Jinwoo and Moon, Sungho and Im, Sunghoon},
  booktitle={Proceedings of the AAAI conference on artificial intelligence},
  volume={37},
  pages={187--196},
  year={2023}
}

@article{bae2023study,
  title={A study on the generality of neural network structures for monocular depth estimation},
  author={Bae, Jinwoo and Hwang, Kyumin and Im, Sunghoon},
  journal={IEEE Transactions on Pattern Analysis and Machine Intelligence},
  year={2023},
  publisher={IEEE}
}

@inproceedings{chen2020simple,
  title={A simple framework for contrastive learning of visual representations},
  author={Chen, Ting and Kornblith, Simon and Norouzi, Mohammad and Hinton, Geoffrey},
  booktitle={ICML},
  pages={1597--1607},
  year={2020},
  organization={PMLR}
}

@inproceedings{chen2021exploring,
  title={Exploring simple siamese representation learning},
  author={Chen, Xinlei and He, Kaiming},
  booktitle={CVPR},
  pages={15750--15758},
  year={2021}
}

@inproceedings{chen2023self,
  title={Self-supervised monocular depth estimation: Solving the edge-fattening problem},
  author={Chen, Xingyu and Zhang, Ruonan and Jiang, Ji and Wang, Yan and Li, Ge and Li, Thomas H},
  booktitle={Proceedings of the IEEE/CVF Winter Conference on Applications of Computer Vision},
  pages={5776--5786},
  year={2023}
}

@article{choi2024depth,
  title={Depth-discriminative Metric Learning for Monocular 3D Object Detection},
  author={Choi, Wonhyeok and Shin, Mingyu and Im, Sunghoon},
  journal={Advances in Neural Information Processing Systems},
  volume={36},
  year={2024}
}

@inproceedings{costanzino2023learning,
  title={Learning Depth Estimation for Transparent and Mirror Surfaces},
  author={Costanzino, Alex and Ramirez, Pierluigi Zama and Poggi, Matteo and Tosi, Fabio and Mattoccia, Stefano and Di Stefano, Luigi},
  booktitle={Proceedings of the IEEE/CVF International Conference on Computer Vision},
  pages={9244--9255},
  year={2023}
}

@article{dosovitskiy2020image,
  title={An image is worth 16x16 words: Transformers for image recognition at scale},
  author={Dosovitskiy, Alexey and Beyer, Lucas and Kolesnikov, Alexander and Weissenborn, Dirk and Zhai, Xiaohua and Unterthiner, Thomas and Dehghani, Mostafa and Minderer, Matthias and Heigold, Georg and Gelly, Sylvain and others},
  journal={arXiv preprint arXiv:2010.11929},
  year={2020}
}

@inproceedings{fan2023contrastive,
  title={Contrastive Learning for Depth Prediction},
  author={Fan, Rizhao and Poggi, Matteo and Mattoccia, Stefano},
  booktitle={Proceedings of the IEEE/CVF Conference on Computer Vision and Pattern Recognition},
  pages={3225--3236},
  year={2023}
}

@inproceedings{garg2016unsupervised,
  title={Unsupervised cnn for single view depth estimation: Geometry to the rescue},
  author={Garg, Ravi and Bg, Vijay Kumar and Carneiro, Gustavo and Reid, Ian},
  booktitle={Computer Vision--ECCV 2016: 14th European Conference, Amsterdam, The Netherlands, October 11-14, 2016, Proceedings, Part VIII 14},
  pages={740--756},
  year={2016},
  organization={Springer}
}

@inproceedings{gasperini2023robust,
  title={Robust monocular depth estimation under challenging conditions},
  author={Gasperini, Stefano and Morbitzer, Nils and Jung, HyunJun and Navab, Nassir and Tombari, Federico},
  booktitle={Proceedings of the IEEE/CVF international conference on computer vision},
  pages={8177--8186},
  year={2023}
}

@inproceedings{godard2019digging,
  title={Digging into self-supervised monocular depth estimation},
  author={Godard, Cl{\'e}ment and Mac Aodha, Oisin and Firman, Michael and Brostow, Gabriel J},
  booktitle={Proceedings of the IEEE/CVF international conference on computer vision},
  pages={3828--3838},
  year={2019}
}

@inproceedings{guizilini20203d,
  title={3d packing for self-supervised monocular depth estimation},
  author={Guizilini, Vitor and Ambrus, Rares and Pillai, Sudeep and Raventos, Allan and Gaidon, Adrien},
  booktitle={Proceedings of the IEEE/CVF conference on computer vision and pattern recognition},
  pages={2485--2494},
  year={2020}
}

@article{khosla2020supervised,
  title={Supervised contrastive learning},
  author={Khosla, Prannay and Teterwak, Piotr and Wang, Chen and Sarna, Aaron and Tian, Yonglong and Isola, Phillip and Maschinot, Aaron and Liu, Ce and Krishnan, Dilip},
  journal={NeurIPS},
  volume={33},
  pages={18661--18673},
  year={2020}
}

@article{kong2024robodepth,
  title={Robodepth: Robust out-of-distribution depth estimation under corruptions},
  author={Kong, Lingdong and Xie, Shaoyuan and Hu, Hanjiang and Ng, Lai Xing and Cottereau, Benoit and Ooi, Wei Tsang},
  journal={Advances in Neural Information Processing Systems},
  volume={36},
  year={2024}
}

@inproceedings{lyu2021hr,
  title={Hr-depth: High resolution self-supervised monocular depth estimation},
  author={Lyu, Xiaoyang and Liu, Liang and Wang, Mengmeng and Kong, Xin and Liu, Lina and Liu, Yong and Chen, Xinxin and Yuan, Yi},
  booktitle={Proceedings of the AAAI Conference on Artificial Intelligence},
  volume={35},
  pages={2294--2301},
  year={2021}
}

@inproceedings{saunders2023self,
  title={Self-supervised Monocular Depth Estimation: Let's Talk About The Weather},
  author={Saunders, Kieran and Vogiatzis, George and Manso, Luis J},
  booktitle={Proceedings of the IEEE/CVF International Conference on Computer Vision},
  pages={8907--8917},
  year={2023}
}

@inproceedings{schroff2015facenet,
  title={Facenet: A unified embedding for face recognition and clustering},
  author={Schroff, Florian and Kalenichenko, Dmitry and Philbin, James},
  booktitle={Proceedings of the IEEE conference on computer vision and pattern recognition},
  pages={815--823},
  year={2015}
}

@inproceedings{shi20233d,
  title={3D Distillation: Improving Self-Supervised Monocular Depth Estimation on Reflective Surfaces},
  author={Shi, Xuepeng and Dikov, Georgi and Reitmayr, Gerhard and Kim, Tae-Kyun and Ghafoorian, Mohsen},
  booktitle={Proceedings of the IEEE/CVF International Conference on Computer Vision},
  pages={9133--9143},
  year={2023}
}

@inproceedings{spurr2021self,
  title={Self-supervised 3d hand pose estimation from monocular rgb via contrastive learning},
  author={Spurr, Adrian and Dahiya, Aneesh and Wang, Xi and Zhang, Xucong and Hilliges, Otmar},
  booktitle={ICCV},
  pages={11230--11239},
  year={2021}
}

@inproceedings{wang2022contrastive,
  title={Contrastive regression for domain adaptation on gaze estimation},
  author={Wang, Yaoming and Jiang, Yangzhou and Li, Jin and Ni, Bingbing and Dai, Wenrui and Li, Chenglin and Xiong, Hongkai and Li, Teng},
  booktitle={CVPR},
  pages={19376--19385},
  year={2022}
}

@article{zha2024rank,
  title={Rank-N-Contrast: Learning Continuous Representations for Regression},
  author={Zha, Kaiwen and Cao, Peng and Son, Jeany and Yang, Yuzhe and Katabi, Dina},
  journal={Advances in Neural Information Processing Systems},
  volume={36},
  year={2024}
}

@inproceedings{zhang2023lite,
  title={Lite-mono: A lightweight cnn and transformer architecture for self-supervised monocular depth estimation},
  author={Zhang, Ning and Nex, Francesco and Vosselman, George and Kerle, Norman},
  booktitle={Proceedings of the IEEE/CVF Conference on Computer Vision and Pattern Recognition},
  pages={18537--18546},
  year={2023}
}

@inproceedings{zhao2022monovit,
  title={Monovit: Self-supervised monocular depth estimation with a vision transformer},
  author={Zhao, Chaoqiang and Zhang, Youmin and Poggi, Matteo and Tosi, Fabio and Guo, Xianda and Zhu, Zheng and Huang, Guan and Tang, Yang and Mattoccia, Stefano},
  booktitle={2022 International Conference on 3D Vision (3DV)},
  pages={668--678},
  year={2022},
  organization={IEEE}
}

@inproceedings{zhou2017unsupervised,
  title={Unsupervised learning of depth and ego-motion from video},
  author={Zhou, Tinghui and Brown, Matthew and Snavely, Noah and Lowe, David G},
  booktitle={Proceedings of the IEEE conference on computer vision and pattern recognition},
  pages={1851--1858},
  year={2017}
}

@article{zhou2021self,
  title={Self-supervised monocular depth estimation with internal feature fusion},
  author={Zhou, Hang and Greenwood, David and Taylor, Sarah},
  journal={arXiv preprint arXiv:2110.09482},
  year={2021}
}

