
@inproceedings{Rafailov2023DirectPO,
  title     = {Direct Preference Optimization: Your Language Model is Secretly a Reward Model},
  author    = {Rafael Rafailov and Archit Sharma and Eric Mitchell and Stefano Ermon and Christopher D. Manning and Chelsea Finn},
  booktitle = {Proc. of NeurIPS},
  year      = {2023}
}

@inproceedings{Azar2023AGT,
  author       = {Mohammad Gheshlaghi Azar and
                  Zhaohan Daniel Guo and
                  Bilal Piot and
                  R{\'{e}}mi Munos and
                  Mark Rowland and
                  Michal Valko and
                  Daniele Calandriello},
  title        = {A General Theoretical Paradigm to Understand Learning from Human Preferences},
  booktitle    = {International Conference on Artificial Intelligence and Statistics,
                  2-4 May 2024, Palau de Congressos, Valencia, Spain},
  volume       = {238},
  pages        = {4447--4455},
  publisher    = {{PMLR}},
  year         = {2024},
}

@inproceedings{Ethayarajh2024KTOMA,
  author       = {Kawin Ethayarajh and
                  Winnie Xu and
                  Niklas Muennighoff and
                  Dan Jurafsky and
                  Douwe Kiela},
  title        = {Model Alignment as Prospect Theoretic Optimization},
  booktitle    = {Proc. of ICML},
  year         = {2024},
}

@inproceedings{Park2024DisentanglingLF,
  author       = {Ryan Park and
                  Rafael Rafailov and
                  Stefano Ermon and
                  Chelsea Finn},
  editor       = {Lun{-}Wei Ku and
                  Andre Martins and
                  Vivek Srikumar},
  title        = {Disentangling Length from Quality in Direct Preference Optimization},
  booktitle    = {Proc. of ACL Findings},
  pages        = {4998--5017},
  year         = {2024},
}

@inproceedings{Hong2024ORPOMP,
  author       = {Jiwoo Hong and
                  Noah Lee and
                  James Thorne},
  editor       = {Yaser Al{-}Onaizan and
                  Mohit Bansal and
                  Yun{-}Nung Chen},
  title        = {{ORPO:} Monolithic Preference Optimization without Reference Model},
  booktitle    = {Proc. of EMNLP},
  pages        = {11170--11189},
  publisher    = {Association for Computational Linguistics},
  year         = {2024},
}

@article{Rosset2024DirectNO,
  title   = {Direct Nash Optimization: Teaching Language Models to Self-Improve with General Preferences},
  author  = {Corby Rosset and Ching-An Cheng and Arindam Mitra and Michael Santacroce and Ahmed Awadallah and Tengyang Xie},
  journal = {ArXiv},
  year    = {2024},
  volume  = {abs/2404.03715}
}

@article{Kim2024sDPODU,
  title   = {{sDPO}: Don't Use Your Data All at Once},
  author  = {Dahyun Kim and Yungi Kim and Wonho Song and Hyeonwoo Kim and Yunsu Kim and Sanghoon Kim and Chanjun Park},
  journal = {ArXiv},
  year    = {2024},
  volume  = {abs/2403.19270}
}

@article{Zhao2023SLiCHFSL,
  title   = {{SLiC-HF}: Sequence Likelihood Calibration with Human Feedback},
  author  = {Yao Zhao and Rishabh Joshi and Tianqi Liu and Misha Khalman and Mohammad Saleh and Peter J. Liu},
  journal = {ArXiv},
  year    = {2023},
  volume  = {abs/2305.10425}
}

@article{Bradley1952RankAO,
  title   = {Rank Analysis of Incomplete Block Designs: I. The Method of Paired Comparisons},
  author  = {Ralph Allan Bradley and Milton E. Terry},
  journal = {Biometrika},
  year    = {1952},
  volume  = {39},
  pages   = {324}
}

@article{Xu2023SomeTA,
  title   = {Some things are more {CRINGE} than others: Preference Optimization with the Pairwise Cringe Loss},
  author  = {Jing Xu and Andrew Lee and Sainbayar Sukhbaatar and Jason Weston},
  journal = {ArXiv},
  year    = {2023},
  volume  = {abs/2312.16682}
}

@article{achiam2023gpt,
  title   = {{GPT-4} technical report},
  author  = {Achiam, Josh and Adler, Steven and Agarwal, Sandhini and Ahmad, Lama and Akkaya, Ilge and Aleman, Florencia Leoni and Almeida, Diogo and Altenschmidt, Janko and Altman, Sam and Anadkat, Shyamal and others},
  journal = {ArXiv},
  volume  = {abs/2303.08774},
  year    = {2023}
}

@article{Xu2024PerilsOS,
  title   = {Perils of Self-Feedback: Self-Bias Amplifies in Large Language Models},
  author  = {Wenda Xu and Guanglei Zhu and Xuandong Zhao and Liangming Pan and Lei Li and William Yang Wang},
  journal = {ArXiv},
  year    = {2024},
  volume  = {abs/2402.11436}
}

@inproceedings{Huang2006GeneralizedBM,
  title   = {Generalized Bradley-Terry Models and Multi-Class Probability Estimates},
  author  = {Tzu-Kuo Huang and Ruby Chiu-Hsing Weng and Chih-Jen Lin},
  journal = {JMLR},
  year    = {2006},
  volume  = {7},
  pages   = {85-115}
}

@article{cortes1995support,
  title     = {Support-vector networks},
  author    = {Cortes, Corinna and Vapnik, Vladimir},
  journal   = {Machine learning},
  volume    = {20},
  pages     = {273--297},
  year      = {1995},
  publisher = {Springer}
}

@article{firth2012bradley,
  title     = {Bradley-Terry models in {R}: the {BradleyTerry2} package},
  author    = {Firth, David and Turner, Heather},
  journal   = {Journal of Statistical Software},
  volume    = {48},
  number    = {9},
  year      = {2012},
  publisher = {American Statistical Association}
}

@book{agresti2012categorical,
  title     = {Categorical data analysis},
  author    = {Agresti, Alan},
  volume    = {792},
  year      = {2012},
  publisher = {John Wiley \& Sons}
}

@article{Askell2021AGL,
  title   = {A General Language Assistant as a Laboratory for Alignment},
  author  = {Amanda Askell and Yuntao Bai and Anna Chen and Dawn Drain and Deep Ganguli and Tom Henighan and Andy Jones and Nicholas Joseph and Benjamin Mann and Nova DasSarma and Nelson Elhage and Zac Hatfield-Dodds and Danny Hernandez and John Kernion and Kamal Ndousse and Catherine Olsson and Dario Amodei and Tom B. Brown and Jack Clark and Sam McCandlish and Christopher Olah and Jared Kaplan},
  journal = {ArXiv},
  year    = {2021},
  volume  = {abs/2112.00861}
}

@inproceedings{Ouyang2022TrainingLM,
  title     = {Training language models to follow instructions with human feedback},
  author    = {Long Ouyang and Jeff Wu and Xu Jiang and Diogo Almeida and Carroll L. Wainwright and Pamela Mishkin and Chong Zhang and Sandhini Agarwal and Katarina Slama and Alex Ray and John Schulman and Jacob Hilton and Fraser Kelton and Luke E. Miller and Maddie Simens and Amanda Askell and Peter Welinder and Paul Francis Christiano and Jan Leike and Ryan J. Lowe},
  booktitle = {Proc. of NeurIPS},
  year      = {2022}
}

@article{Tunstall2023ZephyrDD,
  title   = {Zephyr: Direct Distillation of {LM} Alignment},
  author  = {Lewis Tunstall and Edward Beeching and Nathan Lambert and Nazneen Rajani and Kashif Rasul and Younes Belkada and Shengyi Huang and Leandro von Werra and Cl{\'e}mentine Fourrier and Nathan Habib and Nathan Sarrazin and Omar Sanseviero and Alexander M. Rush and Thomas Wolf},
  journal = {ArXiv},
  year    = {2023},
  volume  = {abs/2310.16944}
}

@article{Ivison2023CamelsIA,
  title   = {Camels in a Changing Climate: Enhancing {LM} Adaptation with {Tulu} 2},
  author  = {Hamish Ivison and Yizhong Wang and Valentina Pyatkin and Nathan Lambert and Matthew E. Peters and Pradeep Dasigi and Joel Jang and David Wadden and Noah A. Smith and Iz Beltagy and Hanna Hajishirzi},
  journal = {ArXiv},
  year    = {2023},
  volume  = {abs/2311.10702}
}


@inproceedings{zheng2023judging,
  title     = {Judging {LLM}-as-a-Judge with {MT-Bench} and {Chatbot} {Arena}},
  author    = {Zheng, Lianmin and Chiang, Wei-Lin and Sheng, Ying and Zhuang, Siyuan and Wu, Zhanghao and Zhuang, Yonghao and Lin, Zi and Li, Zhuohan and Li, Dacheng and Xing, Eric and others},
  booktitle = {Proc. of NeurIPS Datasets and Benchmarks Track},
  year      = {2023}
}

@misc{arenahard2024,
  title  = {From Live Data to High-Quality Benchmarks: The {Arena-Hard} Pipeline},
  url    = {https://lmsys.org/blog/2024-04-19-arena-hard/},
  author = {Tianle Li and Wei-Lin Chiang and Evan Frick and Lisa Dunlap and Banghua Zhu and Joseph E. Gonzalez and Ion Stoica},
  month  = {April},
  year   = {2024}
}

@misc{AlpacaEval,
  author       = {Xuechen Li and Tianyi Zhang and Yann Dubois and Rohan Taori and Ishaan Gulrajani and Carlos Guestrin and Percy Liang and Tatsunori B. Hashimoto },
  title        = {{AlpacaEval}: An Automatic Evaluator of Instruction-following Models},
  year         = {2023},
  publisher    = {GitHub},
  journal      = {GitHub repository},
  howpublished = {\url{https://github.com/tatsu-lab/alpaca_eval}}
}

@article{dubois2024length,
  title   = {Length-Controlled {AlpacaEval}: A Simple Way to Debias Automatic Evaluators},
  author  = {Dubois, Yann and Galambosi, Bal{\'a}zs and Liang, Percy and Hashimoto, Tatsunori B},
  journal = {ArXiv},
  volume  = {abs/2404.04475},
  year    = {2024}
}

@article{llama3modelcard,
  title  = {Llama 3 Model Card},
  author = {AI@Meta},
  year   = {2024},
  url    = {https://github.com/meta-llama/llama3/blob/main/MODEL_CARD.md}
}

@article{Jiang2023Mistral7,
  title   = {Mistral {7B}},
  author  = {Albert Qiaochu Jiang and Alexandre Sablayrolles and Arthur Mensch and Chris Bamford and Devendra Singh Chaplot and Diego de Las Casas and Florian Bressand and Gianna Lengyel and Guillaume Lample and Lucile Saulnier and L'elio Renard Lavaud and Marie-Anne Lachaux and Pierre Stock and Teven Le Scao and Thibaut Lavril and Thomas Wang and Timoth{\'e}e Lacroix and William El Sayed},
  journal = {ArXiv},
  year    = {2023},
  volume  = {abs/2310.06825}
}

@inproceedings{Ding2023EnhancingCL,
  title     = {Enhancing Chat Language Models by Scaling High-quality Instructional Conversations},
  author    = {Ning Ding and Yulin Chen and Bokai Xu and Yujia Qin and Zhi Zheng and Shengding Hu and Zhiyuan Liu and Maosong Sun and Bowen Zhou},
  booktitle = {Proc. of EMNLP},
  year      = {2023}
}

@inproceedings{Cui2024UltraFeedbackBL,
  title     = {{UltraFeedback}: Boosting Language Models with High-quality Feedback},
  author    = {Ganqu Cui and Lifan Yuan and Ning Ding and Guanming Yao and Wei Zhu and Yuan Ni and Guotong Xie and Zhiyuan Liu and Maosong Sun},
  year      = {2024},
  booktitle = {Proc. of ICML}
}

@inproceedings{Jiang2023LLMBlenderEL,
  title     = {{LLM-Blender}: Ensembling Large Language Models with Pairwise Ranking and Generative Fusion},
  author    = {Dongfu Jiang and Xiang Ren and Bill Yuchen Lin},
  booktitle = {Proc. of ACL},
  year      = {2023}
}

@article{ziegler2019fine,
  title   = {Fine-tuning language models from human preferences},
  author  = {Ziegler, Daniel M and Stiennon, Nisan and Wu, Jeffrey and Brown, Tom B and Radford, Alec and Amodei, Dario and Christiano, Paul and Irving, Geoffrey},
  journal = {arXiv preprint arXiv:1909.08593},
  year    = {2019}
}

@article{casper2023open,
  title   = {Open problems and fundamental limitations of reinforcement learning from human feedback},
  author  = {Casper, Stephen and Davies, Xander and Shi, Claudia and Gilbert, Thomas Krendl and Scheurer, J{\'e}r{\'e}my and Rando, Javier and Freedman, Rachel and Korbak, Tomasz and Lindner, David and Freire, Pedro and others},
  journal = {arXiv preprint arXiv:2307.15217},
  year    = {2023}
}

@article{zheng2023secrets,
  title   = {Secrets of {RLHF} in Large Language Models Part {I: PPO}},
  author  = {Zheng, Rui and Dou, Shihan and Gao, Songyang and Hua, Yuan and Shen, Wei and Wang, Binghai and Liu, Yan and Jin, Senjie and Liu, Qin and Zhou, Yuhao and others},
  journal = {arXiv preprint arXiv:2307.04964},
  year    = {2023}
}

@article{singhal2023long,
  title   = {A Long Way to Go: Investigating Length Correlations in {RLHF}},
  author  = {Singhal, Prasann and Goyal, Tanya and Xu, Jiacheng and Durrett, Greg},
  journal = {arXiv preprint arXiv:2310.03716},
  year    = {2023}
}

@article{santacroce2023efficient,
  title   = {Efficient {RLHF}: Reducing the Memory Usage of {PPO}},
  author  = {Santacroce, Michael and Lu, Yadong and Yu, Han and Li, Yuanzhi and Shen, Yelong},
  journal = {arXiv preprint arXiv:2309.00754},
  year    = {2023}
}

@inproceedings{yuan2023rrhf,
  title     = {{RRHF}: Rank Responses to Align Language Models with Human Feedback},
  author    = {Hongyi Yuan and Zheng Yuan and Chuanqi Tan and Wei Wang and Songfang Huang and Fei Huang},
  booktitle = {Proc. of NeurIPS},
  year      = {2023}
}

@inproceedings{dong2023raft,
  title   = {{RAFT}: Reward rAnked FineTuning for Generative Foundation Model Alignment},
  author  = {Dong, Hanze and Xiong, Wei and Goyal, Deepanshu and Zhang, Yihan and Chow, Winnie and Pan, Rui and Diao, Shizhe and Zhang, Jipeng and KaShun, SHUM and Zhang, Tong},
  journal = {Transactions on Machine Learning Research},
  year    = {2023}
}


@inproceedings{wang2023far,
  title     = {How Far Can Camels Go? Exploring the State of Instruction Tuning on Open Resources},
  author    = {Wang, Yizhong and Ivison, Hamish and Dasigi, Pradeep and Hessel, Jack and Khot, Tushar and Chandu, Khyathi and Wadden, David and MacMillan, Kelsey and Smith, Noah A and Beltagy, Iz and others},
  booktitle = {Proc. of NeurIPS Datasets and Benchmarks Track},
  year      = {2023}
}

@inproceedings{tian2024finetuning,
  title     = {Fine-Tuning Language Models for Factuality},
  author    = {Katherine Tian and Eric Mitchell and Huaxiu Yao and Christopher D Manning and Chelsea Finn},
  booktitle = {Proc. of ICLR},
  year      = {2024},
}

@article{dai2023safe,
  title   = {Safe {RLHF}: Safe reinforcement learning from human feedback},
  author  = {Dai, Josef and Pan, Xuehai and Sun, Ruiyang and Ji, Jiaming and Xu, Xinbo and Liu, Mickel and Wang, Yizhou and Yang, Yaodong},
  journal = {arXiv preprint arXiv:2310.12773},
  year    = {2023}
}

@article{bai2022training,
  title   = {Training a helpful and harmless assistant with reinforcement learning from human feedback},
  author  = {Bai, Yuntao and Jones, Andy and Ndousse, Kamal and Askell, Amanda and Chen, Anna and DasSarma, Nova and Drain, Dawn and Fort, Stanislav and Ganguli, Deep and Henighan, Tom and others},
  journal = {arXiv preprint arXiv:2204.05862},
  year    = {2022}
}

@inproceedings{korbak2023pretraining,
  title        = {Pretraining language models with human preferences},
  author       = {Korbak, Tomasz and Shi, Kejian and Chen, Angelica and Bhalerao, Rasika Vinayak and Buckley, Christopher and Phang, Jason and Bowman, Samuel R and Perez, Ethan},
  booktitle    = {Proc. of ICML},
  pages        = {17506--17533},
  year         = {2023},
}

@article{havrilla2024teaching,
  title   = {Teaching large language models to reason with reinforcement learning},
  author  = {Havrilla, Alex and Du, Yuqing and Raparthy, Sharath Chandra and Nalmpantis, Christoforos and Dwivedi-Yu, Jane and Zhuravinskyi, Maksym and Hambro, Eric and Sukhbaatar, Sainbayar and Raileanu, Roberta},
  journal = {arXiv preprint arXiv:2403.04642},
  year    = {2024}
}

@article{amini2024direct,
  title   = {Direct Preference Optimization with an Offset},
  author  = {Amini, Afra and Vieira, Tim and Cotterell, Ryan},
  journal = {arXiv preprint arXiv:2402.10571},
  year    = {2024}
}


@inproceedings{liu2024statistical,
  title     = {Statistical Rejection Sampling Improves Preference Optimization},
  author    = {Tianqi Liu and Yao Zhao and Rishabh Joshi and Misha Khalman and Mohammad Saleh and Peter J Liu and Jialu Liu},
  booktitle = {Proc. of ICLR},
  year      = {2024},
}

@article{yuan2024self,
  title   = {Self-rewarding language models},
  author  = {Yuan, Weizhe and Pang, Richard Yuanzhe and Cho, Kyunghyun and Sukhbaatar, Sainbayar and Xu, Jing and Weston, Jason},
  journal = {arXiv preprint arXiv:2401.10020},
  year    = {2024}
}

@article{wang2023beyond,
  title   = {Beyond reverse kl: Generalizing direct preference optimization with diverse divergence constraints},
  author  = {Wang, Chaoqi and Jiang, Yibo and Yang, Chenghao and Liu, Han and Chen, Yuxin},
  journal = {arXiv preprint arXiv:2309.16240},
  year    = {2023}
}

@article{hong2024reference,
  title   = {Reference-free monolithic preference optimization with odds ratio},
  author  = {Hong, Jiwoo and Lee, Noah and Thorne, James},
  journal = {arXiv preprint arXiv:2403.07691},
  year    = {2024}
}

@article{zhou2024lima,
  title   = {{LIMA}: Less is more for alignment},
  author  = {Zhou, Chunting and Liu, Pengfei and Xu, Puxin and Iyer, Srinivasan and Sun, Jiao and Mao, Yuning and Ma, Xuezhe and Efrat, Avia and Yu, Ping and Yu, Lili and others},
  journal = {Proc. of NeurIPS},
  year    = {2023}
}

@misc{taori2023stanford,
  title  = {Stanford alpaca: An instruction-following llama model},
  author = {Taori, Rohan and Gulrajani, Ishaan and Zhang, Tianyi and Dubois, Yann and Li, Xuechen and Guestrin, Carlos and Liang, Percy and Hashimoto, Tatsunori B},
  year   = {2023}
}

@inproceedings{kopf2024openassistant,
  title     = {OpenAssistant Conversations-Democratizing Large Language Model Alignment},
  author    = {K{\"o}pf, Andreas and Kilcher, Yannic and von R{\"u}tte, Dimitri and Anagnostidis, Sotiris and Tam, Zhi Rui and Stevens, Keith and Barhoum, Abdullah and Nguyen, Duc Minh and Stanley, Oliver and Nagyfi, Rich{\'a}rd and others},
  booktitle = {Proc. of NeurIPS Datasets and Benchmarks Track},
  year      = {2023}
}

@inproceedings{wang2024openchat,
  title     = {{OpenChat}: Advancing Open-source Language Models with Mixed-Quality Data},
  author    = {Guan Wang and Sijie Cheng and Xianyuan Zhan and Xiangang Li and Sen Song and Yang Liu},
  booktitle = {Proc. of ICLR},
  year      = {2024},
}

@article{geng2023koala,
  title   = {Koala: A dialogue model for academic research},
  author  = {Geng, Xinyang and Gudibande, Arnav and Liu, Hao and Wallace, Eric and Abbeel, Pieter and Levine, Sergey and Song, Dawn},
  journal = {Blog post, April},
  volume  = {1},
  pages   = {6},
  year    = {2023}
}

@online{DatabricksBlog2023DollyV2,
  author  = {Mike Conover and Matt Hayes and Ankit Mathur and Jianwei Xie and Jun Wan and Sam Shah and Ali Ghodsi and Patrick Wendell and Matei Zaharia and Reynold Xin},
  title   = {Free Dolly: Introducing the World's First Truly Open Instruction-Tuned {LLM}},
  year    = {2023},
  url     = {https://www.databricks.com/blog/2023/04/12/dolly-first-open-commercially-viable-instruction-tuned-llm},
  urldate = {2023-06-30}
}

@inproceedings{xia2024less,
  title     = {{LESS}: Selecting Influential Data for Targeted Instruction Tuning},
  author    = {Xia, Mengzhou and Malladi, Sadhika and Gururangan, Suchin and Arora, Sanjeev and Chen, Danqi},
  booktitle = {Proc. of ICML},
  year      = {2024}
}

@article{chen2024odin,
  title   = {{ODIN}: Disentangled Reward Mitigates Hacking in {RLHF}},
  author  = {Chen, Lichang and Zhu, Chen and Soselia, Davit and Chen, Jiuhai and Zhou, Tianyi and Goldstein, Tom and Huang, Heng and Shoeybi, Mohammad and Catanzaro, Bryan},
  journal = {arXiv preprint arXiv:2402.07319},
  year    = {2024}
}

@inproceedings{chen2024alpagasus,
  title     = {{AlpaGasus}: Training a Better {Alpaca} with Fewer Data},
  author    = {Lichang Chen and Shiyang Li and Jun Yan and Hai Wang and Kalpa Gunaratna and Vikas Yadav and Zheng Tang and Vijay Srinivasan and Tianyi Zhou and Heng Huang and Hongxia Jin},
  booktitle = {Proc. of ICLR},
  year      = {2024},
  url       = {https://openreview.net/forum?id=FdVXgSJhvz}
}


@article{lambert2024rewardbench,
  title   = {{RewardBench}: Evaluating Reward Models for Language Modeling},
  author  = {Nathan Lambert and Valentina Pyatkin and Jacob Daniel Morrison and Lester James Validad Miranda and Bill Yuchen Lin and Khyathi Raghavi Chandu and Nouha Dziri and Sachin Kumar and Tom Zick and Yejin Choi and Noah A. Smith and Hanna Hajishirzi},
  journal = {ArXiv},
  year    = {2024},
  volume  = {abs/2403.13787}
}

@inproceedings{christiano2017deep,
  author       = {Paul F. Christiano and
                  Jan Leike and
                  Tom B. Brown and
                  Miljan Martic and
                  Shane Legg and
                  Dario Amodei},
  title        = {Deep Reinforcement Learning from Human Preferences},
  booktitle    = {Proc. of NeurIPS},
  pages        = {4299--4307},
  year         = {2017},
}

@inproceedings{gao2023scaling,
  title        = {Scaling laws for reward model overoptimization},
  author       = {Gao, Leo and Schulman, John and Hilton, Jacob},
  booktitle    = {Proc. of ICML},
  pages        = {10835--10866},
  year         = {2023},
}

@article{luo2023wizardmath,
  title   = {Wizardmath: Empowering mathematical reasoning for large language models via reinforced evol-instruct},
  author  = {Luo, Haipeng and Sun, Qingfeng and Xu, Can and Zhao, Pu and Lou, Jianguang and Tao, Chongyang and Geng, Xiubo and Lin, Qingwei and Chen, Shifeng and Zhang, Dongmei},
  journal = {arXiv preprint arXiv:2308.09583},
  year    = {2023}
}

@article{lightman2023let,
  title   = {Let's Verify Step by Step},
  author  = {Lightman, Hunter and Kosaraju, Vineet and Burda, Yura and Edwards, Harri and Baker, Bowen and Lee, Teddy and Leike, Jan and Schulman, John and Sutskever, Ilya and Cobbe, Karl},
  journal = {arXiv preprint arXiv:2305.20050},
  year    = {2023}
}

@article{havrilla2024glore,
  title   = {{GLoRe}: When, Where, and How to Improve {LLM} Reasoning via Global and Local Refinements},
  author  = {Havrilla, Alex and Raparthy, Sharath and Nalmpantis, Christoforus and Dwivedi-Yu, Jane and Zhuravinskyi, Maksym and Hambro, Eric and Railneau, Roberta},
  journal = {arXiv preprint arXiv:2402.10963},
  year    = {2024}
}

@article{anthony2017thinking,
  title   = {Thinking fast and slow with deep learning and tree search},
  author  = {Anthony, Thomas and Tian, Zheng and Barber, David},
  journal = {Proc. of NeurIPS},
  volume  = {30},
  year    = {2017}
}



@inproceedings{song2024preference,
  title     = {Preference ranking optimization for human alignment},
  author    = {Song, Feifan and Yu, Bowen and Li, Minghao and Yu, Haiyang and Huang, Fei and Li, Yongbin and Wang, Houfeng},
  booktitle = {Proc. of AAAI},
  year      = {2024}
}

@article{liu2024lipo,
  title   = {{LiPO}: Listwise Preference Optimization through Learning-to-Rank},
  author  = {Liu, Tianqi and Qin, Zhen and Wu, Junru and Shen, Jiaming and Khalman, Misha and Joshi, Rishabh and Zhao, Yao and Saleh, Mohammad and Baumgartner, Simon and Liu, Jialu and others},
  journal = {arXiv preprint arXiv:2402.01878},
  year    = {2024}
}

@article{Graves2012SequenceTW,
  title   = {Sequence Transduction with Recurrent Neural Networks},
  author  = {Alex Graves},
  journal = {ArXiv},
  year    = {2012},
  volume  = {abs/1211.3711}
}

@inproceedings{Brown2020LanguageMA,
  title     = {Language Models are Few-Shot Learners},
  author    = {Brown, Tom and Mann, Benjamin and Ryder, Nick and Subbiah, Melanie and Kaplan, Jared D and Dhariwal, Prafulla and Neelakantan, Arvind and Shyam, Pranav and Sastry, Girish and Askell, Amanda and others},
  booktitle = {Proc. of NeurIPS},
  year      = {2020}
}

@article{stiennon2020learning,
  title   = {Learning to summarize with human feedback},
  author  = {Stiennon, Nisan and Ouyang, Long and Wu, Jeffrey and Ziegler, Daniel and Lowe, Ryan and Voss, Chelsea and Radford, Alec and Amodei, Dario and Christiano, Paul F},
  journal = {Proc. of NeurIPS},
  pages   = {3008--3021},
  year    = {2020}
}

@article{leike2018scalable,
  title   = {Scalable agent alignment via reward modeling: a research direction},
  author  = {Leike, Jan and Krueger, David and Everitt, Tom and Martic, Miljan and Maini, Vishal and Legg, Shane},
  journal = {arXiv preprint arXiv:1811.07871},
  year    = {2018}
}

@inproceedings{li-etal-2016-deep,
  title     = {Deep Reinforcement Learning for Dialogue Generation},
  author    = {Li, Jiwei  and
               Monroe, Will  and
               Ritter, Alan  and
               Jurafsky, Dan  and
               Galley, Michel  and
               Gao, Jianfeng},
  editor    = {Su, Jian  and
               Duh, Kevin  and
               Carreras, Xavier},
  booktitle = {Proc. of EMNLP},
  year      = {2016},
  pages     = {1192--1202}
}

@inproceedings{holtzman2019curious,
  title     = {The Curious Case of Neural Text Degeneration},
  author    = {Holtzman, Ari and Buys, Jan and Du, Li and Forbes, Maxwell and Choi, Yejin},
  booktitle = {Proc. of ICLR},
  year      = {2019}
}

@inproceedings{fan2018hierarchical,
  title     = {Hierarchical Neural Story Generation},
  author    = {Fan, Angela and Lewis, Mike and Dauphin, Yann},
  booktitle = {Proc. of ACL},
  pages     = {889--898},
  year      = {2018}
}

@inproceedings{holtzman2018learning,
  title     = {Learning to Write with Cooperative Discriminators},
  author    = {Holtzman, Ari and Buys, Jan and Forbes, Maxwell and Bosselut, Antoine and Golub, David and Choi, Yejin},
  booktitle = {Proc. of ACL},
  pages     = {1638--1649},
  year      = {2018}
}

@article{radford2019language,
  title   = {Language models are unsupervised multitask learners},
  author  = {Radford, Alec and Wu, Jeffrey and Child, Rewon and Luan, David and Amodei, Dario and Sutskever, Ilya and others},
  journal = {OpenAI blog},
  volume  = {1},
  number  = {8},
  pages   = {9},
  year    = {2019}
}

@inproceedings{holtzman2021surface,
  title     = {Surface Form Competition: Why the Highest Probability Answer Isn’t Always Right},
  author    = {Holtzman, Ari and West, Peter and Shwartz, Vered and Choi, Yejin and Zettlemoyer, Luke},
  booktitle = {Proc. of EMNLP},
  pages     = {7038--7051},
  year      = {2021}
}

@techreport{viethoangtranduong,
  author      = {Tran, Hoang and Glaze, Chris and Hancock, Braden},
  title       = {Iterative {DPO} Alignment},
  institution = {Snorkel AI},
  year        = {2023}
}

@inproceedings{Germann2003GreedyDF,
  title     = {Greedy Decoding for Statistical Machine Translation in Almost Linear Time},
  author    = {Ulrich Germann},
  booktitle = {Proc. of NAACL},
  year      = {2003}
}

@inproceedings{maas2011learning,
  title     = {Learning word vectors for sentiment analysis},
  author    = {Maas, Andrew and Daly, Raymond E and Pham, Peter T and Huang, Dan and Ng, Andrew Y and Potts, Christopher},
  booktitle = {Proc. of ACL},
  pages     = {142--150},
  year      = {2011}
}

@inproceedings{volske2017tl,
  title     = {Tl; dr: Mining reddit to learn automatic summarization},
  author    = {V{\"o}lske, Michael and Potthast, Martin and Syed, Shahbaz and Stein, Benno},
  booktitle = {Proceedings of the Workshop on New Frontiers in Summarization},
  pages     = {59--63},
  year      = {2017}
}

@article{Ji2023BeaverTailsTI,
  title   = {{BeaverTails}: Towards Improved Safety Alignment of {LLM} via a Human-Preference Dataset},
  author  = {Jiaming Ji and Mickel Liu and Juntao Dai and Xuehai Pan and Chi Zhang and Ce Bian and Ruiyang Sun and Yizhou Wang and Yaodong Yang},
  journal = {ArXiv},
  year    = {2023},
  volume  = {abs/2307.04657}
}

@inproceedings{Wang2023DecodingTrustAC,
  title     = {{DecodingTrust}: A Comprehensive Assessment of Trustworthiness in {GPT} Models},
  author    = {Boxin Wang and Weixin Chen and Hengzhi Pei and Chulin Xie and Mintong Kang and Chenhui Zhang and Chejian Xu and Zidi Xiong and Ritik Dutta and Rylan Schaeffer and Sang Truong and Simran Arora and Mantas Mazeika and Dan Hendrycks and Zi-Han Lin and Yuk-Kit Cheng and Sanmi Koyejo and Dawn Xiaodong Song and Bo Li},
  booktitle = {Proc. of NeurIPS},
  year      = {2023}
}

@inproceedings{zhao2024wildchat,
  title     = {WildChat: 1M Chat{GPT} Interaction Logs in the Wild},
  author    = {Wenting Zhao and Xiang Ren and Jack Hessel and Claire Cardie and Yejin Choi and Yuntian Deng},
  booktitle = {Proc. of ICLR},
  year      = {2024},
}

@article{xu2024dpo,
  title   = {Is {DPO} Superior to {PPO} for {LLM} Alignment? A Comprehensive Study},
  author  = {Xu, Shusheng and Fu, Wei and Gao, Jiaxuan and Ye, Wenjie and Liu, Weilin and Mei, Zhiyu and Wang, Guangju and Yu, Chao and Wu, Yi},
  journal = {arXiv preprint arXiv:2404.10719},
  year    = {2024}
}

@article{tang2024understanding,
  title   = {Understanding the performance gap between online and offline alignment algorithms},
  author  = {Tang, Yunhao and Guo, Daniel Zhaohan and Zheng, Zeyu and Calandriello, Daniele and Cao, Yuan and Tarassov, Eugene and Munos, R{\'e}mi and Pires, Bernardo {\'A}vila and Valko, Michal and Cheng, Yong and others},
  journal = {arXiv preprint arXiv:2405.08448},
  year    = {2024}
}

@inproceedings{hendrycks2020measuring,
  title     = {Measuring Massive Multitask Language Understanding},
  author    = {Hendrycks, Dan and Burns, Collin and Basart, Steven and Zou, Andy and Mazeika, Mantas and Song, Dawn and Steinhardt, Jacob},
  booktitle = {Proc. of ICLR},
  year      = {2020}
}

@article{clark2018think,
  title   = {Think you have Solved Question Answering? Try {ARC}, the {AI2} Reasoning Challenge},
  author  = {Peter Clark and Isaac Cowhey and Oren Etzioni and Tushar Khot and Ashish Sabharwal and Carissa Schoenick and Oyvind Tafjord},
  journal = {ArXiv},
  year    = {2018},
  volume  = {abs/1803.05457}
}

@inproceedings{zellers-etal-2019-hellaswag,
  title     = {{H}ella{S}wag: Can a Machine Really Finish Your Sentence?},
  author    = {Zellers, Rowan  and
               Holtzman, Ari  and
               Bisk, Yonatan  and
               Farhadi, Ali  and
               Choi, Yejin},
  booktitle = {Proc. of ACL},
  year      = {2019},
  pages     = {4791--4800}
}

@inproceedings{lin2022truthfulqa,
  title     = {{TruthfulQA}: Measuring How Models Mimic Human Falsehoods},
  author    = {Lin, Stephanie and Hilton, Jacob and Evans, Owain},
  booktitle = {Proc. of ACL},
  pages     = {3214--3252},
  year      = {2022}
}


@article{cobbe2021gsm8k,
  title   = {Training Verifiers to Solve Math Word Problems},
  author  = {Cobbe, Karl and Kosaraju, Vineet and Bavarian, Mohammad and Chen, Mark and Jun, Heewoo and Kaiser, Lukasz and Plappert, Matthias and Tworek, Jerry and Hilton, Jacob and Nakano, Reiichiro and Hesse, Christopher and Schulman, John},
  journal = {arXiv preprint arXiv:2110.14168},
  year    = {2021}
}

@misc{open-llm-leaderboard,
  author       = {Edward Beeching and Clémentine Fourrier and Nathan Habib and Sheon Han and Nathan Lambert and Nazneen Rajani and Omar Sanseviero and Lewis Tunstall and Thomas Wolf},
  title        = {Open {LLM} Leaderboard},
  year         = {2023},
  publisher    = {Hugging Face},
  howpublished = {\url{https://huggingface.co/spaces/HuggingFaceH4/open_llm_leaderboard}}
}

@article{tang2024generalized,
  title   = {Generalized Preference Optimization: A Unified Approach to Offline Alignment},
  author  = {Tang, Yunhao and Guo, Zhaohan Daniel and Zheng, Zeyu and Calandriello, Daniele and Munos, R{\'e}mi and Rowland, Mark and Richemond, Pierre Harvey and Valko, Michal and Pires, Bernardo {\'A}vila and Piot, Bilal},
  journal = {arXiv preprint arXiv:2402.05749},
  year    = {2024}
}

@article{xu2024contrastive,
  title   = {Contrastive Preference Optimization: Pushing the Boundaries of {LLM} Performance in Machine Translation},
  author  = {Haoran Xu and Amr Sharaf and Yunmo Chen and Weiting Tan and Lingfeng Shen and Benjamin Van Durme and Kenton Murray and Young Jin Kim},
  journal = {ArXiv},
  year    = {2024},
  volume  = {abs/2401.08417}
}

@article{pal2024smaug,
  title   = {Smaug: Fixing Failure Modes of Preference Optimisation with DPO-Positive},
  author  = {Pal, Arka and Karkhanis, Deep and Dooley, Samuel and Roberts, Manley and Naidu, Siddartha and White, Colin},
  journal = {arXiv preprint arXiv:2402.13228},
  year    = {2024}
}

@article{xu2023some,
  title   = {Some things are more cringe than others: Preference optimization with the pairwise cringe loss},
  author  = {Xu, Jing and Lee, Andrew and Sukhbaatar, Sainbayar and Weston, Jason},
  journal = {arXiv preprint arXiv:2312.16682},
  year    = {2023}
}

@inproceedings{boser1992training,
  title     = {A training algorithm for optimal margin classifiers},
  author    = {Boser, Bernhard E and Guyon, Isabelle M and Vapnik, Vladimir N},
  booktitle = {Proceedings of the fifth annual workshop on Computational learning theory},
  pages     = {144--152},
  year      = {1992}
}

@article{calandriello2024human,
  title   = {Human Alignment of Large Language Models through Online Preference Optimisation},
  author  = {Calandriello, Daniele and Guo, Daniel and Munos, Remi and Rowland, Mark and Tang, Yunhao and Pires, Bernardo Avila and Richemond, Pierre Harvey and Lan, Charline Le and Valko, Michal and Liu, Tianqi and others},
  journal = {arXiv preprint arXiv:2403.08635},
  year    = {2024}
}

@article{nakano2021webgpt,
  title   = {Webgpt: Browser-assisted question-answering with human feedback},
  author  = {Nakano, Reiichiro and Hilton, Jacob and Balaji, Suchir and Wu, Jeff and Ouyang, Long and Kim, Christina and Hesse, Christopher and Jain, Shantanu and Kosaraju, Vineet and Saunders, William and others},
  journal = {arXiv preprint arXiv:2112.09332},
  year    = {2021}
}

@article{ruder2016overview,
  title   = {An overview of gradient descent optimization algorithms},
  author  = {Ruder, Sebastian},
  journal = {arXiv preprint arXiv:1609.04747},
  year    = {2016}
}

@inproceedings{kingma2014adam,
  author       = {Diederik P. Kingma and
                  Jimmy Ba},
  editor       = {Yoshua Bengio and
                  Yann LeCun},
  title        = {Adam: {A} Method for Stochastic Optimization},
  booktitle    = {Proc. of ICLR},
  year         = {2015},
}

@inproceedings{ArmoRM,
  author       = {Haoxiang Wang and
                  Wei Xiong and
                  Tengyang Xie and
                  Han Zhao and
                  Tong Zhang},
  title        = {Interpretable Preferences via Multi-Objective Reward Modeling and
                  Mixture-of-Experts},
  booktitle    = {Proc. of EMNLP Findings},
  pages        = {10582--10592},
  year         = {2024},
}

@article{bansal2024comparing,
  title   = {Comparing Bad Apples to Good Oranges: Aligning Large Language Models via Joint Preference Optimization},
  author  = {Bansal, Hritik and Suvarna, Ashima and Bhatt, Gantavya and Peng, Nanyun and Chang, Kai-Wei and Grover, Aditya},
  journal = {arXiv preprint arXiv:2404.00530},
  year    = {2024}
}

@article{zheng2023click,
  title   = {Click: Controllable text generation with sequence likelihood contrastive learning},
  author  = {Zheng, Chujie and Ke, Pei and Zhang, Zheng and Huang, Minlie},
  journal = {arXiv preprint arXiv:2306.03350},
  year    = {2023}
}

@article{liu2022brio,
  title   = {BRIO: Bringing order to abstractive summarization},
  author  = {Liu, Yixin and Liu, Pengfei and Radev, Dragomir and Neubig, Graham},
  journal = {arXiv preprint arXiv:2203.16804},
  year    = {2022}
}

@article{zheng2024weak,
  title   = {Weak-to-strong extrapolation expedites alignment},
  author  = {Zheng, Chujie and Wang, Ziqi and Ji, Heng and Huang, Minlie and Peng, Nanyun},
  journal = {arXiv preprint arXiv:2404.16792},
  year    = {2024}
}

@article{dong2024rlhf,
  title   = {Rlhf workflow: From reward modeling to online rlhf},
  author  = {Dong, Hanze and Xiong, Wei and Pang, Bo and Wang, Haoxiang and Zhao, Han and Zhou, Yingbo and Jiang, Nan and Sahoo, Doyen and Xiong, Caiming and Zhang, Tong},
  journal = {arXiv preprint arXiv:2405.07863},
  year    = {2024}
}

@inproceedings{xiong2024iterative,
  title     = {Iterative preference learning from human feedback: Bridging theory and practice for rlhf under kl-constraint},
  author    = {Xiong, Wei and Dong, Hanze and Ye, Chenlu and Wang, Ziqi and Zhong, Han and Ji, Heng and Jiang, Nan and Zhang, Tong},
  booktitle = {Proc. of ICML},
  year      = {2024}
}

@article{yuchen2024wildbench,
  title   = {WildBench: Benchmarking LLMs with Challenging Tasks from Real Users in the Wild},
  author  = {Yuchen Lin, Bill and Deng, Yuntian and Chandu, Khyathi and Brahman, Faeze and Ravichander, Abhilasha and Pyatkin, Valentina and Dziri, Nouha and Le Bras, Ronan and Choi, Yejin},
  journal = {arXiv e-prints},
  pages   = {arXiv--2406},
  year    = {2024}
}

@article{xu2024magpie,
  title   = {Magpie: Alignment Data Synthesis from Scratch by Prompting Aligned LLMs with Nothing},
  author  = {Xu, Zhangchen and Jiang, Fengqing and Niu, Luyao and Deng, Yuntian and Poovendran, Radha and Choi, Yejin and Lin, Bill Yuchen},
  journal = {arXiv preprint arXiv:2406.08464},
  year    = {2024}
}

@article{jaques2019way,
  title   = {Way off-policy batch deep reinforcement learning of implicit human preferences in dialog},
  author  = {Jaques, Natasha and Ghandeharioun, Asma and Shen, Judy Hanwen and Ferguson, Craig and Lapedriza, Agata and Jones, Noah and Gu, Shixiang and Picard, Rosalind},
  journal = {arXiv preprint arXiv:1907.00456},
  year    = {2019}
}



@inproceedings{Meng2024SimPO,
  author       = {Yu Meng and
                  Mengzhou Xia and
                  Danqi Chen},
  title        = {SimPO: Simple Preference Optimization with a Reference-Free Reward},
  booktitle    = {Proc. of NeurIPS},
  year         = {2024},
}


@inproceedings{lin2024unlocking,
  author       = {Bill Yuchen Lin and
                  Abhilasha Ravichander and
                  Ximing Lu and
                  Nouha Dziri and
                  Melanie Sclar and
                  Khyathi Raghavi Chandu and
                  Chandra Bhagavatula and
                  Yejin Choi},
  title        = {The Unlocking Spell on Base LLMs: Rethinking Alignment via In-Context
                  Learning},
  booktitle    = {Proc. of ICLR},
  year         = {2024},
}


@inproceedings{lu2024sampo,
  author       = {Junru Lu and
                  Jiazheng Li and
                  Siyu An and
                  Meng Zhao and
                  Yulan He and
                  Di Yin and
                  Xing Sun},
  editor       = {Yaser Al{-}Onaizan and
                  Mohit Bansal and
                  Yun{-}Nung Chen},
  title        = {Eliminating Biased Length Reliance of Direct Preference Optimization
                  via Down-Sampled {KL} Divergence},
  booktitle    = {Proc. of EMNLP},
  pages        = {1047--1067},
  year         = {2024},
}


@inproceedings{rafailov2024fromr,
  author       = {Rafael Rafailov and
                  Joey Hejna and
                  Ryan Park and
                  Chelsea Finn},
  title        = {From \emph{r} to Q\({}^{\mbox{*}}\): Your Language Model is Secretly
                  a Q-Function},
  booktitle    = {Proc. of COLM},
  year         = {2024},
}


@inproceedings{zheng2024llamafactory,
  title={LlamaFactory: Unified Efficient Fine-Tuning of 100+ Language Models},
  author={Yaowei Zheng and Richong Zhang and Junhao Zhang and Yanhan Ye and Zheyan Luo and Zhangchi Feng and Yongqiang Ma},
  booktitle={Proc. of ACL (Volume 3: System Demonstrations)},
  year={2024}
}


@inproceedings{Korbak2022RLWK,
  title={RL with KL penalties is better viewed as Bayesian inference},
  author={Tomasz Korbak and Ethan Perez and Christopher L. Buckley},
  booktitle={Proc. of EMNLP},
  year={2022}
}


@inproceedings{Xu2024ContrastivePO,
  author       = {Haoran Xu and
                  Amr Sharaf and
                  Yunmo Chen and
                  Weiting Tan and
                  Lingfeng Shen and
                  Benjamin Van Durme and
                  Kenton Murray and
                  Young Jin Kim},
  title        = {Contrastive Preference Optimization: Pushing the Boundaries of {LLM}
                  Performance in Machine Translation},
  booktitle    = {Proc. of ICML},
  year         = {2024},
}


@article{Schulman2017Proximal,
  author       = {John Schulman and
                  Filip Wolski and
                  Prafulla Dhariwal and
                  Alec Radford and
                  Oleg Klimov},
  title        = {Proximal Policy Optimization Algorithms},
  journal      = {CoRR},
  volume       = {abs/1707.06347},
  year         = {2017},
}


@article{Wu2023PairwisePP,
  title={Pairwise Proximal Policy Optimization: Harnessing Relative Feedback for LLM Alignment},
  author={Tianhao Wu and Banghua Zhu and Ruoyu Zhang and Zhaojin Wen and Kannan Ramchandran and Jiantao Jiao},
  journal={ArXiv},
  year={2023},
  volume={abs/2310.00212},
}


@inproceedings{Gao2022ScalingLF,
  title={Scaling Laws for Reward Model Overoptimization},
  author={Leo Gao and John Schulman and Jacob Hilton},
  booktitle={Proc. of ICLR},
  year={2022},
}


@inproceedings{Dubois2023Alice,
  author       = {Yann Dubois and
                  Chen Xuechen Li and
                  Rohan Taori and
                  Tianyi Zhang and
                  Ishaan Gulrajani and
                  Jimmy Ba and
                  Carlos Guestrin and
                  Percy Liang and
                  Tatsunori B. Hashimoto},
  title        = {AlpacaFarm: {A} Simulation Framework for Methods that Learn from Human
                  Feedback},
  booktitle    = {Proc. of NeurIPS},
  year         = {2023},
}


@misc{gemmateam2024gemma2improvingopen,
      title={Gemma 2: Improving Open Language Models at a Practical Size}, 
      author={Gemma Team and Morgane Riviere and Shreya Pathak and Pier Giuseppe Sessa and Cassidy Hardin and Surya Bhupatiraju and Léonard Hussenot and Thomas Mesnard and Bobak Shahriari and Alexandre Ramé and Johan Ferret and Peter Liu and Pouya Tafti and Abe Friesen and Michelle Casbon and Sabela Ramos and Ravin Kumar and Charline Le Lan and Sammy Jerome and Anton Tsitsulin and Nino Vieillard and Piotr Stanczyk and Sertan Girgin and Nikola Momchev and Matt Hoffman and Shantanu Thakoor and Jean-Bastien Grill and Behnam Neyshabur and Olivier Bachem and Alanna Walton and Aliaksei Severyn and Alicia Parrish and Aliya Ahmad and Allen Hutchison and Alvin Abdagic and Amanda Carl and Amy Shen and Andy Brock and Andy Coenen and Anthony Laforge and Antonia Paterson and Ben Bastian and Bilal Piot and Bo Wu and Brandon Royal and Charlie Chen and Chintu Kumar and Chris Perry and Chris Welty and Christopher A. Choquette-Choo and Danila Sinopalnikov and David Weinberger and Dimple Vijaykumar and Dominika Rogozińska and Dustin Herbison and Elisa Bandy and Emma Wang and Eric Noland and Erica Moreira and Evan Senter and Evgenii Eltyshev and Francesco Visin and Gabriel Rasskin and Gary Wei and Glenn Cameron and Gus Martins and Hadi Hashemi and Hanna Klimczak-Plucińska and Harleen Batra and Harsh Dhand and Ivan Nardini and Jacinda Mein and Jack Zhou and James Svensson and Jeff Stanway and Jetha Chan and Jin Peng Zhou and Joana Carrasqueira and Joana Iljazi and Jocelyn Becker and Joe Fernandez and Joost van Amersfoort and Josh Gordon and Josh Lipschultz and Josh Newlan and Ju-yeong Ji and Kareem Mohamed and Kartikeya Badola and Kat Black and Katie Millican and Keelin McDonell and Kelvin Nguyen and Kiranbir Sodhia and Kish Greene and Lars Lowe Sjoesund and Lauren Usui and Laurent Sifre and Lena Heuermann and Leticia Lago and Lilly McNealus and Livio Baldini Soares and Logan Kilpatrick and Lucas Dixon and Luciano Martins and Machel Reid and Manvinder Singh and Mark Iverson and Martin Görner and Mat Velloso and Mateo Wirth and Matt Davidow and Matt Miller and Matthew Rahtz and Matthew Watson and Meg Risdal and Mehran Kazemi and Michael Moynihan and Ming Zhang and Minsuk Kahng and Minwoo Park and Mofi Rahman and Mohit Khatwani and Natalie Dao and Nenshad Bardoliwalla and Nesh Devanathan and Neta Dumai and Nilay Chauhan and Oscar Wahltinez and Pankil Botarda and Parker Barnes and Paul Barham and Paul Michel and Pengchong Jin and Petko Georgiev and Phil Culliton and Pradeep Kuppala and Ramona Comanescu and Ramona Merhej and Reena Jana and Reza Ardeshir Rokni and Rishabh Agarwal and Ryan Mullins and Samaneh Saadat and Sara Mc Carthy and Sarah Perrin and Sébastien M. R. Arnold and Sebastian Krause and Shengyang Dai and Shruti Garg and Shruti Sheth and Sue Ronstrom and Susan Chan and Timothy Jordan and Ting Yu and Tom Eccles and Tom Hennigan and Tomas Kocisky and Tulsee Doshi and Vihan Jain and Vikas Yadav and Vilobh Meshram and Vishal Dharmadhikari and Warren Barkley and Wei Wei and Wenming Ye and Woohyun Han and Woosuk Kwon and Xiang Xu and Zhe Shen and Zhitao Gong and Zichuan Wei and Victor Cotruta and Phoebe Kirk and Anand Rao and Minh Giang and Ludovic Peran and Tris Warkentin and Eli Collins and Joelle Barral and Zoubin Ghahramani and Raia Hadsell and D. Sculley and Jeanine Banks and Anca Dragan and Slav Petrov and Oriol Vinyals and Jeff Dean and Demis Hassabis and Koray Kavukcuoglu and Clement Farabet and Elena Buchatskaya and Sebastian Borgeaud and Noah Fiedel and Armand Joulin and Kathleen Kenealy and Robert Dadashi and Alek Andreev},
      year={2024},
      eprint={2408.00118},
      archivePrefix={arXiv},
      primaryClass={cs.CL},
      url={https://arxiv.org/abs/2408.00118}, 
}


@inproceedings{Edunov2018backtranslation,
  author       = {Sergey Edunov and
                  Myle Ott and
                  Michael Auli and
                  David Grangier},
  editor       = {Ellen Riloff and
                  David Chiang and
                  Julia Hockenmaier and
                  Jun'ichi Tsujii},
  title        = {Understanding Back-Translation at Scale},
  booktitle    = {Proc. of EMNLP},
  pages        = {489--500},
  year         = {2018},
}


@inproceedings{Wang2020calibration,
  author       = {Shuo Wang and
                  Zhaopeng Tu and
                  Shuming Shi and
                  Yang Liu},
  title        = {On the Inference Calibration of Neural Machine Translation},
  booktitle    = {Proc. of ACL},
  pages        = {3070--3079},
  year         = {2020},
}

@article{Adler2024Nemotron,
  author       = {Bo Adler and
                  Niket Agarwal and
                  Ashwath Aithal and
                  Dong H. Anh and
                  Pallab Bhattacharya and
                  Annika Brundyn and
                  Jared Casper and
                  Bryan Catanzaro and
                  Sharon Clay and
                  Jonathan M. Cohen and
                  Sirshak Das and
                  Ayush Dattagupta and
                  Olivier Delalleau and
                  Leon Derczynski and
                  Yi Dong and
                  Daniel Egert and
                  Ellie Evans and
                  Aleksander Ficek and
                  Denys Fridman and
                  Shaona Ghosh and
                  Boris Ginsburg and
                  Igor Gitman and
                  Tomasz Grzegorzek and
                  Robert Hero and
                  Jining Huang and
                  Vibhu Jawa and
                  Joseph Jennings and
                  Aastha Jhunjhunwala and
                  John Kamalu and
                  Sadaf Khan and
                  Oleksii Kuchaiev and
                  Patrick LeGresley and
                  Hui Li and
                  Jiwei Liu and
                  Zihan Liu and
                  Eileen Long and
                  Ameya Sunil Mahabaleshwarkar and
                  Somshubra Majumdar and
                  James Maki and
                  Miguel Martinez and
                  Maer Rodrigues de Melo and
                  Ivan Moshkov and
                  Deepak Narayanan and
                  Sean Narenthiran and
                  Jesus Navarro and
                  Phong Nguyen and
                  Osvald Nitski and
                  Vahid Noroozi and
                  Guruprasad Nutheti and
                  Christopher Parisien and
                  Jupinder Parmar and
                  Mostofa Patwary and
                  Krzysztof Pawelec and
                  Wei Ping and
                  Shrimai Prabhumoye and
                  Rajarshi Roy and
                  Trisha Saar and
                  Vasanth Rao Naik Sabavat and
                  Sanjeev Satheesh and
                  Jane Polak Scowcroft and
                  Jason Sewall and
                  Pavel Shamis and
                  Gerald Shen and
                  Mohammad Shoeybi and
                  Dave Sizer and
                  Misha Smelyanskiy and
                  Felipe Soares and
                  Makesh Narsimhan Sreedhar and
                  Dan Su and
                  Sandeep Subramanian and
                  Shengyang Sun and
                  Shubham Toshniwal and
                  Hao Wang and
                  Zhilin Wang and
                  Jiaxuan You and
                  Jiaqi Zeng and
                  Jimmy Zhang and
                  Jing Zhang and
                  Vivienne Zhang and
                  Yian Zhang and
                  Chen Zhu},
  title        = {Nemotron-4 340B Technical Report},
  journal      = {CoRR},
  volume       = {abs/2406.11704},
  year         = {2024}
}


@inproceedings{yang2024denseReward,
  author       = {Shentao Yang and
                  Tianqi Chen and
                  Mingyuan Zhou},
  title        = {A Dense Reward View on Aligning Text-to-Image Diffusion with Preference},
  booktitle    = {Proc. of ICML},
  year         = {2024},
}


@inproceedings{yang2023tokenguidance,
  author       = {Shentao Yang and
                  Shujian Zhang and
                  Congying Xia and
                  Yihao Feng and
                  Caiming Xiong and
                  Mingyuan Zhou},
  title        = {Preference-grounded Token-level Guidance for Language Model Fine-tuning},
  booktitle    = {Proc. of NeurIPS},
  year         = {2023},
}


@inproceedings{ziebart2008maximum,
  author       = {Brian D. Ziebart and
                  Andrew L. Maas and
                  J. Andrew Bagnell and
                  Anind K. Dey},
  title        = {Maximum Entropy Inverse Reinforcement Learning},
  booktitle    = {Proc. of AAAI},
  pages        = {1433--1438},
  year         = {2008},
}

@phdthesis{ziebart2010maximum,
  author       = {Brian D. Ziebart},
  title        = {Modeling Purposeful Adaptive Behavior with the Principle of Maximum
                  Causal Entropy},
  school       = {Carnegie Mellon University, {USA}},
  year         = {2010},
}


@inproceedings{hendrycks2021measuring,
  author       = {Dan Hendrycks and
                  Collin Burns and
                  Steven Basart and
                  Andy Zou and
                  Mantas Mazeika and
                  Dawn Song and
                  Jacob Steinhardt},
  title        = {Measuring Massive Multitask Language Understanding},
  booktitle    = {Proc. of ICLR},
  year         = {2021},
}


@article{cobbe2021training,
  author       = {Karl Cobbe and
                  Vineet Kosaraju and
                  Mohammad Bavarian and
                  Mark Chen and
                  Heewoo Jun and
                  Lukasz Kaiser and
                  Matthias Plappert and
                  Jerry Tworek and
                  Jacob Hilton and
                  Reiichiro Nakano and
                  Christopher Hesse and
                  John Schulman},
  title        = {Training Verifiers to Solve Math Word Problems},
  journal      = {CoRR},
  volume       = {abs/2110.14168},
  year         = {2021},
}


@article{zhou2023instruction,
  author       = {Jeffrey Zhou and
                  Tianjian Lu and
                  Swaroop Mishra and
                  Siddhartha Brahma and
                  Sujoy Basu and
                  Yi Luan and
                  Denny Zhou and
                  Le Hou},
  title        = {Instruction-Following Evaluation for Large Language Models},
  journal      = {CoRR},
  volume       = {abs/2311.07911},
  year         = {2023},
}


@inproceedings{zellers2019hellaswag,
  author       = {Rowan Zellers and
                  Ari Holtzman and
                  Yonatan Bisk and
                  Ali Farhadi and
                  Yejin Choi},
  editor       = {Anna Korhonen and
                  David R. Traum and
                  Llu{\'{\i}}s M{\`{a}}rquez},
  title        = {HellaSwag: Can a Machine Really Finish Your Sentence?},
  booktitle    = {Proceedings of the 57th Conference of the Association for Computational
                  Linguistics, {ACL} 2019, Florence, Italy, July 28- August 2, 2019,
                  Volume 1: Long Papers},
  pages        = {4791--4800},
  publisher    = {Association for Computational Linguistics},
  year         = {2019},
}



@inproceedings{levesque2012winograd,
  author       = {Hector J. Levesque and
                  Ernest Davis and
                  Leora Morgenstern},
  editor       = {Gerhard Brewka and
                  Thomas Eiter and
                  Sheila A. McIlraith},
  title        = {The Winograd Schema Challenge},
  booktitle    = {Principles of Knowledge Representation and Reasoning: Proceedings
                  of the Thirteenth International Conference, {KR} 2012, Rome, Italy,
                  June 10-14, 2012},
  publisher    = {{AAAI} Press},
  year         = {2012},
}


@inproceedings{kakade2002appro,
  author       = {Sham M. Kakade and
                  John Langford},
  title        = {Approximately Optimal Approximate Reinforcement Learning},
  booktitle    = {Proc. of ICML},
  pages        = {267--274},
  year         = {2002},
}


@inproceedings{rashidinejad2021bridging,
  author       = {Paria Rashidinejad and
                  Banghua Zhu and
                  Cong Ma and
                  Jiantao Jiao and
                  Stuart Russell},
  title        = {Bridging Offline Reinforcement Learning and Imitation Learning: {A}
                  Tale of Pessimism},
  booktitle    = {Proc. of NeurIPS},
  pages        = {11702--11716},
  year         = {2021},
}


@inproceedings{jin2021pessimism,
  author       = {Ying Jin and
                  Zhuoran Yang and
                  Zhaoran Wang},
  title        = {Is Pessimism Provably Efficient for Offline RL?},
  booktitle    = {Proc. of ICML},
  pages        = {5084--5096},
  year         = {2021},
}

@inproceedings{wang-etal-2024-hybrid,
    title = "Hybrid Alignment Training for Large Language Models",
    author = "Wang, Chenglong  and
      Zhou, Hang  and
      Chang, Kaiyan  and
      Li, Bei  and
      Mu, Yongyu  and
      Xiao, Tong  and
      Liu, Tongran  and
      Zhu, JingBo",
    booktitle = {Proc. of ACL Findings},
    year = {2024},
    pages = {11389--11403},
}


@inproceedings{zhou2024prior,
  author       = {Hang Zhou and
                  Chenglong Wang and
                  Yimin Hu and
                  Tong Xiao and
                  Chunliang Zhang and
                  Jingbo Zhu},
  title        = {Prior Constraints-Based Reward Model Training for Aligning Large Language
                  Models},
  booktitle    = {Proc. of CCL},
  pages        = {555--570},
  year         = {2024},
}

@inproceedings{wang2024esrl,
  author       = {Chenglong Wang and
                  Hang Zhou and
                  Yimin Hu and
                  Yifu Huo and
                  Bei Li and
                  Tongran Liu and
                  Tong Xiao and
                  Jingbo Zhu},
  title        = {{ESRL:} Efficient Sampling-Based Reinforcement Learning for Sequence
                  Generation},
  booktitle    = {Proc. of AAAI},
  year         = {2024},
}