@article{3dgrt2024,
    author = {Moenne-Loccoz, Nicolas and Mirzaei, Ashkan and Perel, Or and de Lutio, Riccardo and Martinez Esturo, Janick and State, Gavriel and Fidler, Sanja and Sharp, Nicholas and Gojcic, Zan},
    title = {{3D Gaussian Ray Tracing}: Fast Tracing of Particle Scenes},
    journal = {ACM Transactions on Graphics},
    year = {2024},
}

@ARTICLE{Max95,
  author={Max, N.},
  journal={IEEE Transactions on Visualization and Computer Graphics}, 
  title={Optical models for direct volume rendering}, 
  year={1995},
  volume={1},
  number={2},
  pages={99-108},
  keywords={Optical scattering;Light scattering;X-ray scattering;Stimulated emission;Absorption;Interpolation;Optical computing;Rendering (computer graphics);Grid computing;Computational modeling},
  doi={10.1109/2945.468400}}

@inproceedings{Novak18Course,
	author 		= {Nov\'{a}k, Jan and Georgiev, Iliyan and Hanika, Johannes and K\v{r}iv\'{a}nek, Jaroslav and Jarosz, Wojciech},
	title 		= {Monte Carlo Methods for Physically Based Volume Rendering},
	booktitle 	= {ACM SIGGRAPH 2018 Courses},
	series 		= {SIGGRAPH '18},
	year 		= {2018},
	isbn 		= {978-1-4503-5809-5},
	location 	= {Vancouver, British Columbia, Canada},
	pages 		= {14:1--14:1},
	articleno 	= {14},
	numpages 	= {1},
	url 		= {http://doi.acm.org/10.1145/3214834.3214880},
	doi 		= {10.1145/3214834.3214880},
	publisher 	= {ACM},
	address 	= {New York, NY, USA},
}

@article{Yifan:DSS:2019, 
    author = {Yifan, Wang and
              Serena, Felice and
              Wu, Shihao and
              {\"{O}}ztireli, Cengiz and
              Sorkine{-}Hornung, Olga},
    title = {Differentiable Surface Splatting for Point-based Geometry Processing}, 
    journal = {ACM Transactions on Graphics (proceedings of ACM SIGGRAPH ASIA)}, 
    volume = {38}, 
    number = {6}, 
    year = {2019}, 
}

@misc{blanc2024raygaussvolumetricgaussianbasedray,
      title={RayGauss: Volumetric Gaussian-Based Ray Casting for Photorealistic Novel View Synthesis}, 
      author={Hugo Blanc and Jean-Emmanuel Deschaud and Alexis Paljic},
      year={2024},
      eprint={2408.03356},
      archivePrefix={arXiv},
      primaryClass={cs.CV},
      url={https://arxiv.org/abs/2408.03356}, 
}

@article{bolanos2024gaussian,
  title={Gaussian Shadow Casting for Neural Characters},
  author={Bolanos, Luis and Su, Shih-Yang and Rhodin, Helge},
  journal={arXiv preprint arXiv:2401.06116},
  year={2024}
}

@article{chen2024survey,
  title={A survey on 3d gaussian splatting},
  author={Chen, Guikun and Wang, Wenguan},
  journal={arXiv preprint arXiv:2401.03890},
  year={2024}
}

@misc{condor2024dontsplatgaussiansvolumetric,
      title={Don't Splat your Gaussians: Volumetric Ray-Traced Primitives for Modeling and Rendering Scattering and Emissive Media}, 
      author={Jorge Condor and Sebastien Speierer and Lukas Bode and Aljaz Bozic and Simon Green and Piotr Didyk and Adrian Jarabo},
      year={2024},
      eprint={2405.15425},
      archivePrefix={arXiv},
      primaryClass={cs.GR},
      url={https://arxiv.org/abs/2405.15425}, 
}

@article{dalal2024gaussian,
  title={Gaussian Splatting: 3D Reconstruction and Novel View Synthesis, a Review},
  author={Dalal, Anurag and Hagen, Daniel and Robbersmyr, Kjell G and Knausg{\aa}rd, Kristian Muri},
  journal={arXiv preprint arXiv:2405.03417},
  year={2024}
}

@article{ewa_splatting,
  title={EWA splatting},
  author={Zwicker, Matthias and Pfister, Hanspeter and Van Baar, Jeroen and Gross, Markus},
  journal={IEEE Transactions on Visualization and Computer Graphics},
  volume={8},
  number={3},
  pages={223--238},
  year={2002},
  publisher={IEEE}
}

@article{fei20243d,
  title={3D Gaussian as a New Vision Era: A Survey},
  author={Fei, Ben and Xu, Jingyi and Zhang, Rui and Zhou, Qingyuan and Yang, Weidong and He, Ying},
  journal={arXiv preprint arXiv:2402.07181},
  year={2024}
}

@article{guedon2023sugar,
  title={Sugar: Surface-aligned gaussian splatting for efficient 3d mesh reconstruction and high-quality mesh rendering},
  author={Gu{\'e}don, Antoine and Lepetit, Vincent},
  journal={arXiv preprint arXiv:2311.12775},
  year={2023}
}

@article{heckbert1989fundamentals,
  title={Fundamentals of texture mapping and image warping},
  author={Heckbert, Paul S},
  year={1989},
  publisher={Citeseer}
}

@article{huang2023photo,
  title={Photo-slam: Real-time simultaneous localization and photorealistic mapping for monocular, stereo, and rgb-d cameras},
  author={Huang, Huajian and Li, Longwei and Cheng, Hui and Yeung, Sai-Kit},
  journal={arXiv preprint arXiv:2311.16728},
  year={2023}
}

@Article{kerbl3Dgaussians,
      author       = {Kerbl, Bernhard and Kopanas, Georgios and Leimk{\"u}hler, Thomas and Drettakis, George},
      title        = {3D Gaussian Splatting for Real-Time Radiance Field Rendering},
      journal      = {ACM Transactions on Graphics},
      number       = {4},
      volume       = {42},
      month        = {July},
      year         = {2023}
}

@inproceedings{kopanas2021point,
  title={Point-Based Neural Rendering with Per-View Optimization},
  author={Kopanas, Georgios and Philip, Julien and Leimk{\"u}hler, Thomas and Drettakis, George},
  booktitle={Computer Graphics Forum},
  volume={40},
  number={4},
  pages={29--43},
  year={2021},
  organization={Wiley Online Library}
}

@inproceedings{lassner2021pulsar,
  title={Pulsar: Efficient sphere-based neural rendering},
  author={Lassner, Christoph and Zollhofer, Michael},
  booktitle={Proceedings of the IEEE/CVF Conference on Computer Vision and Pattern Recognition},
  pages={1440--1449},
  year={2021}
}

@inproceedings{lee2024gscore,
  title={GSCore: Efficient Radiance Field Rendering via Architectural Support for 3D Gaussian Splatting},
  author={Lee, Junseo and Lee, Seokwon and Lee, Jungi and Park, Junyong and Sim, Jaewoong},
  booktitle={Proceedings of the 29th ACM International Conference on Architectural Support for Programming Languages and Operating Systems, Volume 3},
  pages={497--511},
  year={2024}
}

@inproceedings{mildenhall2020nerf,
 title={NeRF: Representing Scenes as Neural Radiance Fields for View Synthesis},
 author={Ben Mildenhall and Pratul P. Srinivasan and Matthew Tancik and Jonathan T. Barron and Ravi Ramamoorthi and Ren Ng},
 year={2020},
 booktitle={ECCV},
}

@inproceedings{wiles2020synsin,
  title={Synsin: End-to-end view synthesis from a single image},
  author={Wiles, Olivia and Gkioxari, Georgia and Szeliski, Richard and Johnson, Justin},
  booktitle={Proceedings of the IEEE/CVF conference on computer vision and pattern recognition},
  pages={7467--7477},
  year={2020}
}

@article{wu2024recent,
  title={Recent advances in 3d gaussian splatting},
  author={Wu, Tong and Yuan, Yu-Jie and Zhang, Ling-Xiao and Yang, Jie and Cao, Yan-Pei and Yan, Ling-Qi and Gao, Lin},
  journal={arXiv preprint arXiv:2403.11134},
  year={2024}
}

@article{yu2023mip,
  title={Mip-splatting: Alias-free 3d gaussian splatting},
  author={Yu, Zehao and Chen, Anpei and Huang, Binbin and Sattler, Torsten and Geiger, Andreas},
  journal={arXiv preprint arXiv:2311.16493},
  year={2023}
}

@inproceedings{zhang2022differentiable,
  title={Differentiable point-based radiance fields for efficient view synthesis},
  author={Zhang, Qiang and Baek, Seung-Hwan and Rusinkiewicz, Szymon and Heide, Felix},
  booktitle={SIGGRAPH Asia 2022 Conference Papers},
  pages={1--12},
  year={2022}
}

@article{zhou2024unified,
  title={Unified Gaussian Primitives for Scene Representation and Rendering},
  author={Zhou, Yang and Wu, Songyin and Yan, Ling-Qi},
  journal={arXiv preprint arXiv:2406.09733},
  year={2024}
}

@misc{zhou2024unifiedgaussianprimitivesscene,
      title={Unified Gaussian Primitives for Scene Representation and Rendering}, 
      author={Yang Zhou and Songyin Wu and Ling-Qi Yan},
      year={2024},
      eprint={2406.09733},
      archivePrefix={arXiv},
      primaryClass={cs.GR},
      url={https://arxiv.org/abs/2406.09733}, 
}

