@article{yi2024survey,
  title={A Survey on Recent Advances in LLM-Based Multi-turn Dialogue Systems},
  author={Yi, Zihao and Ouyang, Jiarui and Liu, Yuwen and Liao, Tianhao and Xu, Zhe and Shen, Ying},
  journal={arXiv preprint arXiv:2402.18013},
  year={2024}
}


@inproceedings{das2017visual,
  title={Visual dialog},
  author={Das, Abhishek and Kottur, Satwik and Gupta, Khushi and Singh, Avi and Yadav, Deshraj and Moura, Jos{\'e} MF and Parikh, Devi and Batra, Dhruv},
  booktitle={Proceedings of the IEEE conference on computer vision and pattern recognition},
  pages={326--335},
  year={2017}
}

@article{zheng2023lmsys,
  title={Lmsys-chat-1m: A large-scale real-world llm conversation dataset},
  author={Zheng, Lianmin and Chiang, Wei-Lin and Sheng, Ying and Li, Tianle and Zhuang, Siyuan and Wu, Zhanghao and Zhuang, Yonghao and Li, Zhuohan and Lin, Zi and Xing, Eric P and others},
  journal={arXiv preprint arXiv:2309.11998},
  year={2023}
}

@article{wu2024longmemeval,
  title={Longmemeval: Benchmarking chat assistants on long-term interactive memory},
  author={Wu, Di and Wang, Hongwei and Yu, Wenhao and Zhang, Yuwei and Chang, Kai-Wei and Yu, Dong},
  journal={arXiv preprint arXiv:2410.10813},
  year={2024}
}

@article{wang2024mementos,
  title={Mementos: A comprehensive benchmark for multimodal large language model reasoning over image sequences},
  author={Wang, Xiyao and Zhou, Yuhang and Liu, Xiaoyu and Lu, Hongjin and Xu, Yuancheng and He, Feihong and Yoon, Jaehong and Lu, Taixi and Bertasius, Gedas and Bansal, Mohit and others},
  journal={arXiv preprint arXiv:2401.10529},
  year={2024}
}

@inproceedings{li2023evaluating,
  title={Evaluating Object Hallucination in Large Vision-Language Models},
  author={Li, Yifan and Du, Yifan and Zhou, Kun and Wang, Jinpeng and Zhao, Xin and Wen, Ji-Rong},
  booktitle={The 2023 Conference on Empirical Methods in Natural Language Processing}
}

@inproceedings{li2024seed,
  title={SEED-Bench: Benchmarking Multimodal Large Language Models},
  author={Li, Bohao and Ge, Yuying and Ge, Yixiao and Wang, Guangzhi and Wang, Rui and Zhang, Ruimao and Shan, Ying},
  booktitle={Proceedings of the IEEE/CVF Conference on Computer Vision and Pattern Recognition},
  pages={13299--13308},
  year={2024}
}

@inproceedings{ou2024dialogbench,
  title={DialogBench: Evaluating LLMs as Human-like Dialogue Systems},
  author={Ou, Jiao and Lu, Junda and Liu, Che and Tang, Yihong and Zhang, Fuzheng and Zhang, Di and Gai, Kun},
  booktitle={Proceedings of the 2024 Conference of the North American Chapter of the Association for Computational Linguistics: Human Language Technologies (Volume 1: Long Papers)},
  pages={6137--6170},
  year={2024}
}


@article{liu2024convbench,
  title={Convbench: A multi-turn conversation evaluation benchmark with hierarchical capability for large vision-language models},
  author={Liu, Shuo and Ying, Kaining and Zhang, Hao and Yang, Yue and Lin, Yuqi and Zhang, Tianle and Li, Chuanhao and Qiao, Yu and Luo, Ping and Shao, Wenqi and others},
  journal={arXiv preprint arXiv:2403.20194},
  year={2024}
}

@article{hurst2024gpt,
  title={Gpt-4o system card},
  author={Hurst, Aaron and Lerer, Adam and Goucher, Adam P and Perelman, Adam and Ramesh, Aditya and Clark, Aidan and Ostrow, AJ and Welihinda, Akila and Hayes, Alan and Radford, Alec and others},
  journal={arXiv preprint arXiv:2410.21276},
  year={2024}
}

@article{team2023gemini,
  title={Gemini: a family of highly capable multimodal models},
  author={Team, Gemini and Anil, Rohan and Borgeaud, Sebastian and Alayrac, Jean-Baptiste and Yu, Jiahui and Soricut, Radu and Schalkwyk, Johan and Dai, Andrew M and Hauth, Anja and Millican, Katie and others},
  journal={arXiv preprint arXiv:2312.11805},
  year={2023}
}

@article{liu2024visual,
  title={Visual instruction tuning},
  author={Liu, Haotian and Li, Chunyuan and Wu, Qingyang and Lee, Yong Jae},
  journal={Advances in neural information processing systems},
  volume={36},
  year={2024}
}

@article{bai2023qwen,
  title={Qwen-vl: A frontier large vision-language model with versatile abilities},
  author={Bai, Jinze and Bai, Shuai and Yang, Shusheng and Wang, Shijie and Tan, Sinan and Wang, Peng and Lin, Junyang and Zhou, Chang and Zhou, Jingren},
  journal={arXiv preprint arXiv:2308.12966},
  year={2023}
}

@inproceedings{ye2024mplug,
  title={mplug-owl2: Revolutionizing multi-modal large language model with modality collaboration},
  author={Ye, Qinghao and Xu, Haiyang and Ye, Jiabo and Yan, Ming and Hu, Anwen and Liu, Haowei and Qian, Qi and Zhang, Ji and Huang, Fei},
  booktitle={Proceedings of the IEEE/CVF Conference on Computer Vision and Pattern Recognition},
  pages={13040--13051},
  year={2024}
}

@book{liddicoat2021introduction,
  title={An introduction to conversation analysis},
  author={Liddicoat, Anthony J},
  year={2021},
  publisher={Bloomsbury Publishing}
}

@article{bai2024mt,
  title={Mt-bench-101: A fine-grained benchmark for evaluating large language models in multi-turn dialogues},
  author={Bai, Ge and Liu, Jie and Bu, Xingyuan and He, Yancheng and Liu, Jiaheng and Zhou, Zhanhui and Lin, Zhuoran and Su, Wenbo and Ge, Tiezheng and Zheng, Bo and others},
  journal={arXiv preprint arXiv:2402.14762},
  year={2024}
}

@article{liu2024seeing,
  title={Seeing Clearly, Answering Incorrectly: A Multimodal Robustness Benchmark for Evaluating MLLMs on Leading Questions},
  author={Liu, Yexin and Liang, Zhengyang and Wang, Yueze and He, Muyang and Li, Jian and Zhao, Bo},
  journal={arXiv preprint arXiv:2406.10638},
  year={2024}
}

@article{ou2023dialogbench,
  title={Dialogbench: Evaluating llms as human-like dialogue systems},
  author={Ou, Jiao and Lu, Junda and Liu, Che and Tang, Yihong and Zhang, Fuzheng and Zhang, Di and Gai, Kun},
  journal={arXiv preprint arXiv:2311.01677},
  year={2023}
}

@article{xu2023earth,
  title={The Earth is Flat because...: Investigating LLMs' Belief towards Misinformation via Persuasive Conversation},
  author={Xu, Rongwu and Lin, Brian S and Yang, Shujian and Zhang, Tianqi and Shi, Weiyan and Zhang, Tianwei and Fang, Zhixuan and Xu, Wei and Qiu, Han},
  journal={arXiv preprint arXiv:2312.09085},
  year={2023}
}

@article{zheng2023judging,
  title={Judging llm-as-a-judge with mt-bench and chatbot arena},
  author={Zheng, Lianmin and Chiang, Wei-Lin and Sheng, Ying and Zhuang, Siyuan and Wu, Zhanghao and Zhuang, Yonghao and Lin, Zi and Li, Zhuohan and Li, Dacheng and Xing, Eric and others},
  journal={Advances in Neural Information Processing Systems},
  volume={36},
  pages={46595--46623},
  year={2023}
}

@inproceedings{sun2024parrot,
  title={Parrot: Enhancing multi-turn instruction following for large language models},
  author={Sun, Yuchong and Liu, Che and Zhou, Kun and Huang, Jinwen and Song, Ruihua and Zhao, Wayne Xin and Zhang, Fuzheng and Zhang, Di and Gai, Kun},
  booktitle={Proceedings of the 62nd Annual Meeting of the Association for Computational Linguistics (Volume 1: Long Papers)},
  pages={9729--9750},
  year={2024}
}

@article{park2024mitigating,
  title={Mitigating dialogue hallucination for large multi-modal models via adversarial instruction tuning},
  author={Park, Dongmin and Qian, Zhaofang and Han, Guangxing and Lim, Ser-Nam},
  journal={arXiv preprint arXiv:2403.10492},
  year={2024}
}

@inproceedings{kilmllm,
  title={MLLM-CompBench: A Comparative Reasoning Benchmark for Multimodal LLMs},
  author={Kil, Jihyung and Mai, Zheda and Lee, Justin and Chowdhury, Arpita and Wang, Zihe and Cheng, Kerrie and Wang, Lemeng and Liu, Ye and Chao, Wei-Lun},
  booktitle={The Thirty-eight Conference on Neural Information Processing Systems Datasets and Benchmarks Track}
}

@article{xu2024mc,
  title={Mc-bench: A benchmark for multi-context visual grounding in the era of mllms},
  author={Xu, Yunqiu and Zhu, Linchao and Yang, Yi},
  journal={arXiv preprint arXiv:2410.12332},
  year={2024}
}

@inproceedings{wu2025dettoolchain,
  title={Dettoolchain: A new prompting paradigm to unleash detection ability of mllm},
  author={Wu, Yixuan and Wang, Yizhou and Tang, Shixiang and Wu, Wenhao and He, Tong and Ouyang, Wanli and Torr, Philip and Wu, Jian},
  booktitle={European Conference on Computer Vision},
  pages={164--182},
  year={2025},
  organization={Springer}
}

@inproceedings{xu2024mlevlm,
  title={Mlevlm: Improve multi-level progressive capabilities based on multimodal large language model for medical visual question answering},
  author={Xu, Dexuan and Chen, Yanyuan and Wang, Jieyi and Huang, Yue and Wang, Hanpin and Jin, Zhi and Wang, Hongxing and Yue, Weihua and He, Jing and Li, Hang and others},
  booktitle={Findings of the Association for Computational Linguistics ACL 2024},
  pages={4977--4997},
  year={2024}
}

@article{taboada2010subjects,
  title={Subjects and topics in conversation},
  author={Taboada, Maite and Wiesemann, Loreley},
  journal={Journal of Pragmatics},
  volume={42},
  number={7},
  pages={1816--1828},
  year={2010},
  publisher={Elsevier}
}

@article{sehulster2006things,
  title={Things we talk about, how frequently, and to whom: Frequency of topics in everyday conversation as a function of gender, age, and marital status},
  author={Sehulster, Jerome R},
  journal={The American journal of psychology},
  volume={119},
  number={3},
  pages={407--432},
  year={2006},
  publisher={University of Illinois Press}
}

@inproceedings{piao2021scholarly,
  title={Scholarly text classification with sentence BERT and entity embeddings},
  author={Piao, Guangyuan},
  booktitle={Trends and Applications in Knowledge Discovery and Data Mining: PAKDD 2021 Workshops, WSPA, MLMEIN, SDPRA, DARAI, and AI4EPT, Delhi, India, May 11, 2021 Proceedings 25},
  pages={79--87},
  year={2021},
  organization={Springer}
}

@article{li2024llava,
  title={Llava-next-interleave: Tackling multi-image, video, and 3d in large multimodal models},
  author={Li, Feng and Zhang, Renrui and Zhang, Hao and Zhang, Yuanhan and Li, Bo and Li, Wei and Ma, Zejun and Li, Chunyuan},
  journal={arXiv preprint arXiv:2407.07895},
  year={2024}
}

@article{yao2024minicpm,
  title={MiniCPM-V: A GPT-4V Level MLLM on Your Phone},
  author={Yao, Yuan and Yu, Tianyu and Zhang, Ao and Wang, Chongyi and Cui, Junbo and Zhu, Hongji and Cai, Tianchi and Li, Haoyu and Zhao, Weilin and He, Zhihui and others},
  journal={CoRR},
  year={2024}
}



@article{ma2024goal,
  title={Goal Inference from Open-Ended Dialog},
  author={Ma, Rachel and Qu, Jingyi and Bobu, Andreea and Hadfield-Menell, Dylan},
  journal={arXiv preprint arXiv:2410.13957},
  year={2024}
}

@article{liu2024mmdu,
  title={MMDU: A Multi-Turn Multi-Image Dialog Understanding Benchmark and Instruction-Tuning Dataset for LVLMs},
  author={Liu, Ziyu and Chu, Tao and Zang, Yuhang and Wei, Xilin and Dong, Xiaoyi and Zhang, Pan and Liang, Zijian and Xiong, Yuanjun and Qiao, Yu and Lin, Dahua and others},
  journal={arXiv preprint arXiv:2406.11833},
  year={2024}
}

@misc{liu2023improvedllava,
      title={Improved Baselines with Visual Instruction Tuning}, 
      author={Liu, Haotian and Li, Chunyuan and Li, Yuheng and Lee, Yong Jae},
      publisher={arXiv:2310.03744},
      year={2023},
}

@article{qin2025survey,
  title={A survey of multilingual large language models},
  author={Qin, Libo and Chen, Qiguang and Zhou, Yuhang and Chen, Zhi and Li, Yinghui and Liao, Lizi and Li, Min and Che, Wanxiang and Philip, S Yu},
  journal={Patterns},
  volume={6},
  number={1},
  year={2025},
  publisher={Elsevier}
}

@inproceedings{cui2024survey,
  title={A survey on multimodal large language models for autonomous driving},
  author={Cui, Can and Ma, Yunsheng and Cao, Xu and Ye, Wenqian and Zhou, Yang and Liang, Kaizhao and Chen, Jintai and Lu, Juanwu and Yang, Zichong and Liao, Kuei-Da and others},
  booktitle={Proceedings of the IEEE/CVF Winter Conference on Applications of Computer Vision},
  pages={958--979},
  year={2024}
}

@inproceedings{fei2024multimodal,
  title={From Multimodal LLM to Human-level AI: Modality, Instruction, Reasoning and Beyond},
  author={Fei, Hao and Li, Xiangtai and Liu, Haotian and Liu, Fuxiao and Zhang, Zhuosheng and Zhang, Hanwang and Yan, Shuicheng},
  booktitle={Proceedings of the 32nd ACM International Conference on Multimedia},
  pages={11289--11291},
  year={2024}
}

@inproceedings{clark2019makes,
  title={What makes a good conversation? Challenges in designing truly conversational agents},
  author={Clark, Leigh and Pantidi, Nadia and Cooney, Orla and Doyle, Philip and Garaialde, Diego and Edwards, Justin and Spillane, Brendan and Gilmartin, Emer and Murad, Christine and Munteanu, Cosmin and others},
  booktitle={Proceedings of the 2019 CHI conference on human factors in computing systems},
  pages={1--12},
  year={2019}
}

@article{islam2024gpt,
  title={Gpt-4o: The cutting-edge advancement in multimodal llm},
  author={Islam, Raisa and Moushi, Owana Marzia},
  journal={Authorea Preprints},
  year={2024},
  publisher={Authorea}
}

@inproceedings{li2024groundinggpt,
  title={Groundinggpt: Language enhanced multi-modal grounding model},
  author={Li, Zhaowei and Xu, Qi and Zhang, Dong and Song, Hang and Cai, Yiqing and Qi, Qi and Zhou, Ran and Pan, Junting and Li, Zefeng and Tu, Vu and others},
  booktitle={Proceedings of the 62nd Annual Meeting of the Association for Computational Linguistics (Volume 1: Long Papers)},
  pages={6657--6678},
  year={2024}
}

@article{zang2024contextual,
  title={Contextual object detection with multimodal large language models},
  author={Zang, Yuhang and Li, Wei and Han, Jun and Zhou, Kaiyang and Loy, Chen Change},
  journal={International Journal of Computer Vision},
  pages={1--19},
  year={2024},
  publisher={Springer}
}

@article{kuang2024natural,
  title={Natural Language Understanding and Inference with MLLM in Visual Question Answering: A Survey},
  author={Kuang, Jiayi and Shen, Ying and Xie, Jingyou and Luo, Haohao and Xu, Zhe and Li, Ronghao and Li, Yinghui and Cheng, Xianfeng and Lin, Xika and Han, Yu},
  journal={ACM Computing Surveys},
  year={2024},
  publisher={ACM New York, NY}
}

@inproceedings{li2023fine,
  title={Fine-tuning multimodal llms to follow zero-shot demonstrative instructions},
  author={Li, Juncheng and Pan, Kaihang and Ge, Zhiqi and Gao, Minghe and Ji, Wei and Zhang, Wenqiao and Chua, Tat-Seng and Tang, Siliang and Zhang, Hanwang and Zhuang, Yueting},
  booktitle={The Twelfth International Conference on Learning Representations},
  year={2023}
}

@inproceedings{zhang2024improving,
  title={Improving Accuracy and Generalizability via Multi-Modal Large Language Models Collaboration},
  author={Zhang, Shuili and Mu, Hongzhang and Liu, Tingwen},
  booktitle={2024 International Joint Conference on Neural Networks (IJCNN)},
  pages={1--8},
  year={2024},
  organization={IEEE}
}

@article{demllms,
  title={MLLMS KNOW WHERE TO LOOK: TRAINING-FREE PERCEPTION OF SMALL VISUAL DE-TAILS WITH MULTIMODAL LLMS},
  author={DE, SMALL VISUAL}
}

@inproceedings{wei2024demonstrative,
  title={Demonstrative Instruction Following in Multimodal LLMs via Integrating Low-Rank Adaptation with Ensemble Learning},
  author={Wei, Jingyu and Su, Yi and Xu, Kele and Zeng, Lingbin and Liu, Bo and Wang, Huaimin},
  booktitle={Proceedings of the 32nd ACM International Conference on Multimedia},
  pages={11435--11441},
  year={2024}
}

@article{han2024instraug,
  title={INSTRAUG: Automatic Instruction Augmentation for Multimodal Instruction Fine-tuning},
  author={Han, Wei and Chen, Hui and Poria, Soujanya},
  journal={arXiv preprint arXiv:2402.14492},
  year={2024}
}

@article{algherairy2024review,
  title={A review of dialogue systems: current trends and future directions},
  author={Algherairy, Atheer and Ahmed, Moataz},
  journal={Neural Computing and Applications},
  volume={36},
  number={12},
  pages={6325--6351},
  year={2024},
  publisher={Springer}
}

@inproceedings{zhao2019review,
  title={A review of the research on dialogue management of task-oriented systems},
  author={Zhao, Yin Jiang and Li, Yan Ling and Lin, Min},
  booktitle={Journal of physics: conference series},
  volume={1267},
  number={1},
  pages={012025},
  year={2019},
  organization={IOP Publishing}
}

@article{zhang2020recent,
  title={Recent advances and challenges in task-oriented dialog systems},
  author={Zhang, Zheng and Takanobu, Ryuichi and Zhu, Qi and Huang, MinLie and Zhu, XiaoYan},
  journal={Science China Technological Sciences},
  volume={63},
  number={10},
  pages={2011--2027},
  year={2020},
  publisher={Springer}
}

@inproceedings{kim2018dialog,
  title={Dialog-context aware end-to-end speech recognition},
  author={Kim, Suyoun and Metze, Florian},
  booktitle={2018 IEEE Spoken Language Technology Workshop (SLT)},
  pages={434--440},
  year={2018},
  organization={IEEE}
}

@phdthesis{decker2022topic,
  title={Topic Shifts: Preserving Comprehension in Conversation},
  author={Decker, Amandine},
  year={2022},
  school={Universit{\'e} de lorraine; IDMC}
}

@article{chaves2022chatbots,
  title={Chatbots language design: The influence of language variation on user experience with tourist assistant chatbots},
  author={Chaves, Ana Paula and Egbert, Jesse and Hocking, Toby and Doerry, Eck and Gerosa, Marco Aurelio},
  journal={ACM Transactions on Computer-Human Interaction},
  volume={29},
  number={2},
  pages={1--38},
  year={2022},
  publisher={ACM New York, NY}
}



@article{wang2024qwen2,
  title={Qwen2-vl: Enhancing vision-language model's perception of the world at any resolution},
  author={Wang, Peng and Bai, Shuai and Tan, Sinan and Wang, Shijie and Fan, Zhihao and Bai, Jinze and Chen, Keqin and Liu, Xuejing and Wang, Jialin and Ge, Wenbin and others},
  journal={arXiv preprint arXiv:2409.12191},
  year={2024}
}


@inproceedings{lin2024vila,
  title={Vila: On pre-training for visual language models},
  author={Lin, Ji and Yin, Hongxu and Ping, Wei and Molchanov, Pavlo and Shoeybi, Mohammad and Han, Song},
  booktitle={Proceedings of the IEEE/CVF Conference on Computer Vision and Pattern Recognition},
  pages={26689--26699},
  year={2024}
}
@article{tan2025can,
  title={Can Large Language Models Understand Preferences in Personalized Recommendation?},
  author={Tan, Zhaoxuan and Zeng, Zinan and Zeng, Qingkai and Wu, Zhenyu and Liu, Zheyuan and Mo, Fengran and Jiang, Meng},
  journal={arXiv preprint arXiv:2501.13391},
  year={2025}
}

@article{bae2024enhancing,
  title={Enhancing software code vulnerability detection using gpt-4o and claude-3.5 sonnet: A study on prompt engineering techniques},
  author={Bae, Jaehyeon and Kwon, Seoryeong and Myeong, Seunghwan},
  journal={Electronics},
  volume={13},
  number={13},
  pages={2657},
  year={2024},
  publisher={MDPI}
}

@article{team2024gemini,
  title={Gemini 1.5: Unlocking multimodal understanding across millions of tokens of context},
  author={Team, Gemini and Georgiev, Petko and Lei, Ving Ian and Burnell, Ryan and Bai, Libin and Gulati, Anmol and Tanzer, Garrett and Vincent, Damien and Pan, Zhufeng and Wang, Shibo and others},
  journal={arXiv preprint arXiv:2403.05530},
  year={2024}
}

@article{liu2024deepseek,
  title={Deepseek-v3 technical report},
  author={Liu, Aixin and Feng, Bei and Xue, Bing and Wang, Bingxuan and Wu, Bochao and Lu, Chengda and Zhao, Chenggang and Deng, Chengqi and Zhang, Chenyu and Ruan, Chong and others},
  journal={arXiv preprint arXiv:2412.19437},
  year={2024}
}

@inproceedings{zhang2022clip,
  title={CLIP Pre-trained Models for Cross-modal Retrieval in NewsImages 2022.},
  author={Zhang, Yang and Shao, Yi and Wan, Wenbo and Li, Jing and Sun, Jiande},
  booktitle={MediaEval},
  year={2022}
}

@inproceedings{zhong2024memorybank,
  title={Memorybank: Enhancing large language models with long-term memory},
  author={Zhong, Wanjun and Guo, Lianghong and Gao, Qiqi and Ye, He and Wang, Yanlin},
  booktitle={Proceedings of the AAAI Conference on Artificial Intelligence},
  volume={38},
  number={17},
  pages={19724--19731},
  year={2024}
}

@inproceedings{zhai2023sigmoid,
  title={Sigmoid loss for language image pre-training},
  author={Zhai, Xiaohua and Mustafa, Basil and Kolesnikov, Alexander and Beyer, Lucas},
  booktitle={Proceedings of the IEEE/CVF International Conference on Computer Vision},
  pages={11975--11986},
  year={2023}
}

@article{dubey2024llama,
  title={The llama 3 herd of models},
  author={Dubey, Abhimanyu and Jauhri, Abhinav and Pandey, Abhinav and Kadian, Abhishek and Al-Dahle, Ahmad and Letman, Aiesha and Mathur, Akhil and Schelten, Alan and Yang, Amy and Fan, Angela and others},
  journal={arXiv preprint arXiv:2407.21783},
  year={2024}
}


@article{alexey2020image,
  title={An image is worth 16x16 words: Transformers for image recognition at scale},
  author={Alexey, Dosovitskiy},
  journal={arXiv preprint arXiv: 2010.11929},
  year={2020}
}

@article{qwen2,
  title={Qwen2 Technical Report},
  year={2024}
}

@article{grattafiori2024llama,
  title={The llama 3 herd of models},
  author={Grattafiori, Aaron and Dubey, Abhimanyu and Jauhri, Abhinav and Pandey, Abhinav and Kadian, Abhishek and Al-Dahle, Ahmad and Letman, Aiesha and Mathur, Akhil and Schelten, Alan and Vaughan, Alex and others},
  journal={arXiv e-prints},
  pages={arXiv--2407},
  year={2024}
}

@article{pfenninger2017importance,
  title={The importance of open data and software: Is energy research lagging behind?},
  author={Pfenninger, Stefan and DeCarolis, Joseph and Hirth, Lion and Quoilin, Sylvain and Staffell, Iain},
  journal={Energy Policy},
  volume={101},
  pages={211--215},
  year={2017},
  publisher={Elsevier}
}

@article{super1982relative,
  title={The relative importance of work: Models and measures for meaningful data},
  author={Super, Donald E},
  journal={The Counseling Psychologist},
  volume={10},
  number={4},
  pages={95--103},
  year={1982},
  publisher={Sage Publications Sage CA: Thousand Oaks, CA}
}

@article{pasquetto2024research,
  title={What is research data “misuse”? And how can it be prevented or mitigated?},
  author={Pasquetto, Irene V and Cullen, Zo{\"e} and Thomer, Andrea and Wofford, Morgan},
  journal={Journal of the Association for Information Science and Technology},
  volume={75},
  number={12},
  pages={1413--1429},
  year={2024},
  publisher={Wiley Online Library}
}

@article{shimron2022implicit,
  title={Implicit data crimes: Machine learning bias arising from misuse of public data},
  author={Shimron, Efrat and Tamir, Jonathan I and Wang, Ke and Lustig, Michael},
  journal={Proceedings of the National Academy of Sciences},
  volume={119},
  number={13},
  pages={e2117203119},
  year={2022},
  publisher={National Acad Sciences}
}

@article{pina2024data,
  title={Data privacy and ethical considerations in database management},
  author={Pina, Eduardo and Ramos, Jos{\'e} and Jorge, Henrique and V{\'a}z, Paulo and Silva, Jos{\'e} and Wanzeller, Cristina and Abbasi, Maryam and Martins, Pedro},
  journal={Journal of Cybersecurity and Privacy},
  volume={4},
  number={3},
  pages={494--517},
  year={2024},
  publisher={MDPI}
}

@article{lacroix2019big,
  title={Big data privacy and ethical challenges},
  author={Lacroix, Paulette},
  journal={Big Data, Big Challenges: A Healthcare Perspective: Background, Issues, Solutions and Research Directions},
  pages={101--111},
  year={2019},
  publisher={Springer}
}

@article{andrews2023ethical,
  title={Ethical considerations for responsible data curation},
  author={Andrews, Jerone and Zhao, Dora and Thong, William and Modas, Apostolos and Papakyriakopoulos, Orestis and Xiang, Alice},
  journal={Advances in Neural Information Processing Systems},
  volume={36},
  pages={55320--55360},
  year={2023}
}

@article{mckeown2021ethical,
  title={Ethical issues in consent for the reuse of data in health data platforms},
  author={McKeown, Alex and Mourby, Miranda and Harrison, Paul and Walker, Sophie and Sheehan, Mark and Singh, Ilina},
  journal={Science and Engineering Ethics},
  volume={27},
  pages={1--21},
  year={2021},
  publisher={Springer}
}

@article{paullada2021data,
  title={Data and its (dis) contents: A survey of dataset development and use in machine learning research},
  author={Paullada, Amandalynne and Raji, Inioluwa Deborah and Bender, Emily M and Denton, Emily and Hanna, Alex},
  journal={Patterns},
  volume={2},
  number={11},
  year={2021},
  publisher={Elsevier}
}

@article{panduman2024survey,
  title={A Survey of AI Techniques in IoT Applications with Use Case Investigations in the Smart Environmental Monitoring and Analytics in Real-Time IoT Platform},
  author={Panduman, Yohanes Yohanie Fridelin and Funabiki, Nobuo and Fajrianti, Evianita Dewi and Fang, Shihao and Sukaridhoto, Sritrusta},
  journal={Information},
  volume={15},
  number={3},
  pages={153},
  year={2024},
  publisher={MDPI}
}

@article{wang2024occupant,
  title={Occupant behavior, thermal environment, and appliance electricity use of a single-family apartment in china},
  author={Wang, Chuang and Li, Xiaoyan and Sun, Wei and An, Jingjing and Gao, Shufang},
  journal={Scientific Data},
  volume={11},
  number={1},
  pages={65},
  year={2024},
  publisher={Nature Publishing Group UK London}
}

@article{pamucar2024selection,
  title={Selection of the best Big Data platform using COBRAC-ARTASI methodology with adaptive standardized intervals},
  author={Pamucar, Dragan and Simic, Vladimir and G{\"o}r{\c{c}}{\"u}n, {\"O}mer Faruk and K{\"u}{\c{c}}{\"u}k{\"o}nder, Hande},
  journal={Expert Systems with Applications},
  volume={239},
  pages={122312},
  year={2024},
  publisher={Elsevier}
}

@article{langer2024claid,
  title={CLAID: Closing the Loop on AI \& Data Collection—A cross-platform transparent computing middleware framework for smart edge-cloud and digital biomarker applications},
  author={Langer, Patrick and Altm{\"u}ller, Stephan and Fleisch, Elgar and Barata, Filipe},
  journal={Future Generation Computer Systems},
  volume={159},
  pages={505--521},
  year={2024},
  publisher={Elsevier}
}

@article{kapusta2024protecting,
  title={Protecting ownership rights of ML models using watermarking in the light of adversarial attacks},
  author={Kapusta, Katarzyna and Mattioli, Lucas and Addad, Boussad and Lansari, Mohammed},
  journal={AI and Ethics},
  volume={4},
  number={1},
  pages={95--103},
  year={2024},
  publisher={Springer}
}

@inproceedings{longpre2024consent,
  title={Consent in crisis: The rapid decline of the ai data commons},
  author={Longpre, Shayne and Mahari, Robert and Lee, Ariel and Lund, Campbell and Oderinwale, Hamidah and Brannon, William and Saxena, Nayan and Obeng-Marnu, Naana and South, Tobin and Hunter, Cole and others},
  booktitle={NEURIPS},
  year={2024}
}

@article{padmapriya2024ethical,
  title={Ethical data collection for medical image analysis: A structured approach},
  author={Padmapriya, ST and Parthasarathy, Sudhaman},
  journal={Asian Bioethics Review},
  volume={16},
  number={1},
  pages={95--108},
  year={2024},
  publisher={Springer}
}

@article{li2024generation,
  title={From generation to judgment: Opportunities and challenges of llm-as-a-judge},
  author={Li, Dawei and Jiang, Bohan and Huang, Liangjie and Beigi, Alimohammad and Zhao, Chengshuai and Tan, Zhen and Bhattacharjee, Amrita and Jiang, Yuxuan and Chen, Canyu and Wu, Tianhao and others},
  journal={arXiv preprint arXiv:2411.16594},
  year={2024}
}

@article{gu2024survey,
  title={A Survey on LLM-as-a-Judge},
  author={Gu, Jiawei and Jiang, Xuhui and Shi, Zhichao and Tan, Hexiang and Zhai, Xuehao and Xu, Chengjin and Li, Wei and Shen, Yinghan and Ma, Shengjie and Liu, Honghao and others},
  journal={arXiv preprint arXiv:2411.15594},
  year={2024}
}

@inproceedings{chenmllm,
  title={MLLM-as-a-Judge: Assessing Multimodal LLM-as-a-Judge with Vision-Language Benchmark},
  author={Chen, Dongping and Chen, Ruoxi and Zhang, Shilin and Wang, Yaochen and Liu, Yinuo and Zhou, Huichi and Zhang, Qihui and Wan, Yao and Zhou, Pan and Sun, Lichao},
  booktitle={Forty-first International Conference on Machine Learning}
}

@inproceedings{ye2024justice,
  title={Justice or Prejudice? Quantifying Biases in LLM-as-a-Judge},
  author={Ye, Jiayi and Wang, Yanbo and Huang, Yue and Chen, Dongping and Zhang, Qihui and Moniz, Nuno and Gao, Tian and Geyer, Werner and Huang, Chao and Chen, Pin-Yu and others},
  booktitle={Neurips Safe Generative AI Workshop 2024}
}

@incollection{barnden2014open,
  title={Open-ended elaborations in creative metaphor},
  author={Barnden, John},
  booktitle={Computational creativity research: Towards creative machines},
  pages={217--242},
  year={2014},
  publisher={Springer}
}

@article{fernyhough1996dialogic,
  title={The dialogic mind: A dialogic approach to the higher mental functions},
  author={Fernyhough, Charles},
  journal={New ideas in Psychology},
  volume={14},
  number={1},
  pages={47--62},
  year={1996},
  publisher={Elsevier}
}

@article{xiao2020tell,
  title={Tell me about yourself: Using an AI-powered chatbot to conduct conversational surveys with open-ended questions},
  author={Xiao, Ziang and Zhou, Michelle X and Liao, Q Vera and Mark, Gloria and Chi, Changyan and Chen, Wenxi and Yang, Huahai},
  journal={ACM Transactions on Computer-Human Interaction (TOCHI)},
  volume={27},
  number={3},
  pages={1--37},
  year={2020},
  publisher={ACM New York, NY, USA}
}

@inproceedings{yoshimura2024synlogue,
  title={Synlogue with Aizuchi-bot: Investigating the Co-Adaptive and Open-Ended Interaction Paradigm},
  author={Yoshimura, Kazumi and Chen, Dominique and Witkowski, Olaf},
  booktitle={Proceedings of the CHI Conference on Human Factors in Computing Systems},
  pages={1--21},
  year={2024}
}

@article{elfenbein2022we,
  title={What do we hear in the voice? An open-ended judgment study of emotional speech prosody},
  author={Elfenbein, Hillary Anger and Laukka, Petri and Althoff, Jean and Chui, Wanda and Iraki, Frederick K and Rockstuhl, Thomas and Thingujam, Nutankumar S},
  journal={Personality and Social Psychology Bulletin},
  volume={48},
  number={7},
  pages={1087--1104},
  year={2022},
  publisher={Sage Publications Sage CA: Los Angeles, CA}
}

@inproceedings{seo2024chacha,
  title={ChaCha: Leveraging Large Language Models to Prompt Children to Share Their Emotions about Personal Events},
  author={Seo, Woosuk and Yang, Chanmo and Kim, Young-Ho},
  booktitle={Proceedings of the CHI Conference on Human Factors in Computing Systems},
  pages={1--20},
  year={2024}
}

@article{aziza2021teacher,
  title={A teacher questioning activity: The use of oral open-ended questions in mathematics classroom},
  author={Aziza, Mela},
  journal={Qualitative Research in Education},
  volume={10},
  number={1},
  pages={31--61},
  year={2021}
}

@article{sun2022relationship,
  title={The relationship between collaborative problem solving behaviors and solution outcomes in a game-based learning environment},
  author={Sun, Chen and Shute, Valerie J and Stewart, Angela EB and Beck-White, Quinton and Reinhardt, Caroline R and Zhou, Guojing and Duran, Nicholas and D'Mello, Sidney K},
  journal={Computers in Human Behavior},
  volume={128},
  pages={107120},
  year={2022},
  publisher={Elsevier}
}

@article{liu2024mibench,
  title={Mibench: Evaluating multimodal large language models over multiple images},
  author={Liu, Haowei and Zhang, Xi and Xu, Haiyang and Shi, Yaya and Jiang, Chaoya and Yan, Ming and Zhang, Ji and Huang, Fei and Yuan, Chunfeng and Li, Bing and others},
  journal={arXiv preprint arXiv:2407.15272},
  year={2024}
}

@article{fu2024mme,
  title={Mme-survey: A comprehensive survey on evaluation of multimodal llms},
  author={Fu, Chaoyou and Zhang, Yi-Fan and Yin, Shukang and Li, Bo and Fang, Xinyu and Zhao, Sirui and Duan, Haodong and Sun, Xing and Liu, Ziwei and Wang, Liang and others},
  journal={arXiv preprint arXiv:2411.15296},
  year={2024}
}

@article{jawale2024human,
  title={Are Human Conversations Special? A Large Language Model Perspective},
  author={Jawale, Toshish and Animesh, Chaitanya and Vallath, Sekhar and Talamadupula, Kartik and Heck, Larry},
  journal={arXiv preprint arXiv:2403.05045},
  year={2024}
}


@inproceedings{tang2024hunting,
  title={Hunting Attributes: Context Prototype-Aware Learning for Weakly Supervised Semantic Segmentation},
  author={Tang, Feilong and Xu, Zhongxing and Qu, Zhaojun and Feng, Wei and Jiang, Xingjian and Ge, Zongyuan},
  booktitle={CVPR},
  year={2024}
}
@inproceedings{tang2023duat,
  title={DuAT: Dual-aggregation transformer network for medical image segmentation},
  author={Tang, Feilong and Xu, Zhongxing and Huang, Qiming and Wang, Jinfeng and Hou, Xianxu and Su, Jionglong and Liu, Jingxin},
  booktitle={PRCV},
  year={2023},
}
@inproceedings{tang2024neighbor,
  title={Neighbor Does Matter: Density-Aware Contrastive Learning for Medical Semi-supervised Segmentation},
  author={Tang, Feilong and Xu, Zhongxing and Hu, Ming and Li, Wenxue and Xia, Peng and Zhong, Yiheng and Wu, Hanjun and Su, Jionglong and Ge, Zongyuan},
  booktitle={AAAI},
  year={2025}
}
@inproceedings{zhao2024sfc,
  title={Sfc: Shared feature calibration in weakly supervised semantic segmentation},
  author={Zhao, Xinqiao and Tang, Feilong and Wang, Xiaoyang and Xiao, Jimin},
  booktitle={AAAI},
  year={2024}
}
@inproceedings{wang2022stepwise,
  title={Stepwise feature fusion: Local guides global},
  author={Wang, Jinfeng and Huang, Qiming and Tang, Feilong and Meng, Jia and Su, Jionglong and Song, Sifan},
  booktitle={MICCAI},
  year={2022},
}
@inproceedings{xu2024toward,
  title={Toward Modality Gap: Vision Prototype Learning for Weakly-supervised Semantic Segmentation with CLIP},
  author={Xu, Zhongxing and Tang, Feilong and Chen, Zhe and Su, Yingxue and Zhao, Zhiyi and Zhang, Ge and Su, Jionglong and Ge, Zongyuan},
  booktitle={AAAI},
  year={2025}
}
@inproceedings{xu2024polyp,
  title={Polyp-Mamba: Polyp Segmentation with Visual Mamba},
  author={Xu, Zhongxing and Tang, Feilong and Chen, Zhe and Zhou, Zheng and Wu, Weishan and Yang, Yuyao and Liang, Yu and Jiang, Jiyu and Cai, Xuyue and Su, Jionglong},
  booktitle={MICCAI},
  year={2024},
}
@inproceedings{hu2025ophnet,
  title={Ophnet: A large-scale video benchmark for ophthalmic surgical workflow understanding},
  author={Hu, Ming and Xia, Peng and Wang, Lin and Yan, Siyuan and Tang, Feilong and Xu, Zhongxing and Luo, Yimin and Song, Kaimin and Leitner, Jurgen and Cheng, Xuelian and others},
  booktitle={ECCV},
  year={2025},
}
@article{hu2024ophclip,
  title={OphCLIP: Hierarchical Retrieval-Augmented Learning for Ophthalmic Surgical Video-Language Pretraining},
  author={Hu, Ming and Yuan, Kun and Shen, Yaling and Tang, Feilong and Xu, Xiaohao and Zhou, Lin and Li, Wei and Chen, Ying and Xu, Zhongxing and Peng, Zelin and others},
  journal={arXiv preprint arXiv:2411.15421},
  year={2024}
}
@article{chen2024meta,
  title={Meta Curvature-Aware Minimization for Domain Generalization},
  author={Chen, Ziyang and Ye, Yiwen and Tang, Feilong and Pan, Yongsheng and Xia, Yong},
  journal={arXiv preprint arXiv:2412.11542},
  year={2024}
}
@article{xiong2024sam2,
  title={Sam2-unet: Segment anything 2 makes strong encoder for natural and medical image segmentation},
  author={Xiong, Xinyu and Wu, Zihuang and Tan, Shuangyi and Li, Wenxue and Tang, Feilong and Chen, Ying and Li, Siying and Ma, Jie and Li, Guanbin},
  journal={arXiv preprint arXiv:2408.08870},
  year={2024}
}
@article{hu2024diffusion,
  title={Diffusion Model Driven Test-Time Image Adaptation for Robust Skin Lesion Classification},
  author={Hu, Ming and Yan, Siyuan and Xia, Peng and Tang, Feilong and Li, Wenxue and Duan, Peibo and Zhang, Lin and Ge, Zongyuan},
  journal={arXiv preprint arXiv:2405.11289},
  year={2024}
}
@article{trinh2024sight,
  title={Sight for sore heads--using cnns to diagnose migraines},
  author={Trinh, Matt and Tang, Feilong and Ly, Angelica and Duong, Annita and Stapleton, Fiona and Ge, Zongyuan and Razzak, Imran},
  journal={Investigative Ophthalmology \& Visual Science},
  volume={65},
  number={9},
  pages={PB0010--PB0010},
  year={2024},
  publisher={The Association for Research in Vision and Ophthalmology}
}
@article{tang2024discriminating,
  title={Discriminating retinal microvascular and neuronal differences related to migraines: Deep Learning based Crossectional Study},
  author={Tang, Feilong and Trinh, Matt and Duong, Annita and Ly, Angelica and Stapleton, Fiona and Chen, Zhe and Ge, Zongyuan and Razzak, Imran},
  journal={arXiv preprint arXiv:2408.07293},
  year={2024}
}

@inproceedings{jin2024impact,
  title={The Impact of Reasoning Step Length on Large Language Models},
  author={Jin, Mingyu and Yu, Qinkai and Shu, Dong and Zhao, Haiyan and Hua, Wenyue and Meng, Yanda and Zhang, Yongfeng and Du, Mengnan},
  booktitle={ACL (Findings)},
  year={2024}
}

@article{jin2024exploring,
  title={Exploring Concept Depth: How Large Language Models Acquire Knowledge and Concept at Different Layers?},
  author={Jin, Mingyu and Yu, Qinkai and Huang, Jingyuan and Zeng, Qingcheng and Wang, Zhenting and Hua, Wenyue and Zhao, Haiyan and Mei, Kai and Meng, Yanda and Ding, Kaize and others},
  journal={arXiv preprint arXiv:2404.07066},
  year={2024}
}

@article{sun2024visual,
  title={Visual agents as fast and slow thinkers},
  author={Sun, Guangyan and Jin, Mingyu and Wang, Zhenting and Wang, Cheng-Long and Ma, Siqi and Wang, Qifan and Geng, Tong and Wu, Ying Nian and Zhang, Yongfeng and Liu, Dongfang},
  journal={arXiv preprint arXiv:2408.08862},
  year={2024}
}

@article{jin2025massive,
  title={Massive Values in Self-Attention Modules are the Key to Contextual Knowledge Understanding},
  author={Jin, Mingyu and Mei, Kai and Xu, Wujiang and Sun, Mingjie and Tang, Ruixiang and Du, Mengnan and Liu, Zirui and Zhang, Yongfeng},
  journal={arXiv preprint arXiv:2502.01563},
  year={2025}
}