@inproceedings{wu2023revisiting,
  title={Revisiting classifier: Transferring vision-language models for video recognition},
  author={Wu, Wenhao and Sun, Zhun and Ouyang, Wanli},
  booktitle={Proceedings of the AAAI conference on artificial intelligence},
  volume={37},
  number={3},
  pages={2847--2855},
  year={2023}
}
@inproceedings{ni2022expanding,
  title={Expanding language-image pretrained models for general video recognition},
  author={Ni, Bolin and Peng, Houwen and Chen, Minghao and Zhang, Songyang and Meng, Gaofeng and Fu, Jianlong and Xiang, Shiming and Ling, Haibin},
  booktitle={European Conference on Computer Vision},
  pages={1--18},
  year={2022},
  organization={Springer}
}
@article{fei2006one,
  title={One-shot learning of object categories},
  author={Fei-Fei, Li and Fergus, Robert and Perona, Pietro},
  journal={IEEE transactions on pattern analysis and machine intelligence},
  volume={28},
  number={4},
  pages={594--611},
  year={2006},
  publisher={IEEE}
}
@article{snell2017prototypical,
  title={Prototypical networks for few-shot learning},
  author={Snell, Jake and Swersky, Kevin and Zemel, Richard},
  journal={Advances in neural information processing systems},
  volume={30},
  year={2017}
}
@inproceedings{sung2018learning,
  title={Learning to compare: Relation network for few-shot learning},
  author={Sung, Flood and Yang, Yongxin and Zhang, Li and Xiang, Tao and Torr, Philip HS and Hospedales, Timothy M},
  booktitle={Proceedings of the IEEE conference on computer vision and pattern recognition},
  pages={1199--1208},
  year={2018}
}
@article{vinyals2016matching,
  title={Matching networks for one shot learning},
  author={Vinyals, Oriol and Blundell, Charles and Lillicrap, Timothy and Wierstra, Daan and others},
  journal={Advances in neural information processing systems},
  volume={29},
  year={2016}
}
@article{ye2021learning,
  title={Learning adaptive classifiers synthesis for generalized few-shot learning},
  author={Ye, Han-Jia and Hu, Hexiang and Zhan, De-Chuan},
  journal={International Journal of Computer Vision},
  volume={129},
  number={6},
  pages={1930--1953},
  year={2021},
  publisher={Springer}
}
@inproceedings{li2020adversarial,
  title={Adversarial feature hallucination networks for few-shot learning},
  author={Li, Kai and Zhang, Yulun and Li, Kunpeng and Fu, Yun},
  booktitle={Proceedings of the IEEE/CVF conference on computer vision and pattern recognition},
  pages={13470--13479},
  year={2020}
}
@article{rajeswaran2019meta,
  title={Meta-learning with implicit gradients},
  author={Rajeswaran, Aravind and Finn, Chelsea and Kakade, Sham M and Levine, Sergey},
  journal={Advances in neural information processing systems},
  volume={32},
  year={2019}
}
@article{rusu2018meta,
  title={Meta-learning with latent embedding optimization},
  author={Rusu, Andrei A and Rao, Dushyant and Sygnowski, Jakub and Vinyals, Oriol and Pascanu, Razvan and Osindero, Simon and Hadsell, Raia},
  journal={arXiv preprint arXiv:1807.05960},
  year={2018}
}
@inproceedings{finn2017model,
  title={Model-agnostic meta-learning for fast adaptation of deep networks},
  author={Finn, Chelsea and Abbeel, Pieter and Levine, Sergey},
  booktitle={International conference on machine learning},
  pages={1126--1135},
  year={2017},
  organization={PMLR}
}
@article{gao2024clip,
  title={Clip-adapter: Better vision-language models with feature adapters},
  author={Gao, Peng and Geng, Shijie and Zhang, Renrui and Ma, Teli and Fang, Rongyao and Zhang, Yongfeng and Li, Hongsheng and Qiao, Yu},
  journal={International Journal of Computer Vision},
  volume={132},
  number={2},
  pages={581--595},
  year={2024},
  publisher={Springer}
}
@article{zhou2022learning,
  title={Learning to prompt for vision-language models},
  author={Zhou, Kaiyang and Yang, Jingkang and Loy, Chen Change and Liu, Ziwei},
  journal={International Journal of Computer Vision},
  volume={130},
  number={9},
  pages={2337--2348},
  year={2022},
  publisher={Springer}
}
@article{wang2021actionclip,
  title={Actionclip: A new paradigm for video action recognition},
  author={Wang, Mengmeng and Xing, Jiazheng and Liu, Yong},
  journal={arXiv preprint arXiv:2109.08472},
  year={2021}
}
@inproceedings{lin2019tsm,
  title={Tsm: Temporal shift module for efficient video understanding},
  author={Lin, Ji and Gan, Chuang and Han, Song},
  booktitle={Proceedings of the IEEE/CVF international conference on computer vision},
  pages={7083--7093},
  year={2019}
}
@inproceedings{tran2015learning,
  title={Learning spatiotemporal features with 3d convolutional networks},
  author={Tran, Du and Bourdev, Lubomir and Fergus, Rob and Torresani, Lorenzo and Paluri, Manohar},
  booktitle={Proceedings of the IEEE international conference on computer vision},
  pages={4489--4497},
  year={2015}
}
@inproceedings{carreira2017quo,
  title={Quo vadis, action recognition? a new model and the kinetics dataset},
  author={Carreira, Joao and Zisserman, Andrew},
  booktitle={proceedings of the IEEE Conference on Computer Vision and Pattern Recognition},
  pages={6299--6308},
  year={2017}
}
@inproceedings{zareian2021open,
  title={Open-vocabulary object detection using captions},
  author={Zareian, Alireza and Rosa, Kevin Dela and Hu, Derek Hao and Chang, Shih-Fu},
  booktitle={Proceedings of the IEEE/CVF Conference on Computer Vision and Pattern Recognition},
  pages={14393--14402},
  year={2021}
}
@inproceedings{kirillov2023segment,
  title={Segment anything},
  author={Kirillov, Alexander and Mintun, Eric and Ravi, Nikhila and Mao, Hanzi and Rolland, Chloe and Gustafson, Laura and Xiao, Tete and Whitehead, Spencer and Berg, Alexander C and Lo, Wan-Yen and others},
  booktitle={Proceedings of the IEEE/CVF International Conference on Computer Vision},
  pages={4015--4026},
  year={2023}
}
@inproceedings{zhang2023simple,
  title={A simple framework for open-vocabulary segmentation and detection},
  author={Zhang, Hao and Li, Feng and Zou, Xueyan and Liu, Shilong and Li, Chunyuan and Yang, Jianwei and Zhang, Lei},
  booktitle={Proceedings of the IEEE/CVF International Conference on Computer Vision},
  pages={1020--1031},
  year={2023}
}
@inproceedings{minderer2022simple,
  title={Simple open-vocabulary object detection},
  author={Minderer, Matthias and Gritsenko, Alexey and Stone, Austin and Neumann, Maxim and Weissenborn, Dirk and Dosovitskiy, Alexey and Mahendran, Aravindh and Arnab, Anurag and Dehghani, Mostafa and Shen, Zhuoran and others},
  booktitle={European Conference on Computer Vision},
  pages={728--755},
  year={2022},
  organization={Springer}
}
@inproceedings{guo2020broader,
  title={A broader study of cross-domain few-shot learning},
  author={Guo, Yunhui and Codella, Noel C and Karlinsky, Leonid and Codella, James V and Smith, John R and Saenko, Kate and Rosing, Tajana and Feris, Rogerio},
  booktitle={Computer Vision--ECCV 2020: 16th European Conference, Glasgow, UK, August 23--28, 2020, Proceedings, Part XXVII 16},
  pages={124--141},
  year={2020},
  organization={Springer}
}
@article{kong2022human,
  title={Human action recognition and prediction: A survey},
  author={Kong, Yu and Fu, Yun},
  journal={International Journal of Computer Vision},
  volume={130},
  number={5},
  pages={1366--1401},
  year={2022},
  publisher={Springer}
}
@article{herath2017going,
  title={Going deeper into action recognition: A survey},
  author={Herath, Samitha and Harandi, Mehrtash and Porikli, Fatih},
  journal={Image and vision computing},
  volume={60},
  pages={4--21},
  year={2017},
  publisher={Elsevier}
}
@article{chen2023vlp,
  title={Vlp: A survey on vision-language pre-training},
  author={Chen, Fei-Long and Zhang, Du-Zhen and Han, Ming-Lun and Chen, Xiu-Yi and Shi, Jing and Xu, Shuang and Xu, Bo},
  journal={Machine Intelligence Research},
  volume={20},
  number={1},
  pages={38--56},
  year={2023},
  publisher={Springer}
}
@inproceedings{chua2009nus,
  title={Nus-wide: a real-world web image database from national university of singapore},
  author={Chua, Tat-Seng and Tang, Jinhui and Hong, Richang and Li, Haojie and Luo, Zhiping and Zheng, Yantao},
  booktitle={Proceedings of the ACM international conference on image and video retrieval},
  pages={1--9},
  year={2009}
}
@inproceedings{radford2021learning,
  title={Learning transferable visual models from natural language supervision},
  author={Radford, Alec and Kim, Jong Wook and Hallacy, Chris and Ramesh, Aditya and Goh, Gabriel and Agarwal, Sandhini and Sastry, Girish and Askell, Amanda and Mishkin, Pamela and Clark, Jack and others},
  booktitle={International conference on machine learning},
  pages={8748--8763},
  year={2021},
  organization={PMLR}
}
@inproceedings{zhou2022conditional,
  title={Conditional prompt learning for vision-language models},
  author={Zhou, Kaiyang and Yang, Jingkang and Loy, Chen Change and Liu, Ziwei},
  booktitle={Proceedings of the IEEE/CVF conference on computer vision and pattern recognition},
  pages={16816--16825},
  year={2022}
}

  title={Learning to prompt for vision-language models},
  author={Zhou, Kaiyang and Yang, Jingkang and Loy, Chen Change and Liu, Ziwei},
  journal={International Journal of Computer Vision},
  volume={130},
  number={9},
  pages={2337--2348},
  year={2022},
  publisher={Springer}
}
@inproceedings{jia2021scaling,
  title={Scaling up visual and vision-language representation learning with noisy text supervision},
  author={Jia, Chao and Yang, Yinfei and Xia, Ye and Chen, Yi-Ting and Parekh, Zarana and Pham, Hieu and Le, Quoc and Sung, Yun-Hsuan and Li, Zhen and Duerig, Tom},
  booktitle={International conference on machine learning},
  pages={4904--4916},
  year={2021},
  organization={PMLR}
}
@article{xu2021videoclip,
  title={Videoclip: Contrastive pre-training for zero-shot video-text understanding},
  author={Xu, Hu and Ghosh, Gargi and Huang, Po-Yao and Okhonko, Dmytro and Aghajanyan, Armen and Metze, Florian and Zettlemoyer, Luke and Feichtenhofer, Christoph},
  journal={arXiv preprint arXiv:2109.14084},
  year={2021}
}
@inproceedings{wei2023improving,
  title={Improving CLIP Fine-tuning Performance},
  author={Wei, Yixuan and Hu, Han and Xie, Zhenda and Liu, Ze and Zhang, Zheng and Cao, Yue and Bao, Jianmin and Chen, Dong and Guo, Baining},
  booktitle={Proceedings of the IEEE/CVF International Conference on Computer Vision},
  pages={5439--5449},
  year={2023}
}
@article{shen2021much,
  title={How much can clip benefit vision-and-language tasks?},
  author={Shen, Sheng and Li, Liunian Harold and Tan, Hao and Bansal, Mohit and Rohrbach, Anna and Chang, Kai-Wei and Yao, Zhewei and Keutzer, Kurt},
  journal={arXiv preprint arXiv:2107.06383},
  year={2021}
}
@article{tsoumakas2007multi,
  title={Multi-label classification: An overview},
  author={Tsoumakas, Grigorios and Katakis, Ioannis},
  journal={International Journal of Data Warehousing and Mining (IJDWM)},
  volume={3},
  number={3},
  pages={1--13},
  year={2007},
  publisher={IGI Global}
}
@article{gong2013deep,
  title={Deep convolutional ranking for multilabel image annotation},
  author={Gong, Yunchao and Jia, Yangqing and Leung, Thomas and Toshev, Alexander and Ioffe, Sergey},
  journal={arXiv preprint arXiv:1312.4894},
  year={2013}
}
@inproceedings{zhu2017learning,
  title={Learning spatial regularization with image-level supervisions for multi-label image classification},
  author={Zhu, Feng and Li, Hongsheng and Ouyang, Wanli and Yu, Nenghai and Wang, Xiaogang},
  booktitle={Proceedings of the IEEE conference on computer vision and pattern recognition},
  pages={5513--5522},
  year={2017}
}
@article{sandouk2016multi,
  title={Multi-label zero-shot learning via concept embedding},
  author={Sandouk, Ubai and Chen, Ke},
  journal={arXiv preprint arXiv:1606.00282},
  year={2016}
}
@inproceedings{chen2019multi,
  title={Multi-label image recognition with graph convolutional networks},
  author={Chen, Zhao-Min and Wei, Xiu-Shen and Wang, Peng and Guo, Yanwen},
  booktitle={Proceedings of the IEEE/CVF conference on computer vision and pattern recognition},
  pages={5177--5186},
  year={2019}
}
@article{yan2021deep,
  title={Deep multi-view learning methods: A review},
  author={Yan, Xiaoqiang and Hu, Shizhe and Mao, Yiqiao and Ye, Yangdong and Yu, Hui},
  journal={Neurocomputing},
  volume={448},
  pages={106--129},
  year={2021},
  publisher={Elsevier}
}
@inproceedings{he2023open,
  title={Open-vocabulary multi-label classification via multi-modal knowledge transfer},
  author={He, Sunan and Guo, Taian and Dai, Tao and Qiao, Ruizhi and Shu, Xiujun and Ren, Bo and Xia, Shu-Tao},
  booktitle={Proceedings of the AAAI Conference on Artificial Intelligence},
  volume={37},
  number={1},
  pages={808--816},
  year={2023}
}
@inproceedings{cao2020few,
  title={Few-shot video classification via temporal alignment},
  author={Cao, Kaidi and Ji, Jingwei and Cao, Zhangjie and Chang, Chien-Yi and Niebles, Juan Carlos},
  booktitle={Proceedings of the IEEE/CVF Conference on Computer Vision and Pattern Recognition},
  pages={10618--10627},
  year={2020}
}
@inproceedings{luo2021coco,
  title={CoCo-BERT: Improving video-language pre-training with contrastive cross-modal matching and denoising},
  author={Luo, Jianjie and Li, Yehao and Pan, Yingwei and Yao, Ting and Chao, Hongyang and Mei, Tao},
  booktitle={Proceedings of the 29th ACM International Conference on Multimedia},
  pages={5600--5608},
  year={2021}
}
@inproceedings{zhu2018compound,
  title={Compound memory networks for few-shot video classification},
  author={Zhu, Linchao and Yang, Yi},
  booktitle={Proceedings of the European Conference on Computer Vision (ECCV)},
  pages={751--766},
  year={2018}
}
@inproceedings{thatipelli2022spatio,
  title={Spatio-temporal relation modeling for few-shot action recognition},
  author={Thatipelli, Anirudh and Narayan, Sanath and Khan, Salman and Anwer, Rao Muhammad and Khan, Fahad Shahbaz and Ghanem, Bernard},
  booktitle={Proceedings of the IEEE/CVF Conference on Computer Vision and Pattern Recognition},
  pages={19958--19967},
  year={2022}
}
@inproceedings{wang2022hybrid,
  title={Hybrid relation guided set matching for few-shot action recognition},
  author={Wang, Xiang and Zhang, Shiwei and Qing, Zhiwu and Tang, Mingqian and Zuo, Zhengrong and Gao, Changxin and Jin, Rong and Sang, Nong},
  booktitle={Proceedings of the IEEE/CVF Conference on Computer Vision and Pattern Recognition},
  pages={19948--19957},
  year={2022}
}
@article{wang2023clip,
  title={CLIP-guided prototype modulating for few-shot action recognition},
  author={Wang, Xiang and Zhang, Shiwei and Cen, Jun and Gao, Changxin and Zhang, Yingya and Zhao, Deli and Sang, Nong},
  journal={International Journal of Computer Vision},
  pages={1--14},
  year={2023},
  publisher={Springer}
}
@phdthesis{xu2023learning,
  title={Learning from Limited and Imperfect Data in Cyber-Physical System},
  author={Xu, Shichao},
  year={2023},
  school={Northwestern University}
}
@inproceedings{li2019finding,
  title={Finding task-relevant features for few-shot learning by category traversal},
  author={Li, Hongyang and Eigen, David and Dodge, Samuel and Zeiler, Matthew and Wang, Xiaogang},
  booktitle={Proceedings of the IEEE/CVF conference on computer vision and pattern recognition},
  pages={1--10},
  year={2019}
}
@inproceedings{perrett2021temporal,
  title={Temporal-relational crosstransformers for few-shot action recognition},
  author={Perrett, Toby and Masullo, Alessandro and Burghardt, Tilo and Mirmehdi, Majid and Damen, Dima},
  booktitle={Proceedings of the IEEE/CVF conference on computer vision and pattern recognition},
  pages={475--484},
  year={2021}
}