@inproceedings{DBLP:conf/cvpr/DongWFSXW022,
	author       = {Jiahua Dong and
	Lixu Wang and
	Zhen Fang and
	Gan Sun and
	Shichao Xu and
	Xiao Wang and
	Qi Zhu},
	title        = {Federated Class-Incremental Learning},
	booktitle    = {{IEEE/CVF} Conference on Computer Vision and Pattern Recognition,
	{CVPR} 2022, New Orleans, LA, USA, June 18-24, 2022},
	pages        = {10154--10163},
	year         = {2022},
}

@inproceedings{DBLP:conf/eccv/LiH16,
	author       = {Zhizhong Li and
	Derek Hoiem},
	title        = {Learning Without Forgetting},
	booktitle    = {Computer Vision - {ECCV} 2016 - 14th European Conference, Amsterdam,
	The Netherlands, October 11-14, 2016, Proceedings, Part {IV}},
	series       = {Lecture Notes in Computer Science},
	volume       = {9908},
	pages        = {614--629},
	year         = {2016},
}

@inproceedings{DBLP:conf/iccv/LangeT21,
	author       = {Matthias De Lange and
	Tinne Tuytelaars},
	title        = {Continual Prototype Evolution: Learning Online from Non-Stationary
	Data Streams},
	booktitle    = {2021 {IEEE/CVF} International Conference on Computer Vision, {ICCV}
	2021, Montreal, QC, Canada, October 10-17, 2021},
	pages        = {8230--8239},
	year		 = {2021},
}

@inproceedings{DBLP:conf/iclr/QiZ023,
	author       = {Daiqing Qi and
	Handong Zhao and
	Sheng Li},
	title        = {Better Generative Replay for Continual Federated Learning},
	booktitle    = {The Eleventh International Conference on Learning Representations,
	{ICLR} 2023, Kigali, Rwanda, May 1-5, 2023},
	publisher    = {OpenReview.net},
	year         = {2023},
}

@inproceedings{DBLP:conf/iclr/ShiLZTB23,
	author       = {Yujun Shi and
	Jian Liang and
	Wenqing Zhang and
	Vincent Y. F. Tan and
	Song Bai},
	title        = {Towards Understanding and Mitigating Dimensional Collapse in Heterogeneous
	Federated Learning},
	booktitle    = {The Eleventh International Conference on Learning Representations,
	{ICLR} 2023, Kigali, Rwanda, May 1-5, 2023},
	year         = {2023},
}

@inproceedings{DBLP:conf/iclr/WangYSPK20,
	author       = {Hongyi Wang and
	Mikhail Yurochkin and
	Yuekai Sun and
	Dimitris S. Papailiopoulos and
	Yasaman Khazaeni},
	title        = {Federated Learning with Matched Averaging},
	booktitle    = {8th International Conference on Learning Representations, {ICLR} 2020,
	Addis Ababa, Ethiopia, April 26-30, 2020},
	year         = {2020},
}

@inproceedings{DBLP:conf/icml/OdenaOS17,
	author       = {Augustus Odena and
	Christopher Olah and
	Jonathon Shlens},
	title        = {Conditional Image Synthesis with Auxiliary Classifier GANs},
	booktitle    = {Proceedings of the 34th International Conference on Machine Learning,
	{ICML} 2017, Sydney, NSW, Australia, 6-11 August 2017},
	series       = {Proceedings of Machine Learning Research},
	volume       = {70},
	pages        = {2642--2651},
	year         = {2017},
}

@inproceedings{DBLP:conf/icml/ZhuHZ21,
	author       = {Zhuangdi Zhu and
	Junyuan Hong and
	Jiayu Zhou},
	title        = {Data-Free Knowledge Distillation for Heterogeneous Federated Learning},
	booktitle    = {Proceedings of the 38th International Conference on Machine Learning,
	{ICML} 2021, 18-24 July 2021, Virtual Event},
	series       = {Proceedings of Machine Learning Research},
	volume       = {139},
	pages        = {12878--12889},
	year         = {2021},
}

@inproceedings{DBLP:conf/nips/LeeKJHZ17,
	author       = {Sang{-}Woo Lee and
	Jin{-}Hwa Kim and
	Jaehyun Jun and
	Jung{-}Woo Ha and
	Byoung{-}Tak Zhang},
	title        = {Overcoming Catastrophic Forgetting by Incremental Moment Matching},
	booktitle    = {Advances in Neural Information Processing Systems 30: Annual Conference
	on Neural Information Processing Systems 2017, December 4-9, 2017,
	Long Beach, CA, {USA}},
	pages        = {4652--4662},
	year         = {2017},
}

@inproceedings{DBLP:conf/nips/Lopez-PazR17,
	author       = {David Lopez{-}Paz and
	Marc'Aurelio Ranzato},
	title        = {Gradient Episodic Memory for Continual Learning},
	booktitle    = {Advances in Neural Information Processing Systems 30: Annual Conference
	on Neural Information Processing Systems 2017, December 4-9, 2017,
	Long Beach, CA, {USA}},
	pages        = {6467--6476},
	year         = {2017},
}

@inproceedings{DBLP:conf/nips/MirzadehFPG20,
	author       = {Seyed{-}Iman Mirzadeh and
	Mehrdad Farajtabar and
	Razvan Pascanu and
	Hassan Ghasemzadeh},
	title        = {Understanding the Role of Training Regimes in Continual Learning},
	booktitle    = {Advances in Neural Information Processing Systems 33: Annual Conference
	on Neural Information Processing Systems 2020, NeurIPS 2020, December
	6-12, 2020, virtual},
	year         = {2020},
}

@inproceedings{DBLP:conf/nips/WuHLWWR18,
	author       = {Chenshen Wu and
	Luis Herranz and
	Xialei Liu and
	Yaxing Wang and
	Joost van de Weijer and
	Bogdan Raducanu},
	title        = {Memory Replay GANs: Learning to Generate New Categories without Forgetting},
	booktitle    = {Advances in Neural Information Processing Systems 31: Annual Conference
	on Neural Information Processing Systems 2018, NeurIPS 2018, December
	3-8, 2018, Montr{\'{e}}al, Canada},
	pages        = {5966--5976},
	year         = {2018},
}

@article{DBLP:journals/corr/RusuRDSKKPH16,
	author       = {Andrei A. Rusu and
	Neil C. Rabinowitz and
	Guillaume Desjardins and
	Hubert Soyer and
	James Kirkpatrick and
	Koray Kavukcuoglu and
	Razvan Pascanu and
	Raia Hadsell},
	title        = {Progressive Neural Networks},
	journal      = {CoRR},
	volume       = {abs/1606.04671},
	year         = {2016},
}

@article{DBLP:journals/corr/abs-2109-04197,
	author       = {Anastasiia Usmanova and
	Fran{\c{c}}ois Portet and
	Philippe Lalanda and
	Germ{\'{a}}n Vega},
	title        = {A distillation-based approach integrating continual learning and federated
	learning for pervasive services},
	journal      = {CoRR},
	volume       = {abs/2109.04197},
	year         = {2021},
}

@article{DBLP:journals/pami/LangeAMPJLST22,
	author       = {Matthias De Lange and
	Rahaf Aljundi and
	Marc Masana and
	Sarah Parisot and
	Xu Jia and
	Ales Leonardis and
	Gregory G. Slabaugh and
	Tinne Tuytelaars},
	title        = {A Continual Learning Survey: Defying Forgetting in Classification
	Tasks},
	journal      = {{IEEE} Trans. Pattern Anal. Mach. Intell.},
	volume       = {44},
	number       = {7},
	pages        = {3366--3385},
	year         = {2022},
}

@inproceedings{agarwal2018cpsgd,
	title={cpSGD: Communication-efficient and differentially-private distributed SGD},
	author={Agarwal, Naman and Suresh, Ananda Theertha and Felix, X Yu and Kumar, Sanjiv and McMahan, Brendan},
	booktitle={NeurIPS},
	year={2018}
}

@article{casado2020federated,
	title={Federated and continual learning for classification tasks in a society of devices},
	author={Casado, Fernando E and Lema, Dylan and Iglesias, Roberto and Regueiro, Carlos V and Barro, Sen{\'e}n},
	journal={arXiv preprint arXiv:2006.07129},
	year={2020}
}

@misc{guo2021new,
	title={A new analysis framework for federated learning on time-evolving heterogeneous data},
	author={Guo, Yongxin and Lin, Tao and Tang, Xiaoying},
	year={2021},
	publisher={FL-ICML}
}

@article{hendryx2021federated,
	title={Federated reconnaissance: Efficient, distributed, class-incremental learning},
	author={Hendryx, Sean M and KC, Dharma Raj and Walls, Bradley and Morrison, Clayton T},
	journal={arXiv preprint arXiv:2109.00150},
	year={2021}
}

@inproceedings{karimireddy2020scaffold,
	title={Scaffold: Stochastic controlled averaging for federated learning},
	author={Karimireddy, Sai Praneeth and Kale, Satyen and Mohri, Mehryar and Reddi, Sashank and Stich, Sebastian and Suresh, Ananda Theertha},
	booktitle={International Conference on Machine Learning},
	pages={5132--5143},
	year={2020},
	organization={PMLR}
}

@article{konevcny2016federated,
	title={Federated learning: Strategies for improving communication efficiency},
	author={Kone{\v{c}}n{\`y}, Jakub and McMahan, H Brendan and Yu, Felix X and Richt{\'a}rik, Peter and Suresh, Ananda Theertha and Bacon, Dave},
	journal={arXiv preprint arXiv:1610.05492},
	year={2016}
}

@article{li2020federated,
	title={Federated optimization in heterogeneous networks},
	author={Li, Tian and Sahu, Anit Kumar and Zaheer, Manzil and Sanjabi, Maziar and Talwalkar, Ameet and Smith, Virginia},
	journal={Proceedings of Machine Learning and Systems},
	volume={2},
	pages={429--450},
	year={2020}
}

@inproceedings{mcmahan2017communication,
	title={Communication-efficient learning of deep networks from decentralized data},
	author={McMahan, Brendan and Moore, Eider and Ramage, Daniel and Hampson, Seth and y Arcas, Blaise Aguera},
	booktitle={Artificial Intelligence and Statistics},
	pages={1273--1282},
	year={2017},
	organization={PMLR}
}

@inproceedings{mohri2019agnostic,
	title={Agnostic federated learning},
	author={Mohri, Mehryar and Sivek, Gary and Suresh, Ananda Theertha},
	booktitle={International Conference on Machine Learning},
	pages={4615--4625},
	year={2019},
	organization={PMLR}
}

@inproceedings{yoon2021federated,
	title={Federated continual learning with weighted inter-client transfer},
	author={Yoon, Jaehong and Jeong, Wonyong and Lee, Giwoong and Yang, Eunho and Hwang, Sung Ju},
	booktitle={International Conference on Machine Learning},
	pages={12073--12086},
	year={2021},
	organization={PMLR}
}

