@inproceedings{mcmahan2017communication,
	title={Communication-efficient learning of deep networks from decentralized data},
	author={McMahan, Brendan and Moore, Eider and Ramage, Daniel and Hampson, Seth and y Arcas, Blaise Aguera},
	booktitle={Artificial Intelligence and Statistics},
	pages={1273--1282},
	year={2017},
	organization={PMLR}
}

@inproceedings{muhammad2020fedfast,
	title={Fedfast: Going beyond average for faster training of federated recommender systems},
	author={Muhammad, Khalil and Wang, Qinqin and O'Reilly-Morgan, Diarmuid and Tragos, Elias and Smyth, Barry and Hurley, Neil and Geraci, James and Lawlor, Aonghus},
	booktitle={Proceedings of the 26th ACM SIGKDD International Conference on Knowledge Discovery \& Data Mining},
	pages={1234--1242},
	year={2020}
}

@article{yang2019federated,
	title={Federated machine learning: Concept and applications},
	author={Yang, Qiang and Liu, Yang and Chen, Tianjian and Tong, Yongxin},
	journal={ACM Transactions on Intelligent Systems and Technology (TIST)},
	volume={10},
	number={2},
	pages={1--19},
	year={2019},
	publisher={ACM New York, NY, USA}
}

@article{xu2021federated,
	title={Federated learning for healthcare informatics},
	author={Xu, Jie and Glicksberg, Benjamin S and Su, Chang and Walker, Peter and Bian, Jiang and Wang, Fei},
	journal={Journal of Healthcare Informatics Research},
	volume={5},
	number={1},
	pages={1--19},
	year={2021},
	publisher={Springer}
}

@inproceedings{mohri2019agnostic,
	title={Agnostic federated learning},
	author={Mohri, Mehryar and Sivek, Gary and Suresh, Ananda Theertha},
	booktitle={International Conference on Machine Learning},
	pages={4615--4625},
	year={2019},
	organization={PMLR}
}

@article{deng2020distributionally,
	title={Distributionally Robust Federated Averaging},
	author={Deng, Yuyang and Kamani, Mohammad Mahdi and Mahdavi, Mehrdad},
	journal={Advances in Neural Information Processing Systems},
	volume={33},
	year={2020}
}

@article{li2020federated,
	title={Federated optimization in heterogeneous networks},
	author={Li, Tian and Sahu, Anit Kumar and Zaheer, Manzil and Sanjabi, Maziar and Talwalkar, Ameet and Smith, Virginia},
	journal={Proceedings of Machine Learning and Systems},
	volume={2},
	pages={429--450},
	year={2020}
}

@article{dinh2020personalized,
	title={Personalized federated learning with moreau envelopes},
	author={Dinh, Canh T and Tran, Nguyen H and Nguyen, Tuan Dung},
	journal={arXiv preprint arXiv:2006.08848},
	year={2020}
}

@inproceedings{karimireddy2020scaffold,
	title={Scaffold: Stochastic controlled averaging for federated learning},
	author={Karimireddy, Sai Praneeth and Kale, Satyen and Mohri, Mehryar and Reddi, Sashank and Stich, Sebastian and Suresh, Ananda Theertha},
	booktitle={International Conference on Machine Learning},
	pages={5132--5143},
	year={2020},
	organization={PMLR}
}


@inproceedings{DBLP:conf/icml/ZhuHZ21,
	author       = {Zhuangdi Zhu and
	Junyuan Hong and
	Jiayu Zhou},
	title        = {Data-Free Knowledge Distillation for Heterogeneous Federated Learning},
	booktitle    = {Proceedings of the 38th International Conference on Machine Learning,
	{ICML} 2021, 18-24 July 2021, Virtual Event},
	series       = {Proceedings of Machine Learning Research},
	volume       = {139},
	pages        = {12878--12889},
	year         = {2021},
}

@article{liang2020think,
	title={Think locally, act globally: Federated learning with local and global representations},
	author={Liang, Paul Pu and Liu, Terrance and Ziyin, Liu and Allen, Nicholas B and Auerbach, Randy P and Brent, David and Salakhutdinov, Ruslan and Morency, Louis-Philippe},
	journal={arXiv preprint arXiv:2001.01523},
	year={2020}
}

@article{pan2009survey,
	title={A survey on transfer learning},
	author={Pan, Sinno Jialin and Yang, Qiang},
	journal={IEEE Transactions on knowledge and data engineering},
	volume={22},
	number={10},
	pages={1345--1359},
	year={2009},
	publisher={IEEE}
}

@article{fleurence2014launching,
	title={Launching PCORnet, a national patient-centered clinical research network},
	author={Fleurence, Rachael L and Curtis, Lesley H and Califf, Robert M and Platt, Richard and Selby, Joe V and Brown, Jeffrey S},
	journal={Journal of the American Medical Informatics Association},
	volume={21},
	number={4},
	pages={578--582},
	year={2014},
	publisher={BMJ Publishing Group}
}

@inproceedings{reisizadeh2020robust,
	title={Robust Federated Learning: The Case of Affine Distribution Shifts},
	author={Reisizadeh, Amirhossein and Farnia, Farzan and Pedarsani, Ramtin and Jadbabaie, Ali},
	booktitle={NeurIPS},
	year={2020}
}

@article{konevcny2016federated,
	title={Federated learning: Strategies for improving communication efficiency},
	author={Kone{\v{c}}n{\`y}, Jakub and McMahan, H Brendan and Yu, Felix X and Richt{\'a}rik, Peter and Suresh, Ananda Theertha and Bacon, Dave},
	journal={arXiv preprint arXiv:1610.05492},
	year={2016}
}

@inproceedings{agarwal2018cpsgd,
	title={cpSGD: Communication-efficient and differentially-private distributed SGD},
	author={Agarwal, Naman and Suresh, Ananda Theertha and Felix, X Yu and Kumar, Sanjiv and McMahan, Brendan},
	booktitle={NeurIPS},
	year={2018}
}


@article{fallah2020personalized,
	title={Personalized federated learning with theoretical guarantees: A model-agnostic meta-learning approach},
	author={Fallah, Alireza and Mokhtari, Aryan and Ozdaglar, Asuman},
	journal={Advances in Neural Information Processing Systems},
	volume={33},
	pages={3557--3568},
	year={2020}
}

@inproceedings{li2021ditto,
	title={Ditto: Fair and robust federated learning through personalization},
	author={Li, Tian and Hu, Shengyuan and Beirami, Ahmad and Smith, Virginia},
	booktitle={International Conference on Machine Learning},
	pages={6357--6368},
	year={2021},
	organization={PMLR}
}


@article{collins2021exploiting,
	title={Exploiting Shared Representations for Personalized Federated Learning},
	author={Collins, Liam and Hassani, Hamed and Mokhtari, Aryan and Shakkottai, Sanjay},
	booktitle={International Conference on Machine Learning},
	year={2021},
	organization={PMLR}
}

@article{yu2020salvaging,
	title={Salvaging federated learning by local adaptation},
	author={Yu, Tao and Bagdasaryan, Eugene and Shmatikov, Vitaly},
	journal={arXiv preprint arXiv:2002.04758},
	year={2020}
}

@article{wang2019federated,
	title={Federated evaluation of on-device personalization},
	author={Wang, Kangkang and Mathews, Rajiv and Kiddon, Chlo{\'e} and Eichner, Hubert and Beaufays, Fran{\c{c}}oise and Ramage, Daniel},
	journal={arXiv preprint arXiv:1910.10252},
	year={2019}
}

@article{khodak2019adaptive,
	title={Adaptive gradient-based meta-learning methods},
	author={Khodak, Mikhail and Balcan, Maria-Florina and Talwalkar, Ameet},
	journal={arXiv preprint arXiv:1906.02717},
	year={2019}
}

@article{ben2010theory,
	title={A theory of learning from different domains},
	author={Ben-David, Shai and Blitzer, John and Crammer, Koby and Kulesza, Alex and Pereira, Fernando and Vaughan, Jennifer Wortman},
	journal={Machine learning},
	volume={79},
	number={1},
	pages={151--175},
	year={2010},
	publisher={Springer}
}

@inproceedings{sinha2018certifying,
	title={Certifying Some Distributional Robustness with Principled Adversarial Training},
	author={Sinha, Aman and Namkoong, Hongseok and Duchi, John},
	booktitle={International Conference on Learning Representations},
	year={2018}
}

@article{diamandis2021wasserstein,
	title={A Wasserstein Minimax Framework for Mixed Linear Regression},
	author={Diamandis, Theo and Eldar, Yonina C and Fallah, Alireza and Farnia, Farzan and Ozdaglar, Asuman},
	journal={arXiv preprint arXiv:2106.07537},
	year={2021}
}

@article{rahimian2019distributionally,
	title={Distributionally robust optimization: A review},
	author={Rahimian, Hamed and Mehrotra, Sanjay},
	journal={arXiv preprint arXiv:1908.05659},
	year={2019}
}

@article{blanchet2019quantifying,
	title={Quantifying distributional model risk via optimal transport},
	author={Blanchet, Jose and Murthy, Karthyek},
	journal={Mathematics of Operations Research},
	volume={44},
	number={2},
	pages={565--600},
	year={2019},
	publisher={INFORMS}
}

@article{lee2017minimax,
	title={Minimax statistical learning with wasserstein distances},
	author={Lee, Jaeho and Raginsky, Maxim},
	journal={arXiv preprint arXiv:1705.07815},
	year={2017}
}

@book{talagrand2014upper,
	title={Upper and lower bounds for stochastic processes: modern methods and classical problems},
	author={Talagrand, Michel},
	volume={60},
	year={2014},
	publisher={Springer Science \& Business Media}
}

@article{yurochkin2019training,
	title={Training individually fair ML models with sensitive subspace robustness},
	author={Yurochkin, Mikhail and Bower, Amanda and Sun, Yuekai},
	journal={arXiv preprint arXiv:1907.00020},
	year={2019}
}

@inproceedings{li2019feddane,
	title={Feddane: A federated newton-type method},
	author={Li, Tian and Sahu, Anit Kumar and Zaheer, Manzil and Sanjabi, Maziar and Talwalkar, Ameet and Smithy, Virginia},
	booktitle={2019 53rd Asilomar Conference on Signals, Systems, and Computers},
	pages={1227--1231},
	year={2019},
	organization={IEEE}
}

@article{arivazhagan2019federated,
	title={Federated learning with personalization layers},
	author={Arivazhagan, Manoj Ghuhan and Aggarwal, Vinay and Singh, Aaditya Kumar and Choudhary, Sunav},
	journal={arXiv preprint arXiv:1912.00818},
	year={2019}
}

@article{smith2017federated,
	title={Federated multi-task learning},
	author={Smith, Virginia and Chiang, Chao-Kai and Sanjabi, Maziar and Talwalkar, Ameet},
	journal={arXiv preprint arXiv:1705.10467},
	year={2017}
}

@article{pollard2018eicu,
	title={The eICU Collaborative Research Database, a freely available multi-center database for critical care research},
	author={Pollard, Tom J and Johnson, Alistair EW and Raffa, Jesse D and Celi, Leo A and Mark, Roger G and Badawi, Omar},
	journal={Scientific data},
	volume={5},
	number={1},
	pages={1--13},
	year={2018},
	publisher={Nature Publishing Group}
}

@article{sheikhalishahi2019benchmarking,
	title={Benchmarking machine learning models on eICU critical care dataset},
	author={Sheikhalishahi, Seyedmostafa and Balaraman, Vevake and Osmani, Venet},
	journal={arXiv preprint arXiv:1910.00964},
	year={2019}
}

@book{villani2021topics,
	title={Topics in optimal transportation},
	author={Villani, C{\'e}dric},
	volume={58},
	year={2021},
	publisher={American Mathematical Soc.}
}

@inproceedings{kohavi1996scaling,
	title={Scaling up the accuracy of naive-bayes classifiers: A decision-tree hybrid.},
	author={Kohavi, Ron and others},
	booktitle={Kdd},
	volume={96},
	pages={202--207},
	year={1996}
}

@article{krizhevsky2009learning,
	title={Learning multiple layers of features from tiny images},
	author={Krizhevsky, Alex and Hinton, Geoffrey and others},
	year={2009},
	publisher={Citeseer}
}

@inproceedings{cohen2017emnist,
	title={EMNIST: Extending MNIST to handwritten letters},
	author={Cohen, Gregory and Afshar, Saeed and Tapson, Jonathan and Van Schaik, Andre},
	booktitle={2017 International Joint Conference on Neural Networks (IJCNN)},
	pages={2921--2926},
	year={2017},
	organization={IEEE}
}

@article{caldas2018leaf,
	title={Leaf: A benchmark for federated settings},
	author={Caldas, Sebastian and Duddu, Sai Meher Karthik and Wu, Peter and Li, Tian and Kone{\v{c}}n{\`y}, Jakub and McMahan, H Brendan and Smith, Virginia and Talwalkar, Ameet},
	journal={arXiv preprint arXiv:1812.01097},
	year={2018}
}

@incollection{lamport2019byzantine,
	title={The Byzantine generals problem},
	author={Lamport, Leslie and Shostak, Robert and Pease, Marshall},
	booktitle={Concurrency: the Works of Leslie Lamport},
	pages={203--226},
	year={2019}
}

@inproceedings{vanhaesebrouck2017decentralized,
	title={Decentralized collaborative learning of personalized models over networks},
	author={Vanhaesebrouck, Paul and Bellet, Aur{\'e}lien and Tommasi, Marc},
	booktitle={Artificial Intelligence and Statistics},
	pages={509--517},
	year={2017},
	organization={PMLR}
}

@article{warnat2021swarm,
	title={Swarm learning for decentralized and confidential clinical machine learning},
	author={Warnat-Herresthal, Stefanie and Schultze, Hartmut and Shastry, Krishnaprasad Lingadahalli and Manamohan, Sathyanarayanan and Mukherjee, Saikat and Garg, Vishesh and Sarveswara, Ravi and H{\"a}ndler, Kristian and Pickkers, Peter and Aziz, N Ahmad and others},
	journal={Nature},
	volume={594},
	number={7862},
	pages={265--270},
	year={2021},
	publisher={Nature Publishing Group}
}

@article{roy2019braintorrent,
	title={Braintorrent: A peer-to-peer environment for decentralized federated learning},
	author={Roy, Abhijit Guha and Siddiqui, Shayan and P{\"o}lsterl, Sebastian and Navab, Nassir and Wachinger, Christian},
	journal={arXiv preprint arXiv:1905.06731},
	year={2019}
}

@article{deng2020adaptive,
	title={Adaptive personalized federated learning},
	author={Deng, Yuyang and Kamani, Mohammad Mahdi and Mahdavi, Mehrdad},
	journal={arXiv preprint arXiv:2003.13461},
	year={2020}
}

@article{li2020blockchain,
	title={A blockchain-based decentralized federated learning framework with committee consensus},
	author={Li, Yuzheng and Chen, Chuan and Liu, Nan and Huang, Huawei and Zheng, Zibin and Yan, Qiang},
	journal={IEEE Network},
	volume={35},
	number={1},
	pages={234--241},
	year={2020},
	publisher={IEEE}
}

@article{zhu2019deep,
	title={Deep leakage from gradients},
	author={Zhu, Ligeng and Liu, Zhijian and Han, Song},
	journal={Advances in Neural Information Processing Systems},
	volume={32},
	year={2019}
}

@inproceedings{lou2004spread,
	title={SPREAD: Enhancing data confidentiality in mobile ad hoc networks},
	author={Lou, Wenjing and Liu, Wei and Fang, Yuguang},
	booktitle={IEEE INFOCOM 2004},
	volume={4},
	pages={2404--2413},
	year={2004},
	organization={IEEE}
}

@inproceedings{li2019fair,
	title={Fair Resource Allocation in Federated Learning},
	author={Li, Tian and Sanjabi, Maziar and Beirami, Ahmad and Smith, Virginia},
	booktitle={International Conference on Learning Representations},
	year={2019}
}

@article{lin2020ensemble,
	title={Ensemble distillation for robust model fusion in federated learning},
	author={Lin, Tao and Kong, Lingjing and Stich, Sebastian U and Jaggi, Martin},
	journal={Advances in Neural Information Processing Systems},
	volume={33},
	pages={2351--2363},
	year={2020}
}

@article{ghosh2020efficient,
	title={An efficient framework for clustered federated learning},
	author={Ghosh, Avishek and Chung, Jichan and Yin, Dong and Ramchandran, Kannan},
	journal={Advances in Neural Information Processing Systems},
	volume={33},
	pages={19586--19597},
	year={2020}
}

@article{marfoq2021federated,
	title={Federated multi-task learning under a mixture of distributions},
	author={Marfoq, Othmane and Neglia, Giovanni and Bellet, Aur{\'e}lien and Kameni, Laetitia and Vidal, Richard},
	journal={Advances in Neural Information Processing Systems},
	volume={34},
	pages={15434--15447},
	year={2021}
}


@inproceedings{liu2015deep,
	title={Deep learning face attributes in the wild},
	author={Liu, Ziwei and Luo, Ping and Wang, Xiaogang and Tang, Xiaoou},
	booktitle={Proceedings of the IEEE international conference on computer vision},
	pages={3730--3738},
	year={2015}
}

@article{hanzely2020federated,
	title={Federated learning of a mixture of global and local models},
	author={Hanzely, Filip and Richt{\'a}rik, Peter},
	journal={arXiv preprint arXiv:2002.05516},
	year={2020}
}

@inproceedings{li2021model,
	title={Model-contrastive federated learning},
	author={Li, Qinbin and He, Bingsheng and Song, Dawn},
	booktitle={Proceedings of the IEEE/CVF Conference on Computer Vision and Pattern Recognition},
	pages={10713--10722},
	year={2021}
}

@inproceedings{qu2022rethinking,
	title={Rethinking architecture design for tackling data heterogeneity in federated learning},
	author={Qu, Liangqiong and Zhou, Yuyin and Liang, Paul Pu and Xia, Yingda and Wang, Feifei and Adeli, Ehsan and Fei-Fei, Li and Rubin, Daniel},
	booktitle={Proceedings of the IEEE/CVF Conference on Computer Vision and Pattern Recognition},
	pages={10061--10071},
	year={2022}
}

@article{brehmer2020flows,
	title={Flows for simultaneous manifold learning and density estimation},
	author={Brehmer, Johann and Cranmer, Kyle},
	journal={Advances in Neural Information Processing Systems},
	volume={33},
	pages={442--453},
	year={2020}
}

@article{cui2021addressing,
	title={Addressing algorithmic disparity and performance inconsistency in federated learning},
	author={Cui, Sen and Pan, Weishen and Liang, Jian and Zhang, Changshui and Wang, Fei},
	journal={Advances in Neural Information Processing Systems},
	volume={34},
	pages={26091--26102},
	year={2021}
}

@article{goodfellow2020generative,
	title={Generative adversarial networks},
	author={Goodfellow, Ian and Pouget-Abadie, Jean and Mirza, Mehdi and Xu, Bing and Warde-Farley, David and Ozair, Sherjil and Courville, Aaron and Bengio, Yoshua},
	journal={Communications of the ACM},
	volume={63},
	number={11},
	pages={139--144},
	year={2020},
	publisher={ACM New York, NY, USA}
}

@article{kingma2013auto,
	title={Auto-encoding variational bayes},
	author={Kingma, Diederik P and Welling, Max},
	journal={arXiv preprint arXiv:1312.6114},
	year={2013}
}

@inproceedings{rezende2015variational,
	title={Variational inference with normalizing flows},
	author={Rezende, Danilo and Mohamed, Shakir},
	booktitle={International conference on machine learning},
	pages={1530--1538},
	year={2015},
	organization={PMLR}
}

@inproceedings{du2020advpl,
	title={Advpl: Adversarial personalized learning},
	author={Du, Wei and Wu, Xintao},
	booktitle={2020 IEEE 7th International Conference on Data Science and Advanced Analytics (DSAA)},
	pages={90--98},
	year={2020},
	organization={IEEE}
}

@article{tabassum2022fedgan,
	title={FEDGAN-IDS: Privacy-preserving IDS using GAN and Federated Learning},
	author={Tabassum, Aliya and Erbad, Aiman and Lebda, Wadha and Mohamed, Amr and Guizani, Mohsen},
	journal={Computer Communications},
	volume={192},
	pages={299--310},
	year={2022},
	publisher={Elsevier}
}

@inproceedings{cui2022collaboration,
	title={Collaboration Equilibrium in Federated Learning},
	author={Cui, Sen and Liang, Jian and Pan, Weishen and Chen, Kun and Zhang, Changshui and Wang, Fei},
	booktitle={Proceedings of the 28th ACM SIGKDD Conference on Knowledge Discovery and Data Mining},
	pages={241--251},
	year={2022}
}

@book{krantz2008geometric,
	title={Geometric integration theory},
	author={Krantz, Steven G and Parks, Harold R},
	year={2008},
	publisher={Springer Science \& Business Media}
}

@article{wei2020federated,
	title={Federated learning with differential privacy: Algorithms and performance analysis},
	author={Wei, Kang and Li, Jun and Ding, Ming and Ma, Chuan and Yang, Howard H and Farokhi, Farhad and Jin, Shi and Quek, Tony QS and Poor, H Vincent},
	journal={IEEE Transactions on Information Forensics and Security},
	volume={15},
	pages={3454--3469},
	year={2020},
	publisher={IEEE}
}

@book{berk2012criminal,
	title={Criminal justice forecasts of risk: A machine learning approach},
	author={Berk, Richard},
	year={2012},
	publisher={Springer Science \& Business Media}
}

@inproceedings{hallac2015network,
	title={Network lasso: Clustering and optimization in large graphs},
	author={Hallac, David and Leskovec, Jure and Boyd, Stephen},
	booktitle={Proceedings of the 21th ACM SIGKDD international conference on knowledge discovery and data mining},
	pages={387--396},
	year={2015}
}

@article{jung2019localized,
	title={Localized linear regression in networked data},
	author={Jung, Alexander and Tran, Nguyen},
	journal={IEEE Signal Processing Letters},
	volume={26},
	number={7},
	pages={1090--1094},
	year={2019},
	publisher={IEEE}
}

@article{jung2020networked,
	title={Networked exponential families for big data over networks},
	author={Jung, Alexander},
	journal={IEEE Access},
	volume={8},
	pages={202897--202909},
	year={2020},
	publisher={IEEE}
}

@inproceedings{DBLP:conf/eccv/LiH16,
	author       = {Zhizhong Li and
	Derek Hoiem},
	title        = {Learning Without Forgetting},
	booktitle    = {Computer Vision - {ECCV} 2016 - 14th European Conference, Amsterdam,
	The Netherlands, October 11-14, 2016, Proceedings, Part {IV}},
	series       = {Lecture Notes in Computer Science},
	volume       = {9908},
	pages        = {614--629},
	year         = {2016},
}

@inproceedings{DBLP:conf/iros/Thrun94,
	author       = {Sebastian Thrun},
	title        = {A lifelong learning perspective for mobile robot control},
	booktitle    = {Proceedings of {IEEE/RSJ} International Conference on Intelligent
	Robots and Systems, {IROS} 1994, September 12 - 16, 1994, Munich,
	Germany},
	pages        = {23--30},
	year         = {1994},
}


@article{kumar2012learning,
  title={Learning task grouping and overlap in multi-task learning},
  author={Kumar, Abhishek and Daume III, Hal},
  journal={arXiv preprint arXiv:1206.6417},
  year={2012}
}

@inproceedings{DBLP:conf/cvpr/GuSS23,
	author       = {Qiao Gu and
	Dongsub Shim and
	Florian Shkurti},
	title        = {Preserving Linear Separability in Continual Learning by Backward Feature
	Projection},
	booktitle    = {{IEEE/CVF} Conference on Computer Vision and Pattern Recognition,
	{CVPR} 2023, Vancouver, BC, Canada, June 17-24, 2023},
	pages        = {24286--24295},
	year         = {2023},
}


@inproceedings{DBLP:conf/iclr/QiZ023,
	author       = {Daiqing Qi and
	Handong Zhao and
	Sheng Li},
	title        = {Better Generative Replay for Continual Federated Learning},
	booktitle    = {The Eleventh International Conference on Learning Representations,
	{ICLR} 2023, Kigali, Rwanda, May 1-5, 2023},
	publisher    = {OpenReview.net},
	year         = {2023},
}

@inproceedings{DBLP:conf/ijcai/LiuQW023,
	author       = {Chenghao Liu and
	Xiaoyang Qu and
	Jianzong Wang and
	Jing Xiao},
	title        = {FedET: {A} Communication-Efficient Federated Class-Incremental Learning
	Framework Based on Enhanced Transformer},
	booktitle    = {Proceedings of the Thirty-Second International Joint Conference on
	Artificial Intelligence, {IJCAI} 2023, 19th-25th August 2023, Macao,
	SAR, China},
	pages        = {3984--3992},
	year		 = {2023},
}

@inproceedings{DBLP:conf/icml/YoonJLYH21,
	author       = {Jaehong Yoon and
	Wonyong Jeong and
	Giwoong Lee and
	Eunho Yang and
	Sung Ju Hwang},
	title        = {Federated Continual Learning with Weighted Inter-client Transfer},
	booktitle    = {Proceedings of the 38th International Conference on Machine Learning,
	{ICML} 2021, 18-24 July 2021, Virtual Event},
	series       = {Proceedings of Machine Learning Research},
	volume       = {139},
	pages        = {12073--12086},
	year		 = {2021},
}

@inproceedings{DBLP:conf/iclr/JeonLSK23,
	author       = {Myeongho Jeon and
	Hyoje Lee and
	Yedarm Seong and
	Myungjoo Kang},
	title        = {Learning without Prejudices: Continual Unbiased Learning via Benign
	and Malignant Forgetting},
	booktitle    = {The Eleventh International Conference on Learning Representations,
	{ICLR} 2023, Kigali, Rwanda, May 1-5, 2023},
	year		 = {2023},
}

@inproceedings{DBLP:conf/nips/DurkanB0P19,
	author       = {Conor Durkan and
	Artur Bekasov and
	Iain Murray and
	George Papamakarios},
	title        = {Neural Spline Flows},
	booktitle    = {Advances in Neural Information Processing Systems 32: Annual Conference
	on Neural Information Processing Systems 2019, NeurIPS 2019, December
	8-14, 2019, Vancouver, BC, Canada},
	pages        = {7509--7520},
	year		 = {2019},
}

@article{DBLP:journals/corr/abs-1912-00042,
	author       = {Christina Winkler and
	Daniel E. Worrall and
	Emiel Hoogeboom and
	Max Welling},
	title        = {Learning Likelihoods with Conditional Normalizing Flows},
	journal      = {CoRR},
	volume       = {abs/1912.00042},
	year         = {2019},
}

@inproceedings{DBLP:conf/iccv/LangeT21,
	author       = {Matthias De Lange and
	Tinne Tuytelaars},
	title        = {Continual Prototype Evolution: Learning Online from Non-Stationary
	Data Streams},
	booktitle    = {2021 {IEEE/CVF} International Conference on Computer Vision, {ICCV}
	2021, Montreal, QC, Canada, October 10-17, 2021},
	pages        = {8230--8239},
	year		 = {2021},
}

@article{DBLP:journals/pami/LangeAMPJLST22,
	author       = {Matthias De Lange and
	Rahaf Aljundi and
	Marc Masana and
	Sarah Parisot and
	Xu Jia and
	Ales Leonardis and
	Gregory G. Slabaugh and
	Tinne Tuytelaars},
	title        = {A Continual Learning Survey: Defying Forgetting in Classification
	Tasks},
	journal      = {{IEEE} Trans. Pattern Anal. Mach. Intell.},
	volume       = {44},
	number       = {7},
	pages        = {3366--3385},
	year         = {2022},
}

@inproceedings{DBLP:conf/nips/MirzadehFPG20,
	author       = {Seyed{-}Iman Mirzadeh and
	Mehrdad Farajtabar and
	Razvan Pascanu and
	Hassan Ghasemzadeh},
	title        = {Understanding the Role of Training Regimes in Continual Learning},
	booktitle    = {Advances in Neural Information Processing Systems 33: Annual Conference
	on Neural Information Processing Systems 2020, NeurIPS 2020, December
	6-12, 2020, virtual},
	year         = {2020},
}

@inproceedings{DBLP:conf/nips/LeeKJHZ17,
	author       = {Sang{-}Woo Lee and
	Jin{-}Hwa Kim and
	Jaehyun Jun and
	Jung{-}Woo Ha and
	Byoung{-}Tak Zhang},
	title        = {Overcoming Catastrophic Forgetting by Incremental Moment Matching},
	booktitle    = {Advances in Neural Information Processing Systems 30: Annual Conference
	on Neural Information Processing Systems 2017, December 4-9, 2017,
	Long Beach, CA, {USA}},
	pages        = {4652--4662},
	year         = {2017},
}

@article{DBLP:journals/corr/RusuRDSKKPH16,
	author       = {Andrei A. Rusu and
	Neil C. Rabinowitz and
	Guillaume Desjardins and
	Hubert Soyer and
	James Kirkpatrick and
	Koray Kavukcuoglu and
	Razvan Pascanu and
	Raia Hadsell},
	title        = {Progressive Neural Networks},
	journal      = {CoRR},
	volume       = {abs/1606.04671},
	year         = {2016},
}

@inproceedings{DBLP:conf/nips/Lopez-PazR17,
	author       = {David Lopez{-}Paz and
	Marc'Aurelio Ranzato},
	title        = {Gradient Episodic Memory for Continual Learning},
	booktitle    = {Advances in Neural Information Processing Systems 30: Annual Conference
	on Neural Information Processing Systems 2017, December 4-9, 2017,
	Long Beach, CA, {USA}},
	pages        = {6467--6476},
	year         = {2017},
}

@inproceedings{DBLP:conf/nips/WuHLWWR18,
	author       = {Chenshen Wu and
	Luis Herranz and
	Xialei Liu and
	Yaxing Wang and
	Joost van de Weijer and
	Bogdan Raducanu},
	title        = {Memory Replay GANs: Learning to Generate New Categories without Forgetting},
	booktitle    = {Advances in Neural Information Processing Systems 31: Annual Conference
	on Neural Information Processing Systems 2018, NeurIPS 2018, December
	3-8, 2018, Montr{\'{e}}al, Canada},
	pages        = {5966--5976},
	year         = {2018},
}

@inproceedings{DBLP:conf/icml/OdenaOS17,
	author       = {Augustus Odena and
	Christopher Olah and
	Jonathon Shlens},
	title        = {Conditional Image Synthesis with Auxiliary Classifier GANs},
	booktitle    = {Proceedings of the 34th International Conference on Machine Learning,
	{ICML} 2017, Sydney, NSW, Australia, 6-11 August 2017},
	series       = {Proceedings of Machine Learning Research},
	volume       = {70},
	pages        = {2642--2651},
	year         = {2017},
}

@inproceedings{DBLP:conf/iclr/WangYSPK20,
	author       = {Hongyi Wang and
	Mikhail Yurochkin and
	Yuekai Sun and
	Dimitris S. Papailiopoulos and
	Yasaman Khazaeni},
	title        = {Federated Learning with Matched Averaging},
	booktitle    = {8th International Conference on Learning Representations, {ICLR} 2020,
	Addis Ababa, Ethiopia, April 26-30, 2020},
	year         = {2020},
}

@inproceedings{DBLP:conf/iclr/ShiLZTB23,
	author       = {Yujun Shi and
	Jian Liang and
	Wenqing Zhang and
	Vincent Y. F. Tan and
	Song Bai},
	title        = {Towards Understanding and Mitigating Dimensional Collapse in Heterogeneous
	Federated Learning},
	booktitle    = {The Eleventh International Conference on Learning Representations,
	{ICLR} 2023, Kigali, Rwanda, May 1-5, 2023},
	year         = {2023},
}

@article{hendryx2021federated,
	title={Federated reconnaissance: Efficient, distributed, class-incremental learning},
	author={Hendryx, Sean M and KC, Dharma Raj and Walls, Bradley and Morrison, Clayton T},
	journal={arXiv preprint arXiv:2109.00150},
	year={2021}
}

@inproceedings{yoon2021federated,
	title={Federated continual learning with weighted inter-client transfer},
	author={Yoon, Jaehong and Jeong, Wonyong and Lee, Giwoong and Yang, Eunho and Hwang, Sung Ju},
	booktitle={International Conference on Machine Learning},
	pages={12073--12086},
	year={2021},
	organization={PMLR}
}

@inproceedings{DBLP:conf/cvpr/DongWFSXW022,
	author       = {Jiahua Dong and
	Lixu Wang and
	Zhen Fang and
	Gan Sun and
	Shichao Xu and
	Xiao Wang and
	Qi Zhu},
	title        = {Federated Class-Incremental Learning},
	booktitle    = {{IEEE/CVF} Conference on Computer Vision and Pattern Recognition,
	{CVPR} 2022, New Orleans, LA, USA, June 18-24, 2022},
	pages        = {10154--10163},
	year         = {2022},
}

@article{casado2020federated,
	title={Federated and continual learning for classification tasks in a society of devices},
	author={Casado, Fernando E and Lema, Dylan and Iglesias, Roberto and Regueiro, Carlos V and Barro, Sen{\'e}n},
	journal={arXiv preprint arXiv:2006.07129},
	year={2020}
}

@misc{guo2021new,
	title={A new analysis framework for federated learning on time-evolving heterogeneous data},
	author={Guo, Yongxin and Lin, Tao and Tang, Xiaoying},
	year={2021},
	publisher={FL-ICML}
}

@article{DBLP:journals/corr/abs-2109-04197,
	author       = {Anastasiia Usmanova and
	Fran{\c{c}}ois Portet and
	Philippe Lalanda and
	Germ{\'{a}}n Vega},
	title        = {A distillation-based approach integrating continual learning and federated
	learning for pervasive services},
	journal      = {CoRR},
	volume       = {abs/2109.04197},
	year         = {2021},
}

@inproceedings{DBLP:conf/nips/KingmaD18,
	author       = {Diederik P. Kingma and
	Prafulla Dhariwal},
	title        = {Glow: Generative Flow with Invertible 1x1 Convolutions},
	booktitle    = {Advances in Neural Information Processing Systems 31: Annual Conference
	on Neural Information Processing Systems 2018, NeurIPS 2018, December
	3-8, 2018, Montr{\'{e}}al, Canada},
	pages        = {10236--10245},
	year         = {2018},
}

@inproceedings{DBLP:conf/ijcai/WuKLHFPY22,
	author       = {Yuezhou Wu and
	Yan Kang and
	Jiahuan Luo and
	Yuanqin He and
	Lixin Fan and
	Rong Pan and
	Qiang Yang},
	title        = {FedCG: Leverage Conditional {GAN} for Protecting Privacy and Maintaining
	Competitive Performance in Federated Learning},
	booktitle    = {Proceedings of the Thirty-First International Joint Conference on
	Artificial Intelligence, {IJCAI} 2022, Vienna, Austria, 23-29 July
	2022},
	pages        = {2334--2340},
	year         = {2022},
}

@article{lecun1998gradient,
	title={Gradient-based learning applied to document recognition},
	author={LeCun, Yann and Bottou, L{\'e}on and Bengio, Yoshua and Haffner, Patrick},
	journal={Proceedings of the IEEE},
	volume={86},
	number={11},
	pages={2278--2324},
	year={1998},
	publisher={Ieee}
}

@article{netzer2011reading,
	title={Reading digits in natural images with unsupervised feature learning},
	author={Netzer, Yuval and Wang, Tao and Coates, Adam and Bissacco, Alessandro and Wu, Bo and Ng, Andrew Y},
	year={2011}
}

@article{DBLP:journals/corr/abs-1708-07747,
	author       = {Han Xiao and
	Kashif Rasul and
	Roland Vollgraf},
	title        = {Fashion-MNIST: a Novel Image Dataset for Benchmarking Machine Learning
	Algorithms},
	journal      = {CoRR},
	volume       = {abs/1708.07747},
	year         = {2017},
}

@inproceedings{douillard2020podnet,
	title={Podnet: Pooled outputs distillation for small-tasks incremental learning},
	author={Douillard, Arthur and Cord, Matthieu and Ollion, Charles and Robert, Thomas and Valle, Eduardo},
	booktitle={Computer Vision--ECCV 2020: 16th European Conference, Glasgow, UK, August 23--28, 2020, Proceedings, Part XX 16},
	pages={86--102},
	year={2020},
	organization={Springer}
}

@inproceedings{DBLP:conf/cvpr/HeZRS16,
	author       = {Kaiming He and
	Xiangyu Zhang and
	Shaoqing Ren and
	Jian Sun},
	title        = {Deep Residual Learning for Image Recognition},
	booktitle    = {2016 {IEEE} Conference on Computer Vision and Pattern Recognition,
	{CVPR} 2016, Las Vegas, NV, USA, June 27-30, 2016},
	pages        = {770--778},
	publisher    = {{IEEE} Computer Society},
	year         = {2016},
}

@inproceedings{DBLP:conf/iclr/MirzadehFGP021,
	author       = {Seyed{-}Iman Mirzadeh and
	Mehrdad Farajtabar and
	Dilan G{\"{o}}r{\"{u}}r and
	Razvan Pascanu and
	Hassan Ghasemzadeh},
	title        = {Linear Mode Connectivity in Multitask and Continual Learning},
	booktitle    = {9th International Conference on Learning Representations, {ICLR} 2021,
	Virtual Event, Austria, May 3-7, 2021},
	publisher    = {OpenReview.net},
	year         = {2021},
}

@article{wang2023comprehensive,
	title={A comprehensive survey of continual learning: Theory, method and application},
	author={Wang, Liyuan and Zhang, Xingxing and Su, Hang and Zhu, Jun},
	journal={arXiv preprint arXiv:2302.00487},
	year={2023}
}

@inproceedings{DBLP:conf/icml/00030YYXTS20,
  author       = {Bo Han and
                  Gang Niu and
                  Xingrui Yu and
                  Quanming Yao and
                  Miao Xu and
                  Ivor W. Tsang and
                  Masashi Sugiyama},
  title        = {{SIGUA:} Forgetting May Make Learning with Noisy Labels More Robust},
  booktitle    = {Proceedings of the 37th International Conference on Machine Learning,
                  {ICML} 2020, 13-18 July 2020, Virtual Event},
  series       = {Proceedings of Machine Learning Research},
  volume       = {119},
  pages        = {4006--4016},
  year         = {2020},
}

@inproceedings{jeon2022conservative,
  title={A conservative approach for unbiased learning on unknown biases},
  author={Jeon, Myeongho and Kim, Daekyung and Lee, Woochul and Kang, Myungjoo and Lee, Joonseok},
  booktitle={Proceedings of the IEEE/CVF Conference on Computer Vision and Pattern Recognition},
  pages={16752--16760},
  year={2022}
}

@inproceedings{jothimurugesan2023federated,
  title={Federated learning under distributed concept drift},
  author={Jothimurugesan, Ellango and Hsieh, Kevin and Wang, Jianyu and Joshi, Gauri and Gibbons, Phillip B},
  booktitle={International Conference on Artificial Intelligence and Statistics},
  pages={5834--5853},
  year={2023},
  organization={PMLR}
}

@inproceedings{canonaco2021adaptive,
  title={Adaptive federated learning in presence of concept drift},
  author={Canonaco, Giuseppe and Bergamasco, Alex and Mongelluzzo, Alessio and Roveri, Manuel},
  booktitle={2021 International Joint Conference on Neural Networks (IJCNN)},
  pages={1--7},
  year={2021},
  organization={IEEE}
}

@article{panchal2023flash,
  title={Flash: Concept Drift Adaptation in Federated Learning},
  author={Panchal, Kunjal and Choudhary, Sunav and Mitra, Subrata and Mukherjee, Koyel and Sarkhel, Somdeb and Mitra, Saayan and Guan, Hui},
  year={2023}
}

@article{bakman2023federated,
  title={Federated orthogonal training: Mitigating global catastrophic forgetting in continual federated learning},
  author={Bakman, Yavuz Faruk and Yaldiz, Duygu Nur and Ezzeldin, Yahya H and Avestimehr, Salman},
  journal={arXiv preprint arXiv:2309.01289},
  year={2023}
}

@article{zhang2024badlabel,
  title={BadLabel: A Robust Perspective on Evaluating and Enhancing Label-Noise Learning},
  author={Zhang, Jingfeng and Song, Bo and Wang, Haohan and Han, Bo and Liu, Tongliang and Liu, Lei and Sugiyama, Masashi},
  journal={IEEE Transactions on Pattern Analysis and Machine Intelligence},
  year={2024},
  publisher={IEEE}
}

@article{zhang2021noilin,
  title={Noilin: Improving adversarial training and correcting stereotype of noisy labels},
  author={Zhang, Jingfeng and Xu, Xilie and Han, Bo and Liu, Tongliang and Niu, Gang and Cui, Lizhen and Sugiyama, Masashi},
  journal={arXiv preprint arXiv:2105.14676},
  year={2021}
}

@inproceedings{chen2020noise,
  title={Noise against noise: stochastic label noise helps combat inherent label noise},
  author={Chen, Pengfei and Chen, Guangyong and Ye, Junjie and Heng, Pheng-Ann and others},
  booktitle={International Conference on Learning Representations},
  year={2020}
}

@article{zhu2021understanding,
  title={Understanding the interaction of adversarial training with noisy labels},
  author={Zhu, Jianing and Zhang, Jingfeng and Han, Bo and Liu, Tongliang and Niu, Gang and Yang, Hongxia and Kankanhalli, Mohan and Sugiyama, Masashi},
  journal={arXiv preprint arXiv:2102.03482},
  year={2021}
}
