@inproceedings{BoT,
  title={Bag of tricks and a strong baseline for deep person re-identification},
  author={Luo, Hao and Gu, Youzhi and Liao, Xingyu and Lai, Shenqi and Jiang, Wei},
  booktitle={IEEE/CVF Conference on Computer Vision and Pattern Recognition Workshops (CVPRW)},
  pages={0--0},
  year={2019}
}
@inproceedings{TransReID,
  title={Transreid: Transformer-based object re-identification},
  author={He, Shuting and Luo, Hao and Wang, Pichao and Wang, Fan and Li, Hao and Jiang, Wei},
  booktitle={IEEE/CVF International Conference on Computer Vision (ICCV)},
  pages={15013--15022},
  year={2021}
}
@inproceedings{SNR,
  title={Style normalization and restitution for generalizable person re-identification},
  author={Jin, Xin and Lan, Cuiling and Zeng, Wenjun and Chen, Zhibo and Zhang, Li},
  booktitle={IEEE/CVF Conference on Computer Vision and Pattern Recognition (CVPR)},
  pages={3143--3152},
  year={2020}
}
@article{DIR-ReID,
  title={Learning domain invariant representations for generalizable person re-identification},
  author={Zhang, Yi-Fan and Zhang, Zhang and Li, Da and Jia, Zhen and Wang, Liang and Tan, Tieniu},
  journal={IEEE Transactions on Image Processing},
  volume={32},
  pages={509--523},
  year={2022},
  publisher={IEEE}
}
@inproceedings{ADIN,
  title={Calibrated domain-invariant learning for highly generalizable large scale re-identification},
  author={Yuan, Ye and Chen, Wuyang and Chen, Tianlong and Yang, Yang and Ren, Zhou and Wang, Zhangyang and Hua, Gang},
  booktitle={IEEE/CVF Winter Conference on Applications of Computer Vision (WACV)},
  pages={3589--3598},
  year={2020}
}
@inproceedings{CBN,
  title={Rethinking the distribution gap of person re-identification with camera-based batch normalization},
  author={Zhuang, Zijie and Wei, Longhui and Xie, Lingxi and Zhang, Tianyu and Zhang, Hengheng and Wu, Haozhe and Ai, Haizhou and Tian, Qi},
  booktitle={European Conference on Computer Vision (ECCV)},
  pages={140--157},
  year={2020},
  organization={Springer}
}
@inproceedings{MetaBIN,
  title={Meta batch-instance normalization for generalizable person re-identification},
  author={Choi, Seokeon and Kim, Taekyung and Jeong, Minki and Park, Hyoungseob and Kim, Changick},
  booktitle={IEEE/CVF Conference on Computer Vision and Pattern Recognition (CVPR)},
  pages={3425--3435},
  year={2021}
}
@inproceedings{DTIN-Net,
  title={Dynamically transformed instance normalization network for generalizable person re-identification},
  author={Jiao, Bingliang and Liu, Lingqiao and Gao, Liying and Lin, Guosheng and Yang, Lu and Zhang, Shizhou and Wang, Peng and Zhang, Yanning},
  booktitle={European Conference on Computer Vision (ECCV)},
  pages={285--301},
  year={2022},
  organization={Springer}
}
@inproceedings{GDNorm,
  title={Debiased batch normalization via gaussian process for generalizable person re-identification},
  author={Liu, Jiawei and Huang, Zhipeng and Li, Liang and Zheng, Kecheng and Zha, Zheng-Jun},
  booktitle={AAAI Conference on Artificial Intelligence (AAAI)},
  volume={36},
  number={2},
  pages={1729--1737},
  year={2022}
}
@inproceedings{META,
  title={Mimic embedding via adaptive aggregation: Learning generalizable person re-identification},
  author={Xu, Boqiang and Liang, Jian and He, Lingxiao and Sun, Zhenan},
  booktitle={European Conference on Computer Vision (ECCV)},
  pages={372--388},
  year={2022},
  organization={Springer}
}
@article{GN,
  title={One-Shot Unsupervised Cross-Domain Person Re-Identification},
  author={Han, Guangxing and Zhang, Xuan and Li, Chongrong},
  journal={IEEE Transactions on Circuits and Systems for Video Technology},
  year={2023},
  publisher={IEEE}
}
@article{LDU,
  title={Invariance Learning under Uncertainty for Single Domain Generalization Person Re-Identification},
  author={Peng, Wanru and Chen, Houjin and Li, Yanfeng and Sun, Jia},
  journal={IEEE Transactions on Instrumentation and Measurement},
  year={2024},
  publisher={IEEE}
}
@inproceedings{M3L,
  title={Learning to generalize unseen domains via memory-based multi-source meta-learning for person re-identification},
  author={Zhao, Yuyang and Zhong, Zhun and Yang, Fengxiang and Luo, Zhiming and Lin, Yaojin and Li, Shaozi and Sebe, Nicu},
  booktitle={IEEE/CVF Conference on Computer Vision and Pattern Recognition (CVPR)},
  pages={6277--6286},
  year={2021}
}
@inproceedings{MDA,
  title={Meta distribution alignment for generalizable person re-identification},
  author={Ni, Hao and Song, Jingkuan and Luo, Xiaopeng and Zheng, Feng and Li, Wen and Shen, Heng Tao},
  booktitle={IEEE/CVF Conference on Computer Vision and Pattern Recognition (CVPR)},
  pages={2487--2496},
  year={2022}
}
@article{SuA-SpML,
  title={Style uncertainty based self-paced meta learning for generalizable person re-identification},
  author={Zhang, Lei and Liu, Zhipu and Zhang, Wensheng and Zhang, David},
  journal={IEEE Transactions on Image Processing},
  volume={32},
  pages={2107--2119},
  year={2023},
  publisher={IEEE}
}
@inproceedings{DEX,
  title={Dex: Domain embedding expansion for generalized person re-identification},
  author={Ang, Eugene PW and Shan, Lin and Kot, Alex C},
  booktitle={British Machine Vision Conference (BMVC)},
  year={2021}
}
@article{UDSX,
  title={A unified deep semantic expansion framework for domain-generalized person re-identification},
  author={Ang, Eugene PW and Lin, Shan and Kot, Alex C},
  journal={Neurocomputing},
  volume={600},
  pages={128120},
  year={2024},
  publisher={Elsevier}
}
@inproceedings{SC,
  title={Can contrastive learning avoid shortcut solutions?},
  author={Robinson, Joshua and Sun, Li and Yu, Ke and Batmanghelich, Kayhan and Jegelka, Stefanie and Sra, Suvrit},
  booktitle={Advances in Neural Information Processing Systems (NeurIPS)},
  volume={34},
  pages={4974--4986},
  year={2021}
}
@inproceedings{Imagen,
  title={Photorealistic text-to-image diffusion models with deep language understanding},
  author={Saharia, Chitwan and Chan, William and Saxena, Saurabh and Li, Lala and Whang, Jay and Denton, Emily L and Ghasemipour, Kamyar and Gontijo Lopes, Raphael and Karagol Ayan, Burcu and Salimans, Tim and others},
  booktitle={Advances in Neural Information Processing Systems (NeurIPS)},
  volume={35},
  pages={36479--36494},
  year={2022}
}
@inproceedings{StableDiffusion,
  title={High-resolution image synthesis with latent diffusion models},
  author={Rombach, Robin and Blattmann, Andreas and Lorenz, Dominik and Esser, Patrick and Ommer, Bj{\"o}rn},
  booktitle={IEEE/CVF Conference on Computer Vision and Pattern Recognition (CVPR)},
  pages={10684--10695},
  year={2022}
}
@inproceedings{DMSS,
title={Label-Efficient Semantic Segmentation with Diffusion Models},
author={Dmitry Baranchuk and Andrey Voynov and Ivan Rubachev and Valentin Khrulkov and Artem Babenko},
booktitle={International Conference on Learning Representations (ICLR)},
year={2022},
url={https://openreview.net/forum?id=SlxSY2UZQT}
}
@article{HybViT,
  title={Your vit is secretly a hybrid discriminative-generative diffusion model},
  author={Yang, Xiulong and Shih, Sheng-Min and Fu, Yinlin and Zhao, Xiaoting and Ji, Shihao},
  journal={arXiv preprint arXiv:2208.07791},
  year={2022}
}
@inproceedings{SODA,
  title={Soda: Bottleneck diffusion models for representation learning},
  author={Hudson, Drew A and Zoran, Daniel and Malinowski, Mateusz and Lampinen, Andrew K and Jaegle, Andrew and McClelland, James L and Matthey, Loic and Hill, Felix and Lerchner, Alexander},
  booktitle={IEEE/CVF Conference on Computer Vision and Pattern Recognition (CVPR)},
  pages={23115--23127},
  year={2024}
}
@article{jaini2023intriguing,
  title={Intriguing properties of generative classifiers},
  author={Jaini, Priyank and Clark, Kevin and Geirhos, Robert},
  journal={arXiv preprint arXiv:2309.16779},
  year={2023}
}
@article{DMRL,
  title={Diffusion models and representation learning: A survey},
  author={Fuest, Michael and Ma, Pingchuan and Gui, Ming and Fischer, Johannes S and Hu, Vincent Tao and Ommer, Bjorn},
  journal={arXiv preprint arXiv:2407.00783},
  year={2024}
}
@inproceedings{JDM,
  title={Learning data representations with joint diffusion models},
  author={Deja, Kamil and Trzci{\'n}ski, Tomasz and Tomczak, Jakub M},
  booktitle={Joint European Conference on Machine Learning and Knowledge Discovery in Databases},
  pages={543--559},
  year={2023},
  organization={Springer}
}
@article{DenoiseReID,
  title={DenoiseReID: Denoising Model for Representation Learning of Person Re-Identification},
  author={Xu, Zhengrui and Wang, Guan'an and Huang, Xiaowen and Sang, Jitao},
  journal={arXiv preprint arXiv:2406.08773},
  year={2024}
}
@article{DIVA,
  title={Diffusion feedback helps clip see better},
  author={Wang, Wenxuan and Sun, Quan and Zhang, Fan and Tang, Yepeng and Liu, Jing and Wang, Xinlong},
  journal={arXiv preprint arXiv:2407.20171},
  year={2024}
}
@article{hinton2015distilling,
  title={Distilling the Knowledge in a Neural Network},
  author={Hinton, Geoffrey},
  journal={arXiv preprint arXiv:1503.02531},
  year={2015}
}
@article{LoRA,
  title={Lora: Low-rank adaptation of large language models},
  author={Hu, Edward J and Shen, Yelong and Wallis, Phillip and Allen-Zhu, Zeyuan and Li, Yuanzhi and Wang, Shean and Wang, Lu and Chen, Weizhu},
  journal={arXiv preprint arXiv:2106.09685},
  year={2021}
}
@article{biderman2024lora,
    title={Lo{RA} Learns Less and Forgets Less},
    author={Dan Biderman and Jacob Portes and Jose Javier Gonzalez Ortiz and Mansheej Paul and Philip Greengard and Connor Jennings and Daniel King and Sam Havens and Vitaliy Chiley and Jonathan Frankle and Cody Blakeney and John Patrick Cunningham},
    journal={Transactions on Machine Learning Research},
    issn={2835-8856},
    year={2024},
}
@inproceedings{DDPM,
  title={Denoising diffusion probabilistic models},
  author={Ho, Jonathan and Jain, Ajay and Abbeel, Pieter},
  booktitle={Advances in Neural Information Processing Systems (NeurIPS)},
  volume={33},
  pages={6840--6851},
  year={2020}
}
@inproceedings{DDIM,
title={Denoising Diffusion Implicit Models},
author={Jiaming Song and Chenlin Meng and Stefano Ermon},
booktitle={International Conference on Learning Representations (ICLR)},
year={2021},
url={https://openreview.net/forum?id=St1giarCHLP}
}
@inproceedings{DiT,
  title={Scalable diffusion models with transformers},
  author={Peebles, William and Xie, Saining},
  booktitle={IEEE/CVF International Conference on Computer Vision (ICCV)},
  pages={4195--4205},
  year={2023}
}
@inproceedings{U-Net,
  title={U-net: Convolutional networks for biomedical image segmentation},
  author={Ronneberger, Olaf and Fischer, Philipp and Brox, Thomas},
  booktitle={Medical Image Computing and Computer Assisted Intervention (MICCAI)},
  pages={234--241},
  year={2015},
  organization={Springer}
}
@inproceedings{DDAE,
  title={Denoising diffusion autoencoders are unified self-supervised learners},
  author={Xiang, Weilai and Yang, Hongyu and Huang, Di and Wang, Yunhong},
  booktitle={IEEE/CVF International Conference on Computer Vision (ICCV)},
  pages={15802--15812},
  year={2023}
}
@inproceedings{CLIP,
  title={Learning transferable visual models from natural language supervision},
  author={Radford, Alec and Kim, Jong Wook and Hallacy, Chris and Ramesh, Aditya and Goh, Gabriel and Agarwal, Sandhini and Sastry, Girish and Askell, Amanda and Mishkin, Pamela and Clark, Jack and others},
  booktitle={International Conference on Machine Learning (ICML)},
  pages={8748--8763},
  year={2021},
  organization={PMLR}
}
@inproceedings{li2023your,
  title={Your diffusion model is secretly a zero-shot classifier},
  author={Li, Alexander C and Prabhudesai, Mihir and Duggal, Shivam and Brown, Ellis and Pathak, Deepak},
  booktitle={IEEE/CVF International Conference on Computer Vision (ICCV)},
  pages={2206--2217},
  year={2023}
}
@inproceedings{clark2024text,
  title={Text-to-image diffusion models are zero shot classifiers},
  author={Clark, Kevin and Jaini, Priyank},
  booktitle={Advances in Neural Information Processing Systems (NeurIPS)},
  volume={36},
  year={2024}
}
@article{VI-Diff,
  title={Vi-diff: Unpaired visible-infrared translation diffusion model for single modality labeled visible-infrared person re-identification},
  author={Huang, Han and Huang, Yan and Wang, Liang},
  journal={arXiv preprint arXiv:2310.04122},
  year={2023}
}
@inproceedings{DP,
  title={Diverse Person: Customize Your Own Dataset for Text-Based Person Search},
  author={Song, Zifan and Hu, Guosheng and Zhao, Cairong},
  booktitle={AAAI Conference on Artificial Intelligence (AAAI)},
  volume={38},
  number={5},
  pages={4943--4951},
  year={2024}
}
@inproceedings{PIDM,
  title={Person image synthesis via denoising diffusion model},
  author={Bhunia, Ankan Kumar and Khan, Salman and Cholakkal, Hisham and Anwer, Rao Muhammad and Laaksonen, Jorma and Shah, Mubarak and Khan, Fahad Shahbaz},
  booktitle={IEEE/CVF Conference on Computer Vision and Pattern Recognition (CVPR)},
  pages={5968--5976},
  year={2023}
}
@inproceedings{RaMoE,
  title={Generalizable person re-identification with relevance-aware mixture of experts},
  author={Dai, Yongxing and Li, Xiaotong and Liu, Jun and Tong, Zekun and Duan, Ling-Yu},
  booktitle={IEEE/CVF Conference on Computer Vision and Pattern Recognition (CVPR)},
  pages={16145--16154},
  year={2021}
}
@article{SALDG,
  title={Domain generalization person re-identification via style adaptation learning},
  author={Guo, Yingchun and Dou, Xinsheng and Zhu, Ye and Wang, Xinyao},
  journal={International Journal of Machine Learning and Cybernetics},
  pages={1--14},
  year={2024},
  publisher={Springer}
}
@inproceedings{ISR,
  title={Identity-seeking self-supervised representation learning for generalizable person re-identification},
  author={Dou, Zhaopeng and Wang, Zhongdao and Li, Yali and Wang, Shengjin},
  booktitle={IEEE/CVF International Conference on Computer Vision (ICCV)},
  pages={15847--15858},
  year={2023}
}
@article{MMET,
  title={Learning robust visual-semantic embedding for generalizable person re-identification},
  author={Xiang, Suncheng and Gao, Jingsheng and Guan, Mengyuan and Ruan, Jiacheng and Zhou, Chengfeng and Liu, Ting and Qian, Dahong and Fu, Yuzhuo},
  journal={arXiv preprint arXiv:2304.09498},
  year={2023}
}
@article{DMF,
  title={Deep multimodal fusion for generalizable person re-identification},
  author={Xiang, Suncheng and Chen, Hao and Ran, Wei and Yu, Zefang and Liu, Ting and Qian, Dahong and Fu, Yuzhuo},
  journal={arXiv preprint arXiv:2211.00933},
  year={2022}
}
@inproceedings{ClusterContrast,
  title={Cluster contrast for unsupervised person re-identification},
  author={Dai, Zuozhuo and Wang, Guangyuan and Yuan, Weihao and Zhu, Siyu and Tan, Ping},
  booktitle={Asian Conference on Computer Vision (ACCV)},
  pages={1142--1160},
  year={2022}
}
@inproceedings{phuong2019towards,
  title={Towards understanding knowledge distillation},
  author={Phuong, Mary and Lampert, Christoph},
  booktitle={International Conference on Machine Learning (ICML)},
  pages={5142--5151},
  year={2019},
  organization={PMLR}
}
@inproceedings{muller2019does,
  title={When does label smoothing help?},
  author={M{\"u}ller, Rafael and Kornblith, Simon and Hinton, Geoffrey E},
  booktitle={Advances in Neural Information Processing Systems (NeurIPS)},
  volume={32},
  year={2019}
}
@inproceedings{wang2021embracing,
  title={Embracing the dark knowledge: Domain generalization using regularized knowledge distillation},
  author={Wang, Yufei and Li, Haoliang and Chau, Lap-pui and Kot, Alex C},
  booktitle={29th ACM International Conference on Multimedia (ACM MM)},
  pages={2595--2604},
  year={2021}
}
@inproceedings{Market1501,
  title={Scalable person re-identification: A benchmark},
  author={Zheng, Liang and Shen, Liyue and Tian, Lu and Wang, Shengjin and Wang, Jingdong and Tian, Qi},
  booktitle={IEEE/CVF International Conference on Computer Vision (ICCV)},
  pages={1116--1124},
  year={2015}
}
@inproceedings{DukeMTMC-reID,
  title={Unlabeled samples generated by gan improve the person re-identification baseline in vitro},
  author={Zheng, Zhedong and Zheng, Liang and Yang, Yi},
  booktitle={IEEE/CVF International Conference on Computer Vision (ICCV)},
  pages={3754--3762},
  year={2017}
}
@inproceedings{MSMT17,
  title={Person transfer gan to bridge domain gap for person re-identification},
  author={Wei, Longhui and Zhang, Shiliang and Gao, Wen and Tian, Qi},
  booktitle={IEEE/CVF Conference on Computer Vision and Pattern Recognition (CVPR)},
  pages={79--88},
  year={2018}
}
@inproceedings{re-ranking,
  title={Re-ranking person re-identification with k-reciprocal encoding},
  author={Zhong, Zhun and Zheng, Liang and Cao, Donglin and Li, Shaozi},
  booktitle={IEEE/CVF Conference on Computer Vision and Pattern Recognition (CVPR)},
  pages={1318--1327},
  year={2017}
}
@inproceedings{pytorch,
  title={Pytorch: An imperative style, high-performance deep learning library},
  author={Paszke, Adam and Gross, Sam and Massa, Francisco and Lerer, Adam and Bradbury, James and Chanan, Gregory and Killeen, Trevor and Lin, Zeming and Gimelshein, Natalia and Antiga, Luca and others},
  booktitle={Advances in Neural Information Processing Systems (NeurIPS)},
  volume={32},
  year={2019}
}
@inproceedings{random_erasing,
  title={Random erasing data augmentation},
  author={Zhong, Zhun and Zheng, Liang and Kang, Guoliang and Li, Shaozi and Yang, Yi},
  booktitle={AAAI Conference on Artificial Intelligence (AAAI)},
  volume={34},
  number={07},
  pages={13001--13008},
  year={2020}
}
@article{Adam,
  title={Adam: A method for stochastic optimization},
  author={Kingma, Diederik P},
  journal={arXiv preprint arXiv:1412.6980},
  year={2014}
}
@article{PK-sampling,
  title={In defense of the triplet loss for person re-identification},
  author={Hermans, Alexander and Beyer, Lucas and Leibe, Bastian},
  journal={arXiv preprint arXiv:1703.07737},
  year={2017}
}
@inproceedings{TransMatcher,
  title={Transmatcher: Deep image matching through transformers for generalizable person re-identification},
  author={Liao, Shengcai and Shao, Ling},
  booktitle={Advances in Neural Information Processing Systems (NeurIPS)},
  volume={34},
  pages={1992--2003},
  year={2021}
}
@inproceedings{PCB,
  title={Beyond part models: Person retrieval with refined part pooling (and a strong convolutional baseline)},
  author={Sun, Yifan and Zheng, Liang and Yang, Yi and Tian, Qi and Wang, Shengjin},
  booktitle={European Conference on Computer Vision (ECCV)},
  pages={480--496},
  year={2018}
}
@inproceedings{MGN,
  title={Learning discriminative features with multiple granularities for person re-identification},
  author={Wang, Guanshuo and Yuan, Yufeng and Chen, Xiong and Li, Jiwei and Zhou, Xi},
  booktitle={26th ACM International Conference on Multimedia (ACM MM)},
  pages={274--282},
  year={2018}
}
@inproceedings{OSNet,
  title={Omni-scale feature learning for person re-identification},
  author={Zhou, Kaiyang and Yang, Yongxin and Cavallaro, Andrea and Xiang, Tao},
  booktitle={IEEE/CVF International Conference on Computer Vision (ICCV)},
  pages={3702--3712},
  year={2019}
}
@inproceedings{QAConv,
  title={Interpretable and generalizable person re-identification with query-adaptive convolution and temporal lifting},
  author={Liao, Shengcai and Shao, Ling},
  booktitle={European Conference on Computer Vision (ECCV)},
  pages={456--474},
  year={2020},
  organization={Springer}
}
@inproceedings{QAConv-GS,
  title={Graph sampling based deep metric learning for generalizable person re-identification},
  author={Liao, Shengcai and Shao, Ling},
  booktitle={IEEE/CVF Conference on Computer Vision and Pattern Recognition (CVPR)},
  pages={7359--7368},
  year={2022}
}
@inproceedings{li2023style,
  title={Style-controllable generalized person re-identification},
  author={Li, Yuke and Song, Jingkuan and Ni, Hao and Shen, Heng Tao},
  booktitle={31st ACM International Conference on Multimedia (ACM MM)},
  pages={7912--7921},
  year={2023}
}
@inproceedings{PAT,
  title={Part-aware transformer for generalizable person re-identification},
  author={Ni, Hao and Li, Yuke and Gao, Lianli and Shen, Heng Tao and Song, Jingkuan},
  booktitle={IEEE/CVF International Conference on Computer Vision (ICCV)},
  pages={11280--11289},
  year={2023}
}
@article{MTI,
  title={Multiple integration model for single-source domain generalizable person re-identification},
  author={Sun, Jia and Li, Yanfeng and Chen, Luyifu and Chen, Houjin and Peng, Wanru},
  journal={Journal of Visual Communication and Image Representation},
  volume={98},
  pages={104037},
  year={2024},
  publisher={Elsevier}
}
@article{SiLU,
  title={Sigmoid-weighted linear units for neural network function approximation in reinforcement learning},
  author={Elfwing, Stefan and Uchibe, Eiji and Doya, Kenji},
  journal={Neural Networks},
  volume={107},
  pages={3--11},
  year={2018},
  publisher={Elsevier}
}

@InProceedings{BatchNorm,
  title = 	 {Batch Normalization: Accelerating Deep Network Training by Reducing Internal Covariate Shift},
  author = 	 {Ioffe, Sergey and Szegedy, Christian},
  booktitle = 	 {International Conference on Machine Learning (ICML)},
  pages = 	 {448--456},
  year = 	 {2015},
  volume = 	 {37},
  publisher =    {PMLR},
}
@inproceedings{GradCAM,
  title={Grad-cam: Visual explanations from deep networks via gradient-based localization},
  author={Selvaraju, Ramprasaath R and Cogswell, Michael and Das, Abhishek and Vedantam, Ramakrishna and Parikh, Devi and Batra, Dhruv},
  booktitle={IEEE/CVF International Conference on Computer Vision (ICCV)},
  pages={618--626},
  year={2017}
}
@article{DWNet,
  title={Dynamic Weighting Network for Person Re-Identification},
  author={Li, Guang and Liu, Peng and Cao, Xiaofan and Liu, Chunguang},
  journal={Sensors},
  volume={23},
  number={12},
  pages={5579},
  year={2023},
  publisher={MDPI}
}
@article{LRGCN,
  title={Person re-identification using local relation-aware graph convolutional network},
  author={Lian, Yu and Huang, Wenmin and Liu, Shuang and Guo, Peng and Zhang, Zhong and Durrani, Tariq S},
  journal={Sensors},
  volume={23},
  number={19},
  pages={8138},
  year={2023},
  publisher={MDPI}
}
@article{MGNACP,
  title={Research on Person Re-Identification through Local and Global Attention Mechanisms and Combination Poolings},
  author={Zhou, Jieqian and Zhao, Shuai and Li, Shengjie and Cheng, Bo and Chen, Junliang},
  journal={Sensors},
  volume={24},
  number={17},
  pages={5638},
  year={2024},
  publisher={MDPI}
}
@article{asperti2024generative,
  title={A generative approach to person reidentification},
  author={Asperti, Andrea and Fiorilla, Salvatore and Orsini, Lorenzo},
  journal={Sensors},
  volume={24},
  number={4},
  pages={1240},
  year={2024},
  publisher={MDPI}
}
@article{syed2023lightweight,
  title={Lightweight Multimodal Domain Generic Person Reidentification Metric for Person-Following Robots},
  author={Syed, Muhammad Adnan and Ou, Yongsheng and Li, Tao and Jiang, Guolai},
  journal={Sensors},
  volume={23},
  number={2},
  pages={813},
  year={2023},
  publisher={MDPI}
}
@article{PISL,
  author={Tao, Xuefeng and Kong, Jun and Jiang, Min and Lu, Ming and Mian, Ajmal},
  journal={IEEE Transactions on Image Processing}, 
  title={Unsupervised Learning of Intrinsic Semantics With Diffusion Model for Person Re-Identification}, 
  year={2024},
  volume={33},
  pages={6705-6719},
  doi={10.1109/TIP.2024.3514360}
}
@article{MVI2P,
	title={Multi-view information integration and propagation for occluded person re-identification},
	author={Dong, Neng and Yan, Shuanglin and Tang, Hao and Tang, Jinhui and Zhang, Liyan},
	journal={Information Fusion},
	volume={104},
	pages={102201},
	year={2024},
	publisher={Elsevier}
}
@article{PSDiff,
	title={PSDiff: Diffusion Model for Person Search with Iterative and Collaborative Refinement},
	author={Jia, Chengyou and Luo, Minnan and Dang, Zhuohang and Dai, Guang and Chang, Xiaojun and Wang, Jingdong},
	journal={IEEE Transactions on Circuits and Systems for Video Technology},
	year={2024},
	publisher={IEEE},
	doi={10.1109/TCSVT.2024.3524733}
}
