@misc{bayat2025factbench,
      title={FactBench: A Dynamic Benchmark for In-the-Wild Language Model Factuality Evaluation}, 
      author={Farima Fatahi Bayat and Lechen Zhang and Sheza Munir and Lu Wang},
      year={2025},
      eprint={2410.22257},
      archivePrefix={arXiv},
      primaryClass={cs.CL},
      url={https://arxiv.org/abs/2410.22257}, 
}

@misc{cheng2023evaluating,
      title={Evaluating Hallucinations in Chinese Large Language Models}, 
      author={Qinyuan Cheng and Tianxiang Sun and Wenwei Zhang and Siyin Wang and Xiangyang Liu and Mozhi Zhang and Junliang He and Mianqiu Huang and Zhangyue Yin and Kai Chen and Xipeng Qiu},
      year={2023},
      eprint={2310.03368},
      archivePrefix={arXiv},
      primaryClass={cs.CL}
}

@article{dohan2022language,
  author       = {David Dohan and
                  Winnie Xu and
                  Aitor Lewkowycz and
                  Jacob Austin and
                  David Bieber and
                  Raphael Gontijo Lopes and
                  Yuhuai Wu and
                  Henryk Michalewski and
                  Rif A. Saurous and
                  Jascha Sohl{-}Dickstein and
                  Kevin Murphy and
                  Charles Sutton},
  title        = {Language Model Cascades},
  journal      = {CoRR},
  volume       = {abs/2207.10342},
  year         = {2022},
  url          = {https://doi.org/10.48550/arXiv.2207.10342},
  doi          = {10.48550/ARXIV.2207.10342},
  eprinttype    = {arXiv},
  eprint       = {2207.10342},
  timestamp    = {Mon, 25 Jul 2022 14:56:58 +0200},
  biburl       = {https://dblp.org/rec/journals/corr/abs-2207-10342.bib},
  bibsource    = {dblp computer science bibliography, https://dblp.org}
}

@inproceedings{factscore2023emnlp,
    title = "{FA}ct{S}core: Fine-grained Atomic Evaluation of Factual Precision in Long Form Text Generation",
    author = "Min, Sewon  and
      Krishna, Kalpesh  and
      Lyu, Xinxi  and
      Lewis, Mike  and
      Yih, Wen-tau  and
      Koh, Pang  and
      Iyyer, Mohit  and
      Zettlemoyer, Luke  and
      Hajishirzi, Hannaneh",
    booktitle = "Proceedings of the 2023 Conference on Empirical Methods in Natural Language Processing",
    year = "2023",
    pages = "12076--12100",
}

@misc{hou2024wiki,
      title={WikiContradict: A Benchmark for Evaluating LLMs on Real-World Knowledge Conflicts from Wikipedia}, 
      author={Yufang Hou and Alessandra Pascale and Javier Carnerero-Cano and Tigran Tchrakian and Radu Marinescu and Elizabeth Daly and Inkit Padhi and Prasanna Sattigeri},
      year={2024},
      eprint={2406.13805},
      archivePrefix={arXiv},
      primaryClass={cs.CL},
      url={https://arxiv.org/abs/2406.13805}, 
}

@misc{lewis2021retrievalaugmented,
      title={Retrieval-Augmented Generation for Knowledge-Intensive NLP Tasks}, 
      author={Patrick Lewis and Ethan Perez and Aleksandra Piktus and Fabio Petroni and Vladimir Karpukhin and Naman Goyal and Heinrich Küttler and Mike Lewis and Wen-tau Yih and Tim Rocktäschel and Sebastian Riedel and Douwe Kiela},
      year={2021},
      eprint={2005.11401},
      archivePrefix={arXiv},
      primaryClass={cs.CL}
}

@inproceedings{li2023halueval,
  title={Halueval: A large-scale hallucination evaluation benchmark for large language models},
  author={Li, Junyi and Cheng, Xiaoxue and Zhao, Wayne Xin and Nie, Jian-Yun and Wen, Ji-Rong},
  booktitle={Proceedings of the 2023 Conference on Empirical Methods in Natural Language Processing},
  pages={6449--6464},
  year={2023}
}

@inproceedings{lin2022truthfulqa,
  title={TruthfulQA: Measuring How Models Mimic Human Falsehoods},
  author={Lin, Stephanie and Hilton, Jacob and Evans, Owain},
  booktitle={Proceedings of the 60th Annual Meeting of the Association for Computational Linguistics (Volume 1: Long Papers)},
  pages={3214--3252},
  year={2022},
  url = "https://aclanthology.org/2022.acl-long.229.pdf",
}

@article{marjanovic2024dynamicqa,
  title={DYNAMICQA: Tracing Internal Knowledge Conflicts in Language Models},
  author={Marjanovi{\'c}, Sara Vera and Yu, Haeun and Atanasova, Pepa and Maistro, Maria and Lioma, Christina and Augenstein, Isabelle},
  journal={arXiv preprint arXiv:2407.17023},
  year={2024}
}

@inproceedings{mitchell2022concord,
    title = "Enhancing Self-Consistency and Performance of Pre-Trained Language Models through Natural Language Inference",
    author = "Mitchell, Eric  and
      Noh, Joseph  and
      Li, Siyan  and
      Armstrong, Will  and
      Agarwal, Ananth  and
      Liu, Patrick  and
      Finn, Chelsea  and
      Manning, Christopher",
    editor = "Goldberg, Yoav  and
      Kozareva, Zornitsa  and
      Zhang, Yue",
    booktitle = "Proceedings of the 2022 Conference on Empirical Methods in Natural Language Processing",
    month = dec,
    year = "2022",
    address = "Abu Dhabi, United Arab Emirates",
    publisher = "Association for Computational Linguistics",
    url = "https://aclanthology.org/2022.emnlp-main.115/",
    doi = "10.18653/v1/2022.emnlp-main.115",
    pages = "1754--1768",
}

@article{pham2024s,
  title={Who's Who: Large Language Models Meet Knowledge Conflicts in Practice},
  author={Pham, Quang Hieu and Ngo, Hoang and Luu, Anh Tuan and Nguyen, Dat Quoc},
  journal={arXiv preprint arXiv:2410.15737},
  year={2024}
}

@inproceedings{song2024veriscore,
    title = "{V}eri{S}core: Evaluating the factuality of verifiable claims in long-form text generation",
    author = "Song, Yixiao  and
      Kim, Yekyung  and
      Iyyer, Mohit",
    editor = "Al-Onaizan, Yaser  and
      Bansal, Mohit  and
      Chen, Yun-Nung",
    booktitle = "Findings of the Association for Computational Linguistics: EMNLP 2024",
    month = nov,
    year = "2024",
    address = "Miami, Florida, USA",
    publisher = "Association for Computational Linguistics",
    url = "https://aclanthology.org/2024.findings-emnlp.552/",
    doi = "10.18653/v1/2024.findings-emnlp.552",
    pages = "9447--9474",
}

@article{su2024conflictbank,
  title={Conflictbank: A benchmark for evaluating the influence of knowledge conflicts in llm},
  author={Su, Zhaochen and Zhang, Jun and Qu, Xiaoye and Zhu, Tong and Li, Yanshu and Sun, Jiashuo and Li, Juntao and Zhang, Min and Cheng, Yu},
  journal={arXiv preprint arXiv:2408.12076},
  year={2024}
}

@misc{vu2023freshllms,
      title={FreshLLMs: Refreshing Large Language Models with Search Engine Augmentation}, 
      author={Tu Vu and Mohit Iyyer and Xuezhi Wang and Noah Constant and Jerry Wei and Jason Wei and Chris Tar and Yun-Hsuan Sung and Denny Zhou and Quoc Le and Thang Luong},
      year={2023},
      eprint={2310.03214},
      archivePrefix={arXiv},
      primaryClass={cs.CL}
}

@inproceedings{wang2023selfconsistency,
  author       = {Xuezhi Wang and
                  Jason Wei and
                  Dale Schuurmans and
                  Quoc V. Le and
                  Ed H. Chi and
                  Sharan Narang and
                  Aakanksha Chowdhery and
                  Denny Zhou},
  title        = {Self-Consistency Improves Chain of Thought Reasoning in Language Models},
  booktitle    = {The Eleventh International Conference on Learning Representations,
                  {ICLR} 2023, Kigali, Rwanda, May 1-5, 2023},
  publisher    = {OpenReview.net},
  year         = {2023},
  url          = {https://openreview.net/forum?id=1PL1NIMMrw},
  timestamp    = {Wed, 24 Jul 2024 16:50:33 +0200},
  biburl       = {https://dblp.org/rec/conf/iclr/0002WSLCNCZ23.bib},
  bibsource    = {dblp computer science bibliography, https://dblp.org}
}

@inproceedings{wei2024longform,
    title={Long-form factuality in large language models},
    author={Jerry Wei and Chengrun Yang and Xinying Song and Yifeng Lu and Nathan Zixia Hu and Jie Huang and Dustin Tran and Daiyi Peng and Ruibo Liu and Da Huang and Cosmo Du and Quoc V Le},
    booktitle={The Thirty-eighth Annual Conference on Neural Information Processing Systems},
    year={2024},
    url={https://openreview.net/forum?id=4M9f8VMt2C}
    }

@misc{xu2024knowledge,
      title={Knowledge Conflicts for LLMs: A Survey}, 
      author={Rongwu Xu and Zehan Qi and Cunxiang Wang and Hongru Wang and Yue Zhang and Wei Xu},
      year={2024},
      eprint={2403.08319},
      archivePrefix={arXiv},
      primaryClass={cs.CL}
}

