@inproceedings{abati2019latent,
  title={Latent space autoregression for novelty detection},
  author={Abati, Davide and Porrello, Angelo and Calderara, Simone and Cucchiara, Rita},
  booktitle={Proceedings of the IEEE/CVF Conference on Computer Vision and Pattern Recognition},
  pages={481--490},
  year={2019}
}

@article{an2015variational,
  title={Variational autoencoder based anomaly detection using reconstruction probability},
  author={An, Jinwon and Cho, Sungzoon},
  journal={Special Lecture on IE},
  volume={2},
  number={1},
  pages={1--18},
  year={2015}
}

@article{andrews2016detecting,
  title={Detecting anomalous data using auto-encoders},
  author={Andrews, Jerone TA and Morton, Edward J and Griffin, Lewis D},
  journal={International Journal of Machine Learning and Computing},
  volume={6},
  number={1},
  pages={21},
  year={2016},
  publisher={IACSIT Press}
}

@article{bishop1994novelty,
  title={Novelty detection and neural network validation},
  author={Bishop, Christopher M},
  journal={IEE Proceedings-Vision, Image and Signal Processing},
  volume={141},
  number={4},
  pages={217--222},
  year={1994},
  publisher={IET}
}

@article{choi2018waic,
  title={Waic, but why? generative ensembles for robust anomaly detection},
  author={Choi, Hyunsun and Jang, Eric and Alemi, Alexander A},
  journal={arXiv preprint arXiv:1810.01392},
  year={2018}
}

@article{devroye1985nonparametric,
  title={Nonparametric density estimation},
  author={Devroye, Luc},
  journal={The L\_1 View},
  year={1985},
  publisher={John Wiley}
}

@article{di2019survey,
  title={A survey on gans for anomaly detection},
  author={Di Mattia, Federico and Galeone, Paolo and De Simoni, Michele and Ghelfi, Emanuele},
  journal={arXiv preprint arXiv:1906.11632},
  year={2019}
}

@book{fruhwirth2006finite,
  title={Finite mixture and Markov switching models},
  author={Fr{\"u}hwirth-Schnatter, Sylvia},
  year={2006},
  publisher={Springer}
}

@article{goodfellow2014generative,
  title={Generative adversarial nets},
  author={Goodfellow, Ian and Pouget-Abadie, Jean and Mirza, Mehdi and Xu, Bing and Warde-Farley, David and Ozair, Sherjil and Courville, Aaron and Bengio, Yoshua},
  journal={Advances in Neural Information Processing Systems},
  volume={27},
  year={2014}
}

@book{jain1988algorithms,
  title={Algorithms for clustering data},
  author={Jain, Anil K and Dubes, Richard C},
  year={1988},
  publisher={Prentice-Hall, Inc.}
}

@article{kim2012robust,
  title={Robust kernel density estimation},
  author={Kim, JooSeuk and Scott, Clayton D},
  journal={The Journal of Machine Learning Research},
  volume={13},
  number={1},
  pages={2529--2565},
  year={2012},
  publisher={JMLR. org}
}

@article{kingma2018glow,
  title={Glow: Generative flow with invertible 1x1 convolutions},
  author={Kingma, Durk P and Dhariwal, Prafulla},
  journal={Advances in Neural Information Processing Systems},
  volume={31},
  year={2018}
}

@article{metz2016unrolled,
  title={Unrolled generative adversarial networks},
  author={Metz, Luke and Poole, Ben and Pfau, David and Sohl-Dickstein, Jascha},
  journal={arXiv preprint arXiv:1611.02163},
  year={2016}
}

@article{nalisnick2018deep,
  title={Do deep generative models know what they don't know?},
  author={Nalisnick, Eric and Matsukawa, Akihiro and Teh, Yee Whye and Gorur, Dilan and Lakshminarayanan, Balaji},
  journal={arXiv preprint arXiv:1810.09136},
  year={2018}
}

@article{parzen1962estimation,
  title={On estimation of a probability density function and mode},
  author={Parzen, Emanuel},
  journal={The Annals of Mathematical Statistics},
  volume={33},
  number={3},
  pages={1065--1076},
  year={1962},
  publisher={JSTOR}
}

@article{ren2019likelihood,
  title={Likelihood ratios for out-of-distribution detection},
  author={Ren, Jie and Liu, Peter J and Fertig, Emily and Snoek, Jasper and Poplin, Ryan and Depristo, Mark and Dillon, Joshua and Lakshminarayanan, Balaji},
  journal={Advances in Neural Information Processing Systems},
  volume={32},
  year={2019}
}

@article{ruff2021unifying,
  title={A unifying review of deep and shallow anomaly detection},
  author={Ruff, Lukas and Kauffmann, Jacob R and Vandermeulen, Robert A and Montavon, Gr{\'e}goire and Samek, Wojciech and Kloft, Marius and Dietterich, Thomas G and M{\"u}ller, Klaus-Robert},
  journal={Proceedings of the IEEE},
  volume={109},
  number={5},
  pages={756--795},
  year={2021},
  publisher={IEEE}
}

@article{sabokrou2018deep,
  title={Deep-anomaly: Fully convolutional neural network for fast anomaly detection in crowded scenes},
  author={Sabokrou, Mohammad and Fayyaz, Mohsen and Fathy, Mahmood and Moayed, Zahra and Klette, Reinhard},
  journal={Computer Vision and Image Understanding},
  volume={172},
  pages={88--97},
  year={2018},
  publisher={Elsevier}
}

@article{salimans2017pixelcnn++,
  title={Pixelcnn++: Improving the pixelcnn with discretized logistic mixture likelihood and other modifications},
  author={Salimans, Tim and Karpathy, Andrej and Chen, Xi and Kingma, Diederik P},
  journal={arXiv preprint arXiv:1701.05517},
  year={2017}
}

@inproceedings{schlegl2017unsupervised,
  title={Unsupervised anomaly detection with generative adversarial networks to guide marker discovery},
  author={Schlegl, Thomas and Seeb{\"o}ck, Philipp and Waldstein, Sebastian M and Schmidt-Erfurth, Ursula and Langs, Georg},
  booktitle={International Conference on Information Processing in Medical Imaging},
  pages={146--157},
  year={2017},
  organization={Springer}
}

@inproceedings{vandermeulen2013consistency,
  title={Consistency of robust kernel density estimators},
  author={Vandermeulen, Robert and Scott, Clayton},
  booktitle={Conference on Learning Theory},
  pages={568--591},
  year={2013},
  organization={PMLR}
}

@article{xu2015learning,
  title={Learning deep representations of appearance and motion for anomalous event detection},
  author={Xu, Dan and Ricci, Elisa and Yan, Yan and Song, Jingkuan and Sebe, Nicu},
  journal={arXiv preprint arXiv:1510.01553},
  year={2015}
}

@inproceedings{xu2018unsupervised,
  title={Unsupervised anomaly detection via variational auto-encoder for seasonal kpis in web applications},
  author={Xu, Haowen and Chen, Wenxiao and Zhao, Nengwen and Li, Zeyan and Bu, Jiahao and Li, Zhihan and Liu, Ying and Zhao, Youjian and Pei, Dan and Feng, Yang and others},
  booktitle={Proceedings of the 2018 World Wide Web Conference},
  pages={187--196},
  year={2018}
}

@article{yoon2024energy,
  title={Energy-based models for anomaly detection: A manifold diffusion recovery approach},
  author={Yoon, Sangwoong and Jin, Young-Uk and Noh, Yung-Kyun and Park, Frank},
  journal={Advances in Neural Information Processing Systems},
  volume={36},
  year={2024}
}

@article{zenati2018efficient,
  title={Efficient gan-based anomaly detection},
  author={Zenati, Houssam and Foo, Chuan Sheng and Lecouat, Bruno and Manek, Gaurav and Chandrasekhar, Vijay Ramaseshan},
  journal={arXiv preprint arXiv:1802.06222},
  year={2018}
}

@inproceedings{zhai2016deep,
  title={Deep structured energy based models for anomaly detection},
  author={Zhai, Shuangfei and Cheng, Yu and Lu, Weining and Zhang, Zhongfei},
  booktitle={International Conference on Machine Learning},
  pages={1100--1109},
  year={2016},
  organization={PMLR}
}

@inproceedings{zong2018deep,
  title={Deep autoencoding gaussian mixture model for unsupervised anomaly detection},
  author={Zong, Bo and Song, Qi and Min, Martin Renqiang and Cheng, Wei and Lumezanu, Cristian and Cho, Daeki and Chen, Haifeng},
  booktitle={International Conference on Learning Representations},
  year={2018}
}

