%%%%%%%%%%%%%%%%%%%%%%%%%%%%%%%%%%%%%%%%%%%%%%%%%%%%%%%%%%%%%%%%%%%%%%%%%%%%%%%%%%%%%%%%%%%%%
%%%%%%%%%%%%%%%%%%%%%%%%%%%%%%%%%%%%%%%%%%%%%%%%%%%%%%%%%%%%%%%%%%%%%%%%%%%%%%%%%%%%%%%%%%%%%
%%%%%%%%%%%%%%%%%%%%%%%%%%%%%%%%%%%%%%%%%%%%%%%%%%%%%%%%%%%%%%%%%%%%%%%%%%%%%%%%%%%%%%%%%%%%%
@inproceedings{chen2020simple,
  title={A simple framework for contrastive learning of visual representations},
  author={Chen, Ting and Kornblith, Simon and Norouzi, Mohammad and Hinton, Geoffrey},
  booktitle={International Conference on Machine Learning},
  pages={1597--1607},
  year={2020},
  organization={PMLR}
}

@inproceedings{langley00,
 author    = {P. Langley},
 title     = {Crafting Papers on Machine Learning},
 year      = {2000},
 pages     = {1207--1216},
 editor    = {Pat Langley},
 booktitle     = {Proceedings of the 17th International Conference
              on Machine Learning (ICML 2000)},
 address   = {Stanford, CA},
 publisher = {Morgan Kaufmann}
}

@TechReport{mitchell80,
  author = 	 "T. M. Mitchell",
  title = 	 "The Need for Biases in Learning Generalizations",
  institution =  "Computer Science Department, Rutgers University",
  year = 	 "1980",
  address =	 "New Brunswick, MA",
}

@phdthesis{kearns89,
  author = {M. J. Kearns},
  title =  {Computational Complexity of Machine Learning},
  school = {Department of Computer Science, Harvard University},
  year =   {1989}
}

@Book{MachineLearningI,
  editor = 	 "R. S. Michalski and J. G. Carbonell and T.
		  M. Mitchell",
  title = 	 "Machine Learning: An Artificial Intelligence
		  Approach, Vol. I",
  publisher = 	 "Tioga",
  year = 	 "1983",
  address =	 "Palo Alto, CA"
}

@Book{DudaHart2nd,
  author =       "R. O. Duda and P. E. Hart and D. G. Stork",
  title =        "Pattern Classification",
  publisher =    "John Wiley and Sons",
  edition =      "2nd",
  year =         "2000"
}

@misc{anonymous,
  title= {Suppressed for Anonymity},
  author= {Author, N. N.},
  year= {2021}
}

@InCollection{Newell81,
  author =       "A. Newell and P. S. Rosenbloom",
  title =        "Mechanisms of Skill Acquisition and the Law of
                  Practice", 
  booktitle =    "Cognitive Skills and Their Acquisition",
  pages =        "1--51",
  publisher =    "Lawrence Erlbaum Associates, Inc.",
  year =         "1981",
  editor =       "J. R. Anderson",
  chapter =      "1",
  address =      "Hillsdale, NJ"
}


@Article{Samuel59,
  author = 	 "A. L. Samuel",
  title = 	 "Some Studies in Machine Learning Using the Game of
		  Checkers",
  journal =	 "IBM Journal of Research and Development",
  year =	 "1959",
  volume =	 "3",
  number =	 "3",
  pages =	 "211--229"
}

%%%%%%%%%%%%%%%%%%%%%%%%%%%%%%%%%%%%%%%%%%%%%%%%%%%%%%%%%%%%%%%%%%%%%%%%%%%%
%%%%%%%%%%%%%%%%%%%%%%%%%%%%%%%%%%%%%%%%%%%%%%%%%%%%%%%%%%%%%%%%%%%%%%%%%%%%%
%%%%%%%%%%%%%%%%%%%%%%%%%%%%%%%%%%%%%%%%%%%%%%%%%%%%%%%%%%%%%%%%%%%%%%%%%%%%%
%%%%%%%%%%%%%%%%%%%%%%%%%%%%%%%%%%%%%%%%%%%%%%%%%%%%%%%%%%%%%%%%%%%%%%%%%%%%%




@article{chandola2009anomaly,
  title={Anomaly detection: A survey},
  author={Chandola, Varun and Banerjee, Arindam and Kumar, Vipin},
  journal={ACM Computing Surveys (CSUR)},
  volume={41},
  number={3},
  pages={1--58},
  year={2009},
  publisher={ACM New York, NY, USA}
}


@inproceedings{zong2018deep,
  title={Deep autoencoding gaussian mixture model for unsupervised anomaly detection},
  author={Zong, Bo and Song, Qi and Min, Martin Renqiang and Cheng, Wei and Lumezanu, Cristian and Cho, Daeki and Chen, Haifeng},
  booktitle={International Conference on Learning Representations},
  year={2018}
}

@article{xin2018machine,
  title={Machine learning and deep learning methods for cybersecurity},
  author={Xin, Yang and Kong, Lingshuang and Liu, Zhi and Chen, Yuling and Li, Yanmiao and Zhu, Hongliang and Gao, Mingcheng and Hou, Haixia and Wang, Chunhua},
  journal={IEEE Access},
  volume={6},
  pages={35365--35381},
  year={2018},
  publisher={IEEE}
}

@article{malaiya2019empirical,
  title={An empirical evaluation of deep learning for network anomaly detection},
  author={Malaiya, Ritesh K and Kwon, Donghwoon and Suh, Sang C and Kim, Hyunjoo and Kim, Ikkyun and Kim, Jinoh},
  journal={IEEE Access},
  volume={7},
  pages={140806--140817},
  year={2019},
  publisher={IEEE}
}

@inproceedings{gugulothu2018sparse,
  title={Sparse neural networks for anomaly detection in high-dimensional time series},
  author={Gugulothu, Narendhar and Malhotra, Pankaj and Vig, Lovekesh and Shroff, Gautam},
  booktitle={AI4IOT Workshop in Conjunction with ICML, IJCAI and ECAI},
  pages={1551--3203},
  year={2018}
}

@article{naud2020manifolds,
  title={Manifolds for unsupervised visual anomaly detection},
  author={Naud, Louise and Lavin, Alexander},
  journal={arXiv preprint arXiv:2006.11364},
  year={2020}
}

@article{shvetsova2021anomaly,
  title={Anomaly detection in medical imaging with deep perceptual autoencoders},
  author={Shvetsova, Nina and Bakker, Bart and Fedulova, Irina and Schulz, Heinrich and Dylov, Dmitry V},
  journal={IEEE Access},
  volume={9},
  pages={118571--118583},
  year={2021},
  publisher={IEEE}
}

@article{atha2018evaluation,
  title={Evaluation of deep learning approaches based on convolutional neural networks for corrosion detection},
  author={Atha, Deegan J and Jahanshahi, Mohammad R},
  journal={Structural Health Monitoring},
  volume={17},
  number={5},
  pages={1110--1128},
  year={2018},
  publisher={SAGE Publications Sage UK: London, England}
}

@inproceedings{borghesi2019anomaly,
  title={Anomaly detection using autoencoders in high performance computing systems},
  author={Borghesi, Andrea and Bartolini, Andrea and Lombardi, Michele and Milano, Michela and Benini, Luca},
  booktitle={Proceedings of the AAAI Conference on Artificial Intelligence},
  volume={33},
  number={01},
  pages={9428--9433},
  year={2019}
}

@inproceedings{sipple2020interpretable,
  title={Interpretable, multidimensional, multimodal anomaly detection with negative sampling for detection of device failure},
  author={Sipple, John},
  booktitle={International Conference on Machine Learning},
  pages={9016--9025},
  year={2020},
  organization={PMLR}
}

@article{goodfellow2014generative,
  title={Generative adversarial nets},
  author={Goodfellow, Ian and Pouget-Abadie, Jean and Mirza, Mehdi and Xu, Bing and Warde-Farley, David and Ozair, Sherjil and Courville, Aaron and Bengio, Yoshua},
  journal={Advances in Neural Information Processing Systems},
  volume={27},
  year={2014}
}

@article{gupta2019incorporate,
  title={How to incorporate monotonicity in deep networks while preserving flexibility?},
  author={Gupta, Akhil and Shukla, Naman and Marla, Lavanya and Kolbeinsson, Arinbj{\"o}rn and Yellepeddi, Kartik},
  journal={arXiv preprint arXiv:1909.10662},
  year={2019}
}

@article{kingma2019introduction,
  title={An introduction to variational autoencoders},
  author={Kingma, Diederik P and Welling, Max and others},
  journal={Foundations and Trends{\textregistered} in Machine Learning},
  volume={12},
  number={4},
  pages={307--392},
  year={2019},
  publisher={Now Publishers, Inc.}
}

@article{chalapathy2019deep,
  title={Deep learning for anomaly detection: A survey},
  author={Chalapathy, Raghavendra and Chawla, Sanjay},
  journal={arXiv preprint arXiv:1901.03407},
  year={2019}
}

@article{ruff2021unifying,
  title={A unifying review of deep and shallow anomaly detection},
  author={Ruff, Lukas and Kauffmann, Jacob R and Vandermeulen, Robert A and Montavon, Gr{\'e}goire and Samek, Wojciech and Kloft, Marius and Dietterich, Thomas G and M{\"u}ller, Klaus-Robert},
  journal={Proceedings of the IEEE},
  volume={109},
  number={5},
  pages={756--795},
  year={2021},
  publisher={IEEE}
}

@article{huang2006network,
  title={In-network PCA and anomaly detection},
  author={Huang, Ling and Nguyen, XuanLong and Garofalakis, Minos and Jordan, Michael and Joseph, Anthony and Taft, Nina},
  journal={Advances in Neural Information Processing Systems},
  volume={19},
  year={2006}
}

@article{scholkopf1999support,
  title={Support vector method for novelty detection},
  author={Sch{\"o}lkopf, Bernhard and Williamson, Robert C and Smola, Alex and Shawe-Taylor, John and Platt, John},
  journal={Advances in Neural Information Processing Systems},
  volume={12},
  year={1999}
}

@article{parzen1962estimation,
  title={On estimation of a probability density function and mode},
  author={Parzen, Emanuel},
  journal={The Annals of Mathematical Statistics},
  volume={33},
  number={3},
  pages={1065--1076},
  year={1962},
  publisher={JSTOR}
}

@inproceedings{liu2008isolation,
  title={Isolation forest},
  author={Liu, Fei Tony and Ting, Kai Ming and Zhou, Zhi-Hua},
  booktitle={2008 Eighth Ieee International Conference on Data Mining},
  pages={413--422},
  year={2008},
  organization={IEEE}
}

@article{faust2018visualizing,
  title={Visualizing histopathologic deep learning classification and anomaly detection using nonlinear feature space dimensionality reduction},
  author={Faust, Kevin and Xie, Quin and Han, Dominick and Goyle, Kartikay and Volynskaya, Zoya and Djuric, Ugljesa and Diamandis, Phedias},
  journal={BMC Bioinformatics},
  volume={19},
  pages={1--15},
  year={2018},
  publisher={Springer}
}

@inproceedings{ruff2018deep,
  title={Deep one-class classification},
  author={Ruff, Lukas and Vandermeulen, Robert and Goernitz, Nico and Deecke, Lucas and Siddiqui, Shoaib Ahmed and Binder, Alexander and M{\"u}ller, Emmanuel and Kloft, Marius},
  booktitle={International Conference on Machine Learning},
  pages={4393--4402},
  year={2018},
  organization={PMLR}
}

@inproceedings{schlegl2017unsupervised,
  title={Unsupervised anomaly detection with generative adversarial networks to guide marker discovery},
  author={Schlegl, Thomas and Seeb{\"o}ck, Philipp and Waldstein, Sebastian M and Schmidt-Erfurth, Ursula and Langs, Georg},
  booktitle={International Conference on Information Processing in Medical Imaging},
  pages={146--157},
  year={2017},
  organization={Springer}
}

@article{kingma2018glow,
  title={Glow: Generative flow with invertible 1x1 convolutions},
  author={Kingma, Durk P and Dhariwal, Prafulla},
  journal={Advances in Neural Information Processing Systems},
  volume={31},
  year={2018}
}

@article{salimans2017pixelcnn++,
  title={Pixelcnn++: Improving the pixelcnn with discretized logistic mixture likelihood and other modifications},
  author={Salimans, Tim and Karpathy, Andrej and Chen, Xi and Kingma, Diederik P},
  journal={arXiv preprint arXiv:1701.05517},
  year={2017}
}

@inproceedings{xu2018unsupervised,
  title={Unsupervised anomaly detection via variational auto-encoder for seasonal kpis in web applications},
  author={Xu, Haowen and Chen, Wenxiao and Zhao, Nengwen and Li, Zeyan and Bu, Jiahao and Li, Zhihan and Liu, Ying and Zhao, Youjian and Pei, Dan and Feng, Yang and others},
  booktitle={Proceedings of the 2018 World Wide Web Conference},
  pages={187--196},
  year={2018}
}

@article{an2015variational,
  title={Variational autoencoder based anomaly detection using reconstruction probability},
  author={An, Jinwon and Cho, Sungzoon},
  journal={Special Lecture on IE},
  volume={2},
  number={1},
  pages={1--18},
  year={2015}
}

@article{di2019survey,
  title={A survey on gans for anomaly detection},
  author={Di Mattia, Federico and Galeone, Paolo and De Simoni, Michele and Ghelfi, Emanuele},
  journal={arXiv preprint arXiv:1906.11632},
  year={2019}
}

@article{zenati2018efficient,
  title={Efficient gan-based anomaly detection},
  author={Zenati, Houssam and Foo, Chuan Sheng and Lecouat, Bruno and Manek, Gaurav and Chandrasekhar, Vijay Ramaseshan},
  journal={arXiv preprint arXiv:1802.06222},
  year={2018}
}

@article{choi2018waic,
  title={Waic, but why? generative ensembles for robust anomaly detection},
  author={Choi, Hyunsun and Jang, Eric and Alemi, Alexander A},
  journal={arXiv preprint arXiv:1810.01392},
  year={2018}
}

@article{ren2019likelihood,
  title={Likelihood ratios for out-of-distribution detection},
  author={Ren, Jie and Liu, Peter J and Fertig, Emily and Snoek, Jasper and Poplin, Ryan and Depristo, Mark and Dillon, Joshua and Lakshminarayanan, Balaji},
  journal={Advances in Neural Information Processing Systems},
  volume={32},
  year={2019}
}

@article{sabokrou2018deep,
  title={Deep-anomaly: Fully convolutional neural network for fast anomaly detection in crowded scenes},
  author={Sabokrou, Mohammad and Fayyaz, Mohsen and Fathy, Mahmood and Moayed, Zahra and Klette, Reinhard},
  journal={Computer Vision and Image Understanding},
  volume={172},
  pages={88--97},
  year={2018},
  publisher={Elsevier}
}

@inproceedings{sakurada2014anomaly,
  title={Anomaly detection using autoencoders with nonlinear dimensionality reduction},
  author={Sakurada, Mayu and Yairi, Takehisa},
  booktitle={Proceedings of the MLSDA 2014 2nd Workshop on Machine Learning for Sensory Data Analysis},
  pages={4--11},
  year={2014}
}

@inproceedings{chen2018autoencoder,
  title={Autoencoder-based network anomaly detection},
  author={Chen, Zhaomin and Yeo, Chai Kiat and Lee, Bu Sung and Lau, Chiew Tong},
  booktitle={2018 Wireless Telecommunications Symposium (WTS)},
  pages={1--5},
  year={2018},
  organization={IEEE}
}

@article{hinton2006reducing,
  title={Reducing the dimensionality of data with neural networks},
  author={Hinton, Geoffrey E and Salakhutdinov, Ruslan R},
  journal={Science},
  volume={313},
  number={5786},
  pages={504--507},
  year={2006},
  publisher={American Association for the Advancement of Science}
}

@article{kingma2013auto,
  title={Auto-encoding variational bayes},
  author={Kingma, Diederik P and Welling, Max},
  journal={arXiv preprint arXiv:1312.6114},
  year={2013}
}

@inproceedings{zhou2017anomaly,
  title={Anomaly detection with robust deep autoencoders},
  author={Zhou, Chong and Paffenroth, Randy C},
  booktitle={Proceedings of the 23rd ACM SIGKDD International Conference on Knowledge Discovery and Data Mining},
  pages={665--674},
  year={2017}
}

@inproceedings{gong2019memorizing,
  title={Memorizing normality to detect anomaly: Memory-augmented deep autoencoder for unsupervised anomaly detection},
  author={Gong, Dong and Liu, Lingqiao and Le, Vuong and Saha, Budhaditya and Mansour, Moussa Reda and Venkatesh, Svetha and Hengel, Anton van den},
  booktitle={Proceedings of the IEEE/CVF International Conference on Computer Vision},
  pages={1705--1714},
  year={2019}
}


@inproceedings{gutmann2010noise,
  title={Noise-contrastive estimation: A new estimation principle for unnormalized statistical models},
  author={Gutmann, Michael and Hyv{\"a}rinen, Aapo},
  booktitle={Proceedings of the Thirteenth International Conference on Artificial Intelligence and Statistics},
  pages={297--304},
  year={2010},
  organization={JMLR Workshop and Conference Proceedings}
}

@article{gutmann2012noise,
  title={Noise-Contrastive Estimation of Unnormalized Statistical Models, with Applications to Natural Image Statistics.},
  author={Gutmann, Michael U and Hyv{\"a}rinen, Aapo},
  journal={Journal of Machine Learning Research},
  volume={13},
  number={2},
  year={2012}
}

@article{csiszar2004information,
  title={Information theory and statistics: A tutorial},
  author={Csisz{\'a}r, Imre and Shields, Paul C and others},
  journal={Foundations and Trends{\textregistered} in Communications and Information Theory},
  volume={1},
  number={4},
  pages={417--528},
  year={2004},
  publisher={Now Publishers, Inc.}
}

@article{liese2006divergences,
  title={On divergences and informations in statistics and information theory},
  author={Liese, Friedrich and Vajda, Igor},
  journal={IEEE Transactions on Information Theory},
  volume={52},
  number={10},
  pages={4394--4412},
  year={2006},
  publisher={IEEE}
}

@article{nowozin2016f,
  title={f-gan: Training generative neural samplers using variational divergence minimization},
  author={Nowozin, Sebastian and Cseke, Botond and Tomioka, Ryota},
  journal={Advances in Neural Information Processing Systems},
  volume={29},
  year={2016}
}

@article{donsker1983asymptotic,
  title={Asymptotic evaluation of certain Markov process expectations for large time. IV},
  author={Donsker, Monroe D and Varadhan, SR Srinivasa},
  journal={Communications on Pure and Applied Mathematics},
  volume={36},
  number={2},
  pages={183--212},
  year={1983},
  publisher={Wiley Online Library}
}

@article{belghazi2018mine,
  title={Mine: mutual information neural estimation},
  author={Belghazi, Mohamed Ishmael and Baratin, Aristide and Rajeswar, Sai and Ozair, Sherjil and Bengio, Yoshua and Courville, Aaron and Hjelm, R Devon},
  journal={arXiv preprint arXiv:1801.04062},
  year={2018}
}

@article{nalisnick2018deep,
  title={Do deep generative models know what they don't know?},
  author={Nalisnick, Eric and Matsukawa, Akihiro and Teh, Yee Whye and Gorur, Dilan and Lakshminarayanan, Balaji},
  journal={arXiv preprint arXiv:1810.09136},
  year={2018}
}

@article{bonneel2015sliced,
  title={Sliced and radon wasserstein barycenters of measures},
  author={Bonneel, Nicolas and Rabin, Julien and Peyr{\'e}, Gabriel and Pfister, Hanspeter},
  journal={Journal of Mathematical Imaging and Vision},
  volume={51},
  pages={22--45},
  year={2015},
  publisher={Springer}
}

@inproceedings{deshpande2019max,
  title={Max-sliced wasserstein distance and its use for gans},
  author={Deshpande, Ishan and Hu, Yuan-Ting and Sun, Ruoyu and Pyrros, Ayis and Siddiqui, Nasir and Koyejo, Sanmi and Zhao, Zhizhen and Forsyth, David and Schwing, Alexander G},
  booktitle={Proceedings of the IEEE/CVF Conference on Computer Vision and Pattern Recognition},
  pages={10648--10656},
  year={2019}
}

@article{nguyen2020distributional,
  title={Distributional sliced-Wasserstein and applications to generative modeling},
  author={Nguyen, Khai and Ho, Nhat and Pham, Tung and Bui, Hung},
  journal={arXiv preprint arXiv:2002.07367},
  year={2020}
}

@inproceedings{monteiro2022monotonicity,
  title={Monotonicity regularization: Improved penalties and novel applications to disentangled representation learning and robust classification},
  author={Monteiro, Jo{\~a}o and Ahmed, Mohamed Osama and Hajimirsadeghi, Hoseein and Mori, Greg},
  booktitle={Uncertainty in Artificial Intelligence},
  pages={1381--1391},
  year={2022},
  organization={PMLR}
}

@inproceedings{mroueh2021improved,
  title={Improved mutual information estimation},
  author={Mroueh, Youssef and Melnyk, Igor and Dognin, Pierre and Ross, Jarret and Sercu, Tom},
  booktitle={Proceedings of the AAAI Conference on Artificial Intelligence},
  volume={35},
  number={10},
  pages={9009--9017},
  year={2021}
}

@inproceedings{abati2019latent,
  title={Latent space autoregression for novelty detection},
  author={Abati, Davide and Porrello, Angelo and Calderara, Simone and Cucchiara, Rita},
  booktitle={Proceedings of the IEEE/CVF Conference on Computer Vision and Pattern Recognition},
  pages={481--490},
  year={2019}
}

@misc{lecun2010mnist,
  title={MNIST handwritten digit database},
  author={LeCun, Yann and Cortes, Corinna and Burges, Chris and others},
  year={2010},
  publisher={Florham Park, NJ, USA}
}

@inproceedings{ioffe2015batch,
  title={Batch normalization: Accelerating deep network training by reducing internal covariate shift},
  author={Ioffe, Sergey and Szegedy, Christian},
  booktitle={International Conference on Machine Learning},
  pages={448--456},
  year={2015},
  organization={pmlr}
}

@article{shannon2020properties,
  title={Properties of f-divergences and f-GAN training},
  author={Shannon, Matt},
  journal={arXiv preprint arXiv:2009.00757},
  year={2020}
}

@article{chehab2023optimizing,
  title={Optimizing the Noise in Self-Supervised Learning: from Importance Sampling to Noise-Contrastive Estimation},
  author={Chehab, Omar and Gramfort, Alexandre and Hyvarinen, Aapo},
  journal={arXiv preprint arXiv:2301.09696},
  year={2023}
}

@article{ozsoy2022self,
  title={Self-supervised learning with an information maximization criterion},
  author={Ozsoy, Serdar and Hamdan, Shadi and Arik, Sercan and Yuret, Deniz and Erdogan, Alper},
  journal={Advances in Neural Information Processing Systems},
  volume={35},
  pages={35240--35253},
  year={2022}
}

@article{krizhevsky2010cifar,
  title={Cifar-10 (canadian institute for advanced research)},
  author={Krizhevsky, Alex and Nair, Vinod and Hinton, Geoffrey},
  journal={URL http://www. cs. toronto. edu/kriz/cifar. html},
  volume={5},
  number={4},
  pages={1},
  year={2010}
}


@article{seebock2016identifying,
  title={Identifying and categorizing anomalies in retinal imaging data},
  author={Seeb{\"o}ck, Philipp and Waldstein, Sebastian and Klimscha, Sophie and Gerendas, Bianca S and Donner, Ren{\'e} and Schlegl, Thomas and Schmidt-Erfurth, Ursula and Langs, Georg},
  journal={arXiv preprint arXiv:1612.00686},
  year={2016}
}

@inproceedings{xia2015learning,
  title={Learning discriminative reconstructions for unsupervised outlier removal},
  author={Xia, Yan and Cao, Xudong and Wen, Fang and Hua, Gang and Sun, Jian},
  booktitle={Proceedings of the IEEE International Conference on Computer Vision},
  pages={1511--1519},
  year={2015}
}

@article{xu2015learning,
  title={Learning deep representations of appearance and motion for anomalous event detection},
  author={Xu, Dan and Ricci, Elisa and Yan, Yan and Song, Jingkuan and Sebe, Nicu},
  journal={arXiv preprint arXiv:1510.01553},
  year={2015}
}

@article{andrews2016detecting,
  title={Detecting anomalous data using auto-encoders},
  author={Andrews, Jerone TA and Morton, Edward J and Griffin, Lewis D},
  journal={International Journal of Machine Learning and Computing},
  volume={6},
  number={1},
  pages={21},
  year={2016},
  publisher={IACSIT Press}
}

@book{jain1988algorithms,
  title={Algorithms for clustering data},
  author={Jain, Anil K and Dubes, Richard C},
  year={1988},
  publisher={Prentice-Hall, Inc.}
}

@article{bishop1994novelty,
  title={Novelty detection and neural network validation},
  author={Bishop, Christopher M},
  journal={IEE Proceedings-Vision, Image and Signal Processing},
  volume={141},
  number={4},
  pages={217--222},
  year={1994},
  publisher={IET}
}

@article{devroye1985nonparametric,
  title={Nonparametric density estimation},
  author={Devroye, Luc},
  journal={The L\_1 View},
  year={1985},
  publisher={John Wiley}
}

@book{fruhwirth2006finite,
  title={Finite mixture and Markov switching models},
  author={Fr{\"u}hwirth-Schnatter, Sylvia},
  year={2006},
  publisher={Springer}
}

@article{kim2012robust,
  title={Robust kernel density estimation},
  author={Kim, JooSeuk and Scott, Clayton D},
  journal={The Journal of Machine Learning Research},
  volume={13},
  number={1},
  pages={2529--2565},
  year={2012},
  publisher={JMLR. org}
}

@inproceedings{vandermeulen2013consistency,
  title={Consistency of robust kernel density estimators},
  author={Vandermeulen, Robert and Scott, Clayton},
  booktitle={Conference on Learning Theory},
  pages={568--591},
  year={2013},
  organization={PMLR}
}

@article{metz2016unrolled,
  title={Unrolled generative adversarial networks},
  author={Metz, Luke and Poole, Ben and Pfau, David and Sohl-Dickstein, Jascha},
  journal={arXiv preprint arXiv:1611.02163},
  year={2016}
}

@inproceedings{grover2018flow,
  title={Flow-gan: Combining maximum likelihood and adversarial learning in generative models},
  author={Grover, Aditya and Dhar, Manik and Ermon, Stefano},
  booktitle={Proceedings of the AAAI Conference on Artificial Intelligence},
  volume={32},
  number={1},
  year={2018}
}

@article{verine2024precision,
  title={Precision-Recall Divergence Optimization for Generative Modeling with GANs and Normalizing Flows},
  author={Verine, Alexandre and Negrevergne, Benjamin and Pydi, Muni Sreenivas and Chevaleyre, Yann},
  journal={Advances in Neural Information Processing Systems},
  volume={36},
  year={2024}
}

@inproceedings{li2023mode,
  title={Mode-seeking divergences: theory and applications to GANs},
  author={Li, Cheuk Ting and Farnia, Farzan},
  booktitle={International Conference on Artificial Intelligence and Statistics},
  pages={8321--8350},
  year={2023},
  organization={PMLR}
}

@inproceedings{bergmann2019mvtec,
  title={MVTec AD--A comprehensive real-world dataset for unsupervised anomaly detection},
  author={Bergmann, Paul and Fauser, Michael and Sattlegger, David and Steger, Carsten},
  booktitle={Proceedings of the IEEE/CVF Conference on Computer Vision and Pattern Recognition},
  pages={9592--9600},
  year={2019}
}

@inproceedings{baur2019deep,
  title={Deep autoencoding models for unsupervised anomaly segmentation in brain MR images},
  author={Baur, Christoph and Wiestler, Benedikt and Albarqouni, Shadi and Navab, Nassir},
  booktitle={Brainlesion: Glioma, Multiple Sclerosis, Stroke and Traumatic Brain Injuries: 4th International Workshop, BrainLes 2018, Held in Conjunction with MICCAI 2018, Granada, Spain, September 16, 2018, Revised Selected Papers, Part I 4},
  pages={161--169},
  year={2019},
  organization={Springer}
}

@article{ruff2020rethinking,
  title={Rethinking assumptions in deep anomaly detection},
  author={Ruff, Lukas and Vandermeulen, Robert A and Franks, Billy Joe and M{\"u}ller, Klaus-Robert and Kloft, Marius},
  journal={arXiv preprint arXiv:2006.00339},
  year={2020}
}

@article{chalapathy2018anomaly,
  title={Anomaly detection using one-class neural networks},
  author={Chalapathy, Raghavendra and Menon, Aditya Krishna and Chawla, Sanjay},
  journal={arXiv preprint arXiv:1802.06360},
  year={2018}
}

@article{liznerski2020explainable,
  title={Explainable deep one-class classification},
  author={Liznerski, Philipp and Ruff, Lukas and Vandermeulen, Robert A and Franks, Billy Joe and Kloft, Marius and M{\"u}ller, Klaus-Robert},
  journal={arXiv preprint arXiv:2007.01760},
  year={2020}
}

@article{patcha2007overview,
  title={An overview of anomaly detection techniques: Existing solutions and latest technological trends},
  author={Patcha, Animesh and Park, Jung-Min},
  journal={Computer Networks},
  volume={51},
  number={12},
  pages={3448--3470},
  year={2007},
  publisher={Elsevier}
}

@article{liao2013intrusion,
  title={Intrusion detection system: A comprehensive review},
  author={Liao, Hung-Jen and Lin, Chun-Hung Richard and Lin, Ying-Chih and Tung, Kuang-Yuan},
  journal={Journal of Network and Computer Applications},
  volume={36},
  number={1},
  pages={16--24},
  year={2013},
  publisher={Elsevier}
}


@article{bolton2002statistical,
  title={Statistical fraud detection: A review},
  author={Bolton, Richard J and Hand, David J},
  journal={Statistical Science},
  volume={17},
  number={3},
  pages={235--255},
  year={2002},
  publisher={Institute of Mathematical Statistics}
}

@article{bhattacharyya2011data,
  title={Data mining for credit card fraud: A comparative study},
  author={Bhattacharyya, Siddhartha and Jha, Sanjeev and Tharakunnel, Kurian and Westland, J Christopher},
  journal={Decision Support Systems},
  volume={50},
  number={3},
  pages={602--613},
  year={2011},
  publisher={Elsevier}
}

@article{rabatel2011anomaly,
  title={Anomaly detection in monitoring sensor data for preventive maintenance},
  author={Rabatel, Julien and Bringay, Sandra and Poncelet, Pascal},
  journal={Expert Systems with Applications},
  volume={38},
  number={6},
  pages={7003--7015},
  year={2011},
  publisher={Elsevier}
}

@article{marzat2012model,
  title={Model-based fault diagnosis for aerospace systems: a survey},
  author={Marzat, Julien and Piet-Lahanier, H{\'e}l{\`e}ne and Damongeot, Fr{\'e}d{\'e}ric and Walter, Eric},
  journal={Proceedings of the Institution of Mechanical Engineers, Part G: Journal of Aerospace Engineering},
  volume={226},
  number={10},
  pages={1329--1360},
  year={2012},
  publisher={SAGE Publications Sage UK: London, England}
}

@inproceedings{golmohammadi2015time,
  title={Time series contextual anomaly detection for detecting market manipulation in stock market},
  author={Golmohammadi, Koosha and Zaiane, Osmar R},
  booktitle={2015 IEEE International Conference on Data Science and Advanced Analytics (DSAA)},
  pages={1--10},
  year={2015},
  organization={IEEE}
}

@article{tarassenko1995novelty,
  title={Novelty detection for the identification of masses in mammograms},
  author={Tarassenko, Lionel and Hayton, Paul and Cerneaz, Nicholas and Brady, Michael},
  year={1995},
  publisher={IET}
}

@inproceedings{chauhan2015anomaly,
  title={Anomaly detection in ECG time signals via deep long short-term memory networks},
  author={Chauhan, Sucheta and Vig, Lovekesh},
  booktitle={2015 IEEE International Conference on Data Science and Advanced Analytics (DSAA)},
  pages={1--7},
  year={2015},
  organization={IEEE}
}

@article{leibig2017leveraging,
  title={Leveraging uncertainty information from deep neural networks for disease detection},
  author={Leibig, Christian and Allken, Vaneeda and Ayhan, Murat Se{\c{c}}kin and Berens, Philipp and Wahl, Siegfried},
  journal={Scientific Reports},
  volume={7},
  number={1},
  pages={1--14},
  year={2017},
  publisher={Nature Publishing Group}
}

@inproceedings{wong2003bayesian,
  title={Bayesian network anomaly pattern detection for disease outbreaks},
  author={Wong, Weng-Keen and Moore, Andrew W and Cooper, Gregory F and Wagner, Michael M},
  booktitle={Proceedings of the 20th International Conference on Machine Learning (ICML-03)},
  pages={808--815},
  year={2003}
}

@article{wong2005s,
  title={What's strange about recent events (WSARE): an algorithm for the early detection of disease outbreaks},
  author={Wong, Weng-Keen and Moore, Andrew and Cooper, Gregory and Wagner, Michael},
  journal={The Journal of Machine Learning Research},
  volume={6},
  pages={1961--1998},
  year={2005},
  publisher={JMLR. org}
}

@article{min2017deep,
  title={Deep learning in bioinformatics},
  author={Min, Seonwoo and Lee, Byunghan and Yoon, Sungroh},
  journal={Briefings in Bioinformatics},
  volume={18},
  number={5},
  pages={851--869},
  year={2017},
  publisher={Oxford University Press}
}

@article{gornitz2013toward,
  title={Toward supervised anomaly detection},
  author={G{\"o}rnitz, Nico and Kloft, Marius and Rieck, Konrad and Brefeld, Ulf},
  journal={Journal of Artificial Intelligence Research},
  volume={46},
  pages={235--262},
  year={2013}
}

@article{bercea2024diffusion,
  title={Diffusion Models with Implicit Guidance for Medical Anomaly Detection},
  author={Bercea, Cosmin I and Wiestler, Benedikt and Rueckert, Daniel and Schnabel, Julia A},
  journal={arXiv preprint arXiv:2403.08464},
  year={2024}
}

@article{yoon2024energy,
  title={Energy-based models for anomaly detection: A manifold diffusion recovery approach},
  author={Yoon, Sangwoong and Jin, Young-Uk and Noh, Yung-Kyun and Park, Frank},
  journal={Advances in Neural Information Processing Systems},
  volume={36},
  year={2024}
}

@article{hendrycks2018deep,
  title={Deep anomaly detection with outlier exposure},
  author={Hendrycks, Dan and Mazeika, Mantas and Dietterich, Thomas},
  journal={arXiv preprint arXiv:1812.04606},
  year={2018}
}

@inproceedings{van2016pixel,
  title={Pixel recurrent neural networks},
  author={Van Den Oord, A{\"a}ron and Kalchbrenner, Nal and Kavukcuoglu, Koray},
  booktitle={International Conference on Machine Learning},
  pages={1747--1756},
  year={2016},
  organization={PMLR}
}

@article{williams2000using,
  title={Using the Nystr{\"o}m method to speed up kernel machines},
  author={Williams, Christopher and Seeger, Matthias},
  journal={Advances in Neural Information Processing Systems},
  volume={13},
  year={2000}
}

@article{du2019implicit,
  title={Implicit generation and modeling with energy based models},
  author={Du, Yilun and Mordatch, Igor},
  journal={Advances in Neural Information Processing Systems},
  volume={32},
  year={2019}
}

@article{salimans2016improved,
  title={Improved techniques for training gans},
  author={Salimans, Tim and Goodfellow, Ian and Zaremba, Wojciech and Cheung, Vicki and Radford, Alec and Chen, Xi},
  journal={Advances in Neural Information Processing Systems},
  volume={29},
  year={2016}
}


@article{nguyen2010estimating,
  title={Estimating divergence functionals and the likelihood ratio by convex risk minimization},
  author={Nguyen, XuanLong and Wainwright, Martin J and Jordan, Michael I},
  journal={IEEE Transactions on Information Theory},
  volume={56},
  number={11},
  pages={5847--5861},
  year={2010},
  publisher={IEEE}
}

@article{hu2024complexity,
  title={Complexity matters: Rethinking the latent space for generative modeling},
  author={Hu, Tianyang and Chen, Fei and Wang, Haonan and Li, Jiawei and Wang, Wenjia and Sun, Jiacheng and Li, Zhenguo},
  journal={Advances in Neural Information Processing Systems},
  volume={36},
  year={2024}
}


@article{loaiza2024deep,
  title={Deep Generative Models through the Lens of the Manifold Hypothesis: A Survey and New Connections},
  author={Loaiza-Ganem, Gabriel and Ross, Brendan Leigh and Hosseinzadeh, Rasa and Caterini, Anthony L and Cresswell, Jesse C},
  journal={arXiv preprint arXiv:2404.02954},
  year={2024}
}

@inproceedings{zhai2016deep,
  title={Deep structured energy based models for anomaly detection},
  author={Zhai, Shuangfei and Cheng, Yu and Lu, Weining and Zhang, Zhongfei},
  booktitle={International Conference on Machine Learning},
  pages={1100--1109},
  year={2016},
  organization={PMLR}
}

@article{che2016mode,
  title={Mode regularized generative adversarial networks},
  author={Che, Tong and Li, Yanran and Jacob, Athul Paul and Bengio, Yoshua and Li, Wenjie},
  journal={arXiv preprint arXiv:1612.02136},
  year={2016}
}


@article{hojjati2023dasvdd,
  title={Dasvdd: Deep autoencoding support vector data descriptor for anomaly detection},
  author={Hojjati, Hadi and Armanfard, Narges},
  journal={IEEE Transactions on Knowledge and Data Engineering},
  year={2023},
  publisher={IEEE}
}


@article{golan2018deep,
  title={Deep anomaly detection using geometric transformations},
  author={Golan, Izhak and El-Yaniv, Ran},
  journal={Advances in Neural Information Processing Systems},
  volume={31},
  year={2018}
}

@article{van2016conditional,
  title={Conditional image generation with pixelcnn decoders},
  author={Van den Oord, Aaron and Kalchbrenner, Nal and Espeholt, Lasse and Vinyals, Oriol and Graves, Alex and others},
  journal={Advances in Neural Information Processing Systems},
  volume={29},
  year={2016}
}

@inproceedings{reiss2021panda,
  title={Panda: Adapting pretrained features for anomaly detection and segmentation},
  author={Reiss, Tal and Cohen, Niv and Bergman, Liron and Hoshen, Yedid},
  booktitle={Proceedings of the IEEE/CVF Conference on Computer Vision and Pattern Recognition},
  pages={2806--2814},
  year={2021}
}

@inproceedings{he2016deep,
  title={Deep residual learning for image recognition},
  author={He, Kaiming and Zhang, Xiangyu and Ren, Shaoqing and Sun, Jian},
  booktitle={Proceedings of the IEEE Conference on Computer Vision and Pattern Recognition},
  pages={770--778},
  year={2016}
}

@inproceedings{deng2009imagenet,
  title={Imagenet: A large-scale hierarchical image database},
  author={Deng, Jia and Dong, Wei and Socher, Richard and Li, Li-Jia and Li, Kai and Fei-Fei, Li},
  booktitle={2009 IEEE Conference on Computer Vision and Pattern Recognition},
  pages={248--255},
  year={2009},
  organization={Ieee}
}

@article{han2022adbench,
  title={Adbench: Anomaly detection benchmark},
  author={Han, Songqiao and Hu, Xiyang and Huang, Hailiang and Jiang, Minqi and Zhao, Yue},
  journal={Advances in Neural Information Processing Systems},
  volume={35},
  pages={32142--32159},
  year={2022}
}

@inproceedings{lee2023semi,
  title={Semi-supervised anomaly detection algorithm based on KL divergence (SAD-KL)},
  author={Lee, Chong Hyun and Lee, Kibae},
  booktitle={Anomaly Detection and Imaging with X-Rays (ADIX) VIII},
  volume={12531},
  pages={118--123},
  year={2023},
  organization={SPIE}
}

@article{mu2019mnist,
  title={Mnist-c: A robustness benchmark for computer vision},
  author={Mu, Norman and Gilmer, Justin},
  journal={arXiv preprint arXiv:1906.02337},
  year={2019}
}

@inproceedings{goyal2020drocc,
  title={DROCC: Deep robust one-class classification},
  author={Goyal, Sachin and Raghunathan, Aditi and Jain, Moksh and Simhadri, Harsha Vardhan and Jain, Prateek},
  booktitle={International Conference on Machine Learning},
  pages={3711--3721},
  year={2020},
  organization={PMLR}
}

@article{tax2004support,
  title={Support vector data description},
  author={Tax, David MJ and Duin, Robert PW},
  journal={Machine learning},
  volume={54},
  pages={45--66},
  year={2004},
  publisher={Springer}
}

@article{ruff2019deep,
  title={Deep semi-supervised anomaly detection},
  author={Ruff, Lukas and Vandermeulen, Robert A and G{\"o}rnitz, Nico and Binder, Alexander and M{\"u}ller, Emmanuel and M{\"u}ller, Klaus-Robert and Kloft, Marius},
  journal={arXiv preprint arXiv:1906.02694},
  year={2019}
}

@article{bergman2020classification,
  title={Classification-based anomaly detection for general data},
  author={Bergman, Liron and Hoshen, Yedid},
  journal={arXiv preprint arXiv:2005.02359},
  year={2020}
}

