%%%
@article{koblitz1987elliptic,
    title = {Elliptic Curve Cryptosystems},
    author = {Koblitz, Neal},
    journal = {Mathematics of Computation},
    volume = {48},
    number = {177},
    pages = {203--209},
    year = {1987}
}

@article{yu2019review,
  title={A review of recurrent neural networks: {LSTM} cells and network architectures},
  author={Yu, Yong and Si, Xiaosheng and Hu, Changhua and Zhang, Jianxun},
  journal={Neural computation},
  volume={31},
  number={7},
  pages={1235--1270},
  year={2019},
  publisher={MIT Press One Rogers Street, Cambridge, MA 02142-1209, {USA} journals-info~…}
}

@inproceedings{arp2022and,
  title={Dos and don’ts of machine learning in computer security},
  author={Arp, Daniel and Quiring, Erwin and Pendlebury, Feargus and Warnecke, Alexander and Pierazzi, Fabio and Wressnegger, Christian and Cavallaro, Lorenzo and Rieck, Konrad},
  booktitle={Proc. of the USENIX Security Symposium},
  year={2022}
}

@inproceedings{kocher1999differential,
    title = {Differential Power Analysis},
    author = {Kocher, Paul and Jaffe, Joshua and Jun, Benjamin},
    booktitle = {Annual International Cryptology Conference},
    pages = {388--397},
    year = {1999},
    organization = {Springer}
}
@inproceedings{meloni2007new,
  title={New point addition formulae for {ECC} applications},
  author={Meloni, Nicolas},
  booktitle={International Workshop on the Arithmetic of Finite Fields},
  pages={189--201},
  year={2007},
  organization={Springer}
}
@inproceedings{dugardin2016dismantling,
    title = {Dismantling Real-World {ECC} with Horizontal and Vertical Template Attacks},
    author = {Dugardin, Margaux and Papachristodoulou, Louiza and Najm, Zakaria and Batina, Lejla and Danger, Jean-Luc and Guilley, Sylvain},
    booktitle = {International Workshop on Constructive Side-Channel Analysis and Secure Design},
    pages = {88--108},
    year = {2016},
    organization = {Springer}
}
@misc{rivain2011fast,
    author = {Matthieu Rivain},
    title = {Fast and Regular Algorithms for Scalar Multiplication over Elliptic Curves},
    howpublished = {Cryptology ePrint Archive, Paper 2011/338},
    year = {2011},
    url = {https://eprint.iacr.org/2011/338}
}
@book{goodfellow2016deep,
    title = {Deep Learning},
    author = {Goodfellow, Ian and Bengio, Yoshua and Courville, Aaron},
    year = {2016},
    publisher = {MIT Press},
    url = {http://www.deeplearningbook.org}
}
@inproceedings{weissbart2019one,
    title = {One Trace Is All It Takes: Machine Learning-based Side-Channel Attack on {EdDSA}},
    author = {Weissbart, Leo and Picek, Stjepan and Batina, Lejla},
    booktitle = {International Conference on Security, Privacy, and Applied Cryptography Engineering},
    pages = {86--105},
    year = {2019},
    organization = {Springer}
}
@article{weissbart2020systematic,
    title = {Systematic Side-Channel Analysis of Curve25519 with Machine Learning},
    author = {Weissbart, Leo and Chmielewski, {\L}ukasz and Picek, Stjepan and Batina, Lejla},
    journal = {Journal of Hardware and Systems Security},
    volume = {4},
    number = {4},
    pages = {314--328},
    year = {2020},
    publisher = {Springer}
}
@article{picek2021sok,
    title = {SoK: Deep Learning-based Physical Side-Channel Analysis},
    author = {Picek, Stjepan and Perin, Guilherme and Mariot, Luca and Wu, Lichao and Batina, Lejla},
    journal = {Cryptology ePrint Archive},
    year = {2021}
}
@article{perin2021keep,
    title = {Keep It Unsupervised: Horizontal Attacks Meet Deep Learning},
    author = {Perin, Guilherme and Chmielewski, {\L}ukasz and Batina, Lejla and Picek, Stjepan},
    journal = {IACR Transactions on Cryptographic Hardware and Embedded Systems},
    pages = {343--372},
    year = {2021}
}
@inproceedings{faugere2012attacking,
    title = {Attacking {(EC)DSA} Given Only an Implicit Hint},
    author = {Faugere, Jean-Charles and Goyet, Christopher and Renault, Gu{\'e}na{\"e}l},
    booktitle = {International Conference on Selected Areas in Cryptography},
    pages = {252--274},
    year = {2012},
    organization = {Springer}
}
@unpublished{fplll,
    author = {{The FPLLL development team}},
    title = {{fplll}, a lattice reduction library, {Version}: 5.4.4},
    year = 2023,
    note = {Available at \url{https://github.com/fplll/fplll}}
}
@article{maghrebi2019deep,
  title={Deep learning based side channel attacks in practice},
  author={Maghrebi, Houssem},
  journal={Cryptology ePrint Archive},
  year={2019}
}
@inproceedings{mao2022research,
  title={Research on Side-Channel Attack Method Based on {LSTM}},
  author={Mao, Zhou and Shuai, Tong and Liang, Shuo and Zhang, Liguo and Li, Sizhao},
  booktitle={Advances in Artificial Intelligence and Security: 8th International Conference on Artificial Intelligence and Security, ICAIS 2022, Qinghai, China, July 15--20, 2022, Proceedings, Part I},
  pages={632--644},
  year={2022},
  organization={Springer}
}
@article{ramezanpour2020scaul,
  title={{SCAUL}: Power side-channel analysis with unsupervised learning},
  author={Ramezanpour, Keyvan and Ampadu, Paul and Diehl, William},
  journal={IEEE Transactions on Computers},
  volume={69},
  number={11},
  pages={1626--1638},
  year={2020},
  publisher={IEEE}
}
@article{vinh2010information,
    title = {Information Theoretic Measures for Clusterings Comparison: Variants, Properties, Normalization and Correction for Chance},
    author = {Vinh, Nguyen Xuan and Epps, Julien and Bailey, James},
    journal = {The Journal of Machine Learning Research},
    volume = {11},
    pages = {2837--2854},
    year = {2010},
    publisher = {JMLR. org}
}
@inproceedings{vempala2018determining,
    title = {Determining Event Durations: Models and Error Analysis},
    author = {Vempala, Alakananda and Blanco, Eduardo and Palmer, Alexis},
    booktitle = {Proceedings of the 2018 Conference of the North American Chapter of the Association for Computational Linguistics: Human Language Technologies, Volume 2 (Short Papers)},
    pages = {164--168},
    year = {2018}
}
@article{nguyen2019real,
    title = {Real-Time Event Detection using Recurrent Neural Network in Social Sensors},
    author = {Nguyen, Van Quan and Anh, Tien Nguyen and Yang, Hyung-Jeong},
    journal = {International Journal of Distributed Sensor Networks},
    volume = {15},
    number = {6},
    pages = {1550147719856492},
    year = {2019},
    publisher = {SAGE Publications Sage UK: London, England}
}
@inproceedings{fouque2003doubling,
  title={The doubling attack--why upwards is better than downwards},
  author={Fouque, Pierre-Alain and Valette, Fr{\'e}d{\'e}ric},
  booktitle={International Workshop on Cryptographic Hardware and Embedded Systems},
  pages={269--280},
  year={2003},
  organization={Springer}
}

@article{rahman2019unfolding,
    title = {Unfolding the Structure of a Document using Deep Learning},
    author = {Rahman, Muhammad Mahbubur and Finin, Tim},
    journal = {arXiv preprint arXiv:1910.03678},
    year = {2019}
}
@misc{microecc,
    author = {Ken MacKay},
	title = {micro-ecc: {ECDH} and {ECDSA} for 8-bit, 32-bit, and 64-bit Processors},
	url = {https://github.com/kmackay/micro-ecc},
	year = {2014},
	publisher = {GitHub},
	journal = {GitHub repository},
}
@inproceedings{azouaoui2020worst,
  title={On the worst-case side-channel security of {ECC} point randomization in embedded devices},
  author={Azouaoui, Melissa and Durvaux, Fran{\c{c}}ois and Poussier, Romain and Standaert, Fran{\c{c}}ois-Xavier and Papagiannopoulos, Kostas and Verneuil, Vincent},
  booktitle={International Conference on Cryptology in India},
  pages={205--227},
  year={2020},
  organization={Springer}
}
@inproceedings{poussier2017systematic,
  title={A systematic approach to the side-channel analysis of {ECC} implementations with worst-case horizontal attacks},
  author={Poussier, Romain and Zhou, Yuanyuan and Standaert, Fran{\c{c}}ois-Xavier},
  booktitle={International Conference on Cryptographic Hardware and Embedded Systems},
  pages={534--554},
  year={2017},
  organization={Springer}
}
@inproceedings{hanley2015exploiting,
  title={Exploiting collisions in addition chain-based exponentiation algorithms using a single trace},
  author={Hanley, Neil and Kim, HeeSeok and Tunstall, Michael},
  booktitle={Cryptographers’ Track at the RSA Conference},
  pages={431--448},
  year={2015},
  organization={Springer}
}

@misc{stmicroelectronics,
    author = {STMicroelectronics},
    title = {{STM32F405/415}},
    url = {https://www.st.com/en/microcontrollers-microprocessors/stm32f405-415.html},
    year = {2022}
} 
@misc{googlecolab,
    author = {{Google Colaboratory}},
    title = {Colab},
    url = {https://colab.research.google.com/},
    journal = {Google Colab},
    publisher = {Google}
}
@misc{chipwhisperer,
    author = {{NewAE Technology Inc.}},
    title = {CW1200 ChipWhisperer-Pro},
    url = {https://rtfm.newae.com/Capture/ChipWhisperer-Pro/},
    journal = {NewAE Technology}
}
@misc{tensorflow2015-whitepaper,
	title = { {TensorFlow}: Large-Scale Machine Learning on Heterogeneous Systems},
	url = {https://www.tensorflow.org},
	note = {Software available from tensorflow.org},
	author = {
		Mart\'{i}n~Abadi and
		Ashish~Agarwal and
		Paul~Barham and
		Eugene~Brevdo and
		Zhifeng~Chen and
		Craig~Citro and
		Greg~S.~Corrado and
		Andy~Davis and
		Jeffrey~Dean and
		Matthieu~Devin and
		Sanjay~Ghemawat and
		Ian~Goodfellow and
		Andrew~Harp and
		Geoffrey~Irving and
		Michael~Isard and
		Yangqing Jia and
		Rafal~Jozefowicz and
		Lukasz~Kaiser and
		Manjunath~Kudlur and
		Josh~Levenberg and
		Dandelion~Man\'{e} and
		Rajat~Monga and
		Sherry~Moore and
		Derek~Murray and
		Chris~Olah and
		Mike~Schuster and
		Jonathon~Shlens and
		Benoit~Steiner and
		Ilya~Sutskever and
		Kunal~Talwar and
		Paul~Tucker and
		Vincent~Vanhoucke and
		Vijay~Vasudevan and
		Fernanda~Vi\'{e}gas and
		Oriol~Vinyals and
		Pete~Warden and
		Martin~Wattenberg and
		Martin~Wicke and
		Yuan~Yu and
		Xiaoqiang~Zheng},
	year={2015}
}
@misc{giry_2020,
    title = {NIST Report on Cryptographic Key Length},
    url = {https://www.keylength.com/en/4},
    journal = {Keylength},
    publisher = {BlueKrypt},
    author = {Giry, Damien},
    year = {2020},
    month = {5}
}
@book{hankerson2006guide,
    author = {Hankerson, Darrel and Menezes, Alfred J. and Vanstone, Scott},
    title = {Guide to Elliptic Curve Cryptography},
    year = {2006},
    publisher = {Springer Science \& Business Media},
}
@misc{trappe2005introduction,
    title = {Introduction to Cryptography with Coding Theory},
    author = {Trappe, Wade and Washington, Lawrence C.},
    year = {2005},
    publisher = {Prentice-Hall, Inc.}
}
@article{lopez2000overview,
    title={An Overview of Elliptic Curve Cryptography},
    author={Lopez, Julio and Dahab, Ricardo},
    journal={Institute of Computing, Sate University of Campinas, Sao Paulo, Brazil, Tech. Rep},
    year={2000}
}
@article{national-security-agency,
    author = {U.S. National Security Agency},
    title = {Commercial National Security Algorithm Suite and Quantum Computing FAQ},
    institution = {U.S. National Security Agency},
    year = {2016},
    month = {1}
}
@inproceedings{de1997elliptic,
    title = {Elliptic Curve Public-Key Cryptosystems - An Introduction},
    author = {De Win, Erik and Preneel, Bart},
    booktitle = {State of the Art in Applied Cryptography},
    pages = {131--141},
    year = {1997},
    organization = {Springer}
}

@article{jancar2020minerva,
  title={Minerva: The curse of {ECDSA} nonces: Systematic analysis of lattice attacks on noisy leakage of bit-length of {ECDSA} nonces},
  author={Jancar, Jan and Sedlacek, Vladimir and Svenda, Petr and Sys, Marek},
  journal={IACR Transactions on Cryptographic Hardware and Embedded Systems},
  pages={281--308},
  year={2020}
}

@article{kerry2013fips,
    title = {FIPS PUB 186-4 FEDERAL INFORMATION PROCESSING STANDARDS PUBLICATION Digital Signature Standard (DSS)},
    author = {Cameron F. Kerry and Acting Secretary and Charles Romine Director},
    year = {2013},
    publisher = {Citeseer}
}
@inproceedings{renes2016complete,
    title = {Complete Addition Formulas for Prime Order Elliptic Curves},
    author = {Renes, Joost and Costello, Craig and Batina, Lejla},
    booktitle = {Annual International Conference on the Theory and Applications of Cryptographic Techniques},
    pages = {403--428},
    year = {2016},
    organization = {Springer}
}
@inproceedings{fouque2004defeating,
    title = {Defeating Countermeasures based on Randomized BSD Representations},
    author = {Fouque, Pierre-Alain and Muller, Fr{\'e}d{\'e}ric and Poupard, Guillaume and Valette, Fr{\'e}d{\'e}ric},
    booktitle = {International Workshop on Cryptographic Hardware and Embedded Systems},
    pages = {312--327},
    year = {2004},
    organization = {Springer}
}
@inproceedings{coron1999resistance,
    title = {Resistance against Differential Power Analysis for Elliptic Curve Cryptosystems},
    author = {Coron, Jean-S{\'e}bastien},
    booktitle = {International Workshop on Cryptographic Hardware and Embedded Systems},
    pages = {292--302},
    year = {1999},
    organization = {Springer}
}
@article{hitchcock2002implementing,
    title = {Implementing an Efficient Elliptic Curve Cryptosystem over $GF (p)$ on a Smart Card},
    author = {Hitchcock, Yvonne and Dawson, Edward and Clark, Andrew and Montague, Paul},
    journal = {ANZIAM Journal},
    volume = {44},
    pages = {C354--C377},
    year = {2002}
}
@inproceedings{lauter2008elliptic,
    title = {The Elliptic Curve Discrete Logarithm Problem and Equivalent Hard Problems for Elliptic Divisibility Sequences},
    author = {Lauter, Kristin E. and Stange, Katherine E.},
    booktitle = {International Workshop on Selected Areas in Cryptography},
    pages = {309--327},
    year = {2008},
    organization = {Springer}
}
@inproceedings{magons2016applications,
    title = {Applications and Benefits of Elliptic Curve Cryptography},
    author = {Magons, Krists},
    booktitle = {SOFSEM (Student Research Forum Papers/Posters)},
    pages = {32--42},
    year = {2016}
}
@article{haakegaard2015elliptic,
    title = {The Elliptic Curve Diffie-Hellman ({ECDH})},
    author = {Haakegaard, Rakel and Lang, Joanna},
    url = {https://koclab.cs.ucsb.edu/teaching/ecc/project/2015Projects/Haakegaard+Lang.pdf},
    year = {2015}
}
@article{diffie1976new,
    title = {New Directions in Cryptography},
    author = {Diffie, Whitfield and Hellman, Martin},
    journal = {IEEE transactions on Information Theory},
    volume = {22},
    number = {6},
    pages = {644--654},
    year = {1976},
    publisher = {IEEE}
}
@article{johnson2001elliptic,
    title = {The Elliptic Curve Digital Signature Algorithm ({ECDSA})},
    author = {Johnson, Don and Menezes, Alfred and Vanstone, Scott},
    journal = {International journal of Information Security},
    volume = {1},
    number = {1},
    pages = {36--63},
    year = {2001},
    publisher = {Springer}
}
@article{zhou1999securing,
    title = {Securing Digital Signatures for Non-Repudiation},
    author = {Zhou, Jianying and Lam, Kwok-Yan},
    journal = {Computer Communications},
    volume = {22},
    number = {8},
    pages = {710--716},
    year = {1999},
    publisher = {Elsevier}
}
@article{nurhaida2017digital,
    title = {Digital Signature \& Encryption Implementation for Increasing Authentication, Integrity, Security and Data Non-Repudiation},
    author = {Nurhaida, Ida and Ramayanti, Desi and Riesaputra, Rhema},
    journal = {Int. Res. J. Comput. Sci},
    volume = {4},
    number = {11},
    pages = {4--14},
    year = {2017}
}
@article{bruen2011cubic,
    title = {Cubic Curves, Finite Geometry and Cryptography},
    author = {Bruen, Aiden A. and Hirschfeld, James W.P. and Wehlau, David L.},
    journal = {Acta applicandae mathematicae},
    volume = {115},
    number = {3},
    pages = {265--278},
    year = {2011},
    publisher = {Springer}
}
@inproceedings{kocher1996timing,
    title = {Timing Attacks on Implementations of Diffie-Hellman, RSA, DSS, and Other Systems},
    author = {Kocher, Paul C.},
    booktitle = {Annual International Cryptology Conference},
    pages = {104--113},
    year = {1996},
    organization = {Springer}
}
@article{montgomery1987speeding,
    title = {Speeding the Pollard and Elliptic Curve Methods of Factorization},
    author = {Montgomery, Peter L.},
    journal = {Mathematics of Computation},
    volume = {48},
    number = {177},
    pages = {243--264},
    year = {1987}
}
@inproceedings{boneh1996algorithms,
    title = {Algorithms for Black-Box Fields and their Application to Cryptography},
    author = {Boneh, Dan and Lipton, Richard J.},
    booktitle = {Annual International Cryptology Conference},
    pages = {283--297},
    year = {1996},
    organization = {Springer}
}
@article{law2003efficient,
    title = {An Efficient Protocol for Authenticated Key Agreement},
    author = {Law, Laurie and Menezes, Alfred and Qu, Minghua and Solinas, Jerry and Vanstone, Scott},
    journal = {Designs, Codes and Cryptography},
    volume = {28},
    number = {2},
    pages = {119--134},
    year = {2003},
    publisher = {Springer}
}
@book{menezessa,
  author = {Menezes, Alfred J. and van Oorschot, Paul C. and Vanstone, Scott A.},
  publisher = {CRC Press},
  title = {Handbook of Applied Cryptography},
  url = {http://www.cacr.math.uwaterloo.ca/hac/},
  year = {1996}
}
@article{vanstone1992responses,
    title = {Responses to NIST's Proposal},
    author = {Vanstone, Scott},
    journal = {Communications of the {ACM}},
    volume = {35},
    number = {7},
    pages = {50--52},
    year = {1992}
}
@article{kerry2013digital,
    title = {Digital Signature Standard (DSS)},
    author = {Kerry, Cameron F. and Gallagher, Patrick D.},
    journal = {FIPS PUB},
    pages = {186--4},
    year = {2013}
}
@article{nist1992digital,
    title = {The Digital Signature Standard},
    author = {Nist, Corporate},
    journal = {Communications of the {ACM}},
    volume = {35},
    number = {7},
    pages = {36--40},
    year = {1992},
    publisher = {{ACM} New York, {NY}, {USA}}
}
@inproceedings{aranha2020ladderleak,
    title = {Ladderleak: Breaking {ECDSA} With Less Than One Bit Of Nonce Leakage},
    author = {Aranha, Diego F. and Novaes, Felipe Rodrigues and Takahashi, Akira and Tibouchi, Mehdi and Yarom, Yuval},
    booktitle = {Proceedings of the 2020 {ACM} {SIGSAC} Conference on Computer and Communications Security},
    pages = {225--242},
    year = {2020}
}
@article{jurivsic1997elliptic,
    title = {Elliptic Curves and Cryptography},
    author = {Juri{\v{s}}ic, Aleksandar and Menezes, A.},
    journal = {Dr. Dobb’s Journal},
    pages = {26--36},
    year = {1997}
}
@article{gayoso2010survey,
    title = {A Survey of the Elliptic Curve Integrated Encryption Scheme},
    author = {Gayoso Mart{\'\i}nez, V{\'\i}ctor and Hern{\'a}ndez Encinas, Luis and S{\'a}nchez {\'A}vila, Carmen},
    year = {2010}
}
@article{1335427,
    journal = {IEEE Std 1363a-2004 (Amendment to IEEE Std 1363-2000)},
    title = {IEEE Standard Specifications for Public-Key Cryptography - Amendment 1: Additional Techniques},
    year = {2004},
    pages = {1-167},
    doi = {10.1109/IEEESTD.2004.94612}
}
@article{abdalla1999dhaes,
    title = {{DHAES}: An Encryption Scheme based on the Diffie-Hellman Problem},
    author = {Abdalla, Michel and Bellare, Mihir and Rogaway, Phillip},
    journal = {IACR Cryptol. ePrint Arch.},
    pages = {7},
    year = {1999}
}
@article{barker2018recommendation,
    title = {Recommendation for Pair-Wise Key-Establishment Schemes Using Discrete Logarithm Cryptography.(National Institute of Standards and Technology, Gaithersburg, MD)},
    author = {Barker, E.B. and Chen, L. and Roginsky, A. and Vassilev, A. and Davis, R.},
    journal = {NIST Special Publication (SP)},
    year = {2018},
    month = {4},
    doi = {https://doi.org/10.6028/NIST.SP.800-56Ar3}
}

@article{mccarthy2007artificial,
    title = {What is Artificial Intelligence?},
    author = {McCarthy, John},
    year = {2007}
}
@incollection{turing2009computing,
    title = {Computing Machinery and Intelligence},
    author = {Turing, Alan M.},
    booktitle = {Parsing the Turing Test},
    pages = {23--65},
    year = {2009},
    publisher = {Springer}
}
@article{mitchell1997machine,
    title = {Machine Learning},
    author = {Mitchell, Tom M. and others},
    journal = {Burr Ridge, IL: McGraw Hill},
    volume = {45},
    number = {37},
    pages = {870--877},
    year = {1997}
}
@article{jabbar2015methods,
    title = {Methods to Avoid Over-Fitting and Under-Fitting in Supervised Machine Learning (Comparative Study)},
    author = {Jabbar, H. and Khan, Rafiqul Zaman},
    journal = {Computer Science, Communication and Instrumentation Devices},
    volume = {70},
    year = {2015}
}
@article{campbell2002deep,
    title = {Deep Blue},
    author = {Campbell, Murray and Hoane Jr., A. Joseph and Hsu, Feng-hsiung},
    journal = {Artificial Intelligence},
    volume = {134},
    number = {1-2},
    pages = {57--83},
    year = {2002},
    publisher = {Elsevier}
}
@inproceedings{khan2020prediction,
    title = {Prediction of Cesarean Childbirth using Ensemble Machine Learning Methods},
    author = {Khan, Nafiz Imtiaz and Mahmud, Tahasin and Islam, Muhammad Nazrul and Mustafina, Sumaiya Nuha},
    booktitle = {Proceedings of the 22nd International Conference on Information Integration and Web-based Applications \& Services},
    pages = {331--339},
    year = {2020}
}
@article{crawford2015survey,
    title = {Survey of Review Spam Detection using Machine Learning Techniques},
    author = {Crawford, Michael and Khoshgoftaar, Taghi M. and Prusa, Joseph D. and Richter, Aaron N. and Al Najada, Hamzah},
    journal = {Journal of Big Data},
    volume = {2},
    number = {1},
    pages= {1--24},
    year = {2015},
    publisher = {SpringerOpen}
}
@article{buczak2015survey,
    title = {A Survey of Data Mining and Machine Learning Methods for Cyber Security Intrusion Detection},
    author = {Buczak, Anna L. and Guven, Erhan},
    journal = {IEEE Communications surveys \& tutorials},
    volume = {18},
    number = {2},
    pages = {1153--1176},
    year = {2015},
    publisher = {IEEE}
}
@inproceedings{oravec2014feature,
    title = {Feature Extraction and Classification by Machine Learning Methods for Biometric Recognition of Face and Iris},
    author = {Oravec, Milo{\v{s}}},
    booktitle = {Proceedings ELMAR-2014},
    pages = {1--4},
    year = {2014},
    organization = {IEEE}
}
@inproceedings{bengio2012deep,
    title = {Deep Learning of Representations for Unsupervised and Transfer Learning},
    author = {Bengio, Yoshua},
    booktitle = {Proceedings of ICML Workshop on Unsupervised and Transfer Learning},
    pages = {17--36},
    year = {2012},
    organization = {JMLR Workshop and Conference Proceedings}
}
@book{bengio2009learning,
    title = {Learning Deep Architectures for AI},
    author = {Bengio, Yoshua},
    year = {2009},
    publisher = {Now Publishers Inc}
}
@article{lecun2015deep,
    title = {Deep Learning},
    author = {LeCun, Yann and Bengio, Yoshua and Hinton, Geoffrey},
    journal = {Nature},
    volume = {521},
    number = {7553},
    pages = {436--444},
    year = {2015},
    publisher = {Nature Publishing Group}
}
@inproceedings{luo2018effective,
  title={Effective simple-power analysis attacks of elliptic curve cryptography on embedded systems},
  author={Luo, Chao and Fei, Yunsi and Kaeli, David},
  booktitle={2018 IEEE/{ACM} International Conference on Computer-Aided Design (ICCAD)},
  pages={1--7},
  year={2018},
  organization={IEEE}
}
@article{dean2016large,
    title = {Large-Scale Deep Learning for Building Intelligent Computer Systems},
    author = {Dean, Jeffrey},
    year = {2016}
}
@article{mcculloch1943logical,
    title = {A Logical Calculus of the Ideas Immanent in Nervous Activity},
    author = {McCulloch, Warren S. and Pitts, Walter},
    journal = {The Bulletin of Mathematical Biophysics},
    volume = {5},
    number = {4},
    pages = {115--133},
    year = {1943},
    publisher ={Springer}
}
@article{rosenblatt1958perceptron,
    title = {The Perceptron: A Probabilistic Model for Information Storage and Organization in the Brain},
    author = {Rosenblatt, Frank},
    journal = {Psychological Review},
    volume = {65},
    number = {6},
    pages = {386},
    year = {1958},
    publisher = {American Psychological Association}
}
@article{deng2012three,
    title = {Three Classes of Deep Learning Architectures and Their Applications: A tutorial survey},
    author = {Deng, Li},
    journal = {APSIPA Transactions on Signal and Information Processing},
    volume = {57},
    pages = {58},
    year = {2012}
}
@misc{fauske,
    title = {Example: Neural Network},
    url = {https://texample.net/tikz/examples/neural-network/},
    journal = {TeXample.net},
    publisher = {TeXample.net},
    author = {Fauske, Kjell Magne},
    month = {12},
    year = {2006}
}
@book{calin2020deep,
    title = {Deep Learning Architectures},
    author = {Calin, Ovidiu},
    year = {2020},
    publisher = {Springer}
}
@article{gonzalez2018representative,
    title = {Representative Datasets for Neural Networks},
    author = {Gonzalez-Diaz, Rocio and Paluzo-Hidalgo, Eduardo and Guti{\'e}rrez-Naranjo, Miguel A.},
    journal = {Electronic Notes in Discrete Mathematics},
    volume = {68},
    pages = {89--94},
    year = {2018},
    publisher = {Elsevier}
}
@inproceedings{guo2018lemna,
    title = {Lemna: Explaining Deep Learning based Security Applications},
    author = {Guo, Wenbo and Mu, Dongliang and Xu, Jun and Su, Purui and Wang, Gang and Xing, Xinyu},
    booktitle = {Proceedings of the 2018 {ACM} {SIGSAC} Conference on Computer and Communications Security},
    pages = {364--379},
    year = {2018}
}
@book{bishop2006pattern,
    title = {Pattern Recognition and Machine Learning},
    author = {Bishop, Christopher M. and Nasrabadi, Nasser M.},
    volume = {4},
    number = {4},
    year = {2006},
    publisher = {Springer}
}
@book{zell1994simulation,
    title = {Simulation Neuronaler Netze},
    author = {Zell, Andreas},
    volume = {1},
    number = {5.2},
    year = {2003},
    publisher = {Addison-Wesley}
}
@book{kelleher2020fundamentals,
    title = {Fundamentals of Machine Learning for Predictive Data Analytics: Algorithms, Worked Examples, and Case Studies},
    author = {Kelleher, John D. and Mac Namee, Brian and D'arcy, Aoife},
    year = {2020},
    publisher = {MIT Press}
}
@article{russell2002artificial,
    title = {Artificial Intelligence: A modern approach},
    author = {Russell, Stuart and Norvig, Peter},
    year = {2002}
}
@article{rumelhart1986learning,
    title = {Learning Representations by Back-Propagating Errors},
    author = {Rumelhart, David E. and Hinton, Geoffrey E. and Williams, Ronald J.},
    journal = {Nature},
    volume = {323},
    number = {6088},
    pages = {533--536},
    year = {1986},
    publisher = {Nature Publishing Group}
}
@misc{amidi2018vip,
    title = {Vip Cheatsheet: Recurrent Neural Networks},
    author = {Amidi, Afshine and Amidi, Shervine},
    year = {2018}
}
@article{schnorr1994lattice,
  title={Lattice basis reduction: Improved practical algorithms and solving subset sum problems},
  author={Schnorr, Claus Peter and Euchner, Martin},
  journal={Mathematical programming},
  volume={66},
  pages={181--199},
  year={1994},
  publisher={Springer}
}
@article{benadjila2020deep,
  title={Deep learning for side-channel analysis and introduction to ASCAD database},
  author={Benadjila, Ryad and Prouff, Emmanuel and Strullu, R{\'e}mi and Cagli, Eleonora and Dumas, C{\'e}cile},
  journal={Journal of Cryptographic Engineering},
  volume={10},
  number={2},
  pages={163--188},
  year={2020},
  publisher={Springer}
}
@inproceedings{pascanu2013difficulty,
    title = {On the Difficulty of Training Recurrent Neural Networks},
    author = {Pascanu, Razvan and Mikolov, Tomas and Bengio, Yoshua},
    booktitle = {International Conference on Machine Learning},
    pages = {1310--1318},
    year = {2013},
    organization = {PMLR}
}
@article{hochreiter1997long,
    title = {Long Short-Term Memory},
    author = {Hochreiter, Sepp and Schmidhuber, J{\"u}rgen},
    journal = {Neural Computation},
    volume = {9},
    number = {8},
    pages = {1735--1780},
    year = {1997},
    publisher = {MIT Press}
}
@article{mozer1995focused,
    title = {A Focused Backpropagation Algorithm for Temporal},
    author = {Mozer, Michael C.},
    journal = {Backpropagation: Theory, Architectures, and Applications},
    volume = {137},
    year = {1995}
}
@misc{hochreiter2001gradient,
    title = {Gradient Flow in Recurrent Nets: The Difficulty of Learning Long-Term Dependencies},
    author = {Hochreiter, Sepp and Bengio, Yoshua and Frasconi, Paolo and Schmidhuber, J{\"u}rgen and others},
    year = {2001},
    publisher = {A Field Guide to Dynamical Recurrent Neural Networks. IEEE Press In}
}
@inproceedings{anguita2013public,
    title = {A Public Domain Dataset for Human Activity Recognition using Smartphones},
    author = {Anguita, Davide and Ghio, Alessandro and Oneto, Luca and Parra Perez, Xavier and Reyes Ortiz, Jorge Luis},
    booktitle = {Proceedings of the 21th International European Symposium on Artificial Neural Networks, Computational Intelligence and Machine Learning},
    pages = {437--442},
    year = {2013}
}
@article{ordonez2016deep,
    title = {Deep Convolutional and {LSTM} Recurrent Neural Networks for Multimodal Wearable Activity Recognition},
    author = {Ord{\'o}{\~n}ez, Francisco Javier and Roggen, Daniel},
    journal = {Sensors},
    volume = {16},
    number = {1},
    pages = {115},
    year = {2016},
    publisher = {Multidisciplinary Digital Publishing Institute}
}
@inproceedings{boneh1997importance,
    title = {On the Importance of Checking Cryptographic Protocols for Faults},
    author = {Boneh, Dan and DeMillo, Richard A. and Lipton, Richard J.},
    booktitle = {International Conference on the Theory and Applications of Cryptographic Techniques},
    pages = {37--51},
    year = {1997},
    organization = {Springer}
}
@inproceedings{biehl2000differential,
    title = {Differential Fault Attacks on Elliptic Curve Cryptosystems},
    author = {Biehl, Ingrid and Meyer, Bernd and M{\"u}ller, Volker},
    booktitle = {Annual International Cryptology Conference},
    pages = {131--146},
    year = {2000},
    organization = {Springer}
}
@book{mangard2008power,
    title = {Power Analysis Attacks: Revealing the Secrets of Smart Cards},
    author = {Mangard, Stefan and Oswald, Elisabeth and Popp, Thomas},
    volume = {31},
    year = {2008},
    publisher = {Springer Science \& Business Media}
}
@inproceedings{quisquater2001electromagnetic,
    title = {Electromagnetic Analysis ({EMA}): Measures and Countermeasures for Smart Cards},
    author = {Quisquater, Jean-Jacques and Samyde, David},
    booktitle = {International Conference on Research in Smart Cards},
    pages = {200--210},
    year = {2001},
    organization = {Springer}
}
@article{genkin2017acoustic,
    title = {Acoustic Cryptanalysis},
    author = {Genkin, Daniel and Shamir, Adi and Tromer, Eran},
    journal = {Journal of Cryptology},
    volume = {30},
    number = {2},
    pages = {392--443},
    year = {2017},
    publisher ={Springer}
}
@inproceedings{clavier2010horizontal,
    title = {Horizontal Correlation Analysis on Exponentiation},
    author = {Clavier, Christophe and Feix, Benoit and Gagnerot, Georges and Roussellet, Mylene and Verneuil, Vincent},
    booktitle = {International Conference on Information and Communications Security},
    pages = {46--61},
    year = {2010},
    organization = {Springer}
}
@inproceedings{clavier2011improved,
    title = {Improved collision-correlation power analysis on first order protected {AES}},
    author = {Clavier, Christophe and Feix, Benoit and Gagnerot, Georges and Roussellet, Mylene and Verneuil, Vincent},
    booktitle = {Cryptographic Hardware and Embedded Systems--{CHES} 2011: 13th International Workshop, Nara, Japan, September 28--October 1, 2011. Proceedings 13},
    pages = {49--62},
    year = {2011},
    organization = {Springer}
}
@inproceedings{schramm2004collision,
    title = {A collision-attack on {AES}: combining side channel-and differential-attack},
    author = {Schramm, Kai and Leander, Gregor and Felke, Patrick and Paar, Christof},
    booktitle = {Cryptographic Hardware and Embedded Systems-{CHES} 2004: 6th International Workshop Cambridge, MA, {USA}, August 11-13, 2004. Proceedings 6},
    pages = {163--175},
    year = {2004},
    organization = {Springer}
}
@inproceedings{bogdanov2007improved,
    title = {Improved side-channel collision attacks on {AES}},
    author = {Bogdanov, Andrey},
    booktitle = {Selected Areas in Cryptography: 14th International Workshop, SAC 2007, Ottawa, Canada, August 16-17, 2007, Revised Selected Papers 14},
    pages = {84--95},
    year = {2007},
    organization = {Springer}
}
@inproceedings{bauer2013horizontal,
    title = {Horizontal and Vertical Side-Channel Attacks against Secure RSA Implementations},
    author = {Bauer, Aur{\'e}lie and Jaulmes, {\'E}liane and Prouff, Emmanuel and Wild, Justine},
    booktitle = {Cryptographers' Track at the RSA Conference},
    pages = {1--17},
    year = {2013},
    organization = {Springer}
}
@article{bauer2015horizontal,
    title = {Horizontal collision correlation attack on elliptic curves: -Extended Version-},
    author = {Bauer, Aur{\'e}lie and Jaulmes, {\'E}liane and Prouff, Emmanuel and Reinhard, Jean-Ren{\'e} and Wild, Justine},
    journal = {Cryptography and Communications},
    volume = {7},
    pages = {91--119},
    year = {2015},
    publisher = {Springer}
}
@incollection{kabin2019horizontal,
    title = {Horizontal Attacks against {ECC}: From Simulations to {ASIC}},
    author = {Kabin, Ievgen and Dyka, Zoya and Klann, Dan and Langendoerfer, Peter},
    booktitle = {Computer Security},
    pages = {64--76},
    year = {2019},
    publisher = {Springer}
}
@inproceedings{nascimento2017applying,
    title = {Applying Horizontal Clustering Side-Channel Attacks on Embedded {ECC} Implementations},
    author = {Nascimento, Erick and Chmielewski, {\L}ukasz},
    booktitle = {International Conference on Smart Card Research and Advanced Applications},
    pages = {213--231},
    year = {2017},
    organization = {Springer}
}
@inproceedings{walter2001sliding,
    title = {Sliding Windows Succumbs to Big Mac Attack},
    author = {Walter, Colin D.},
    booktitle = {International Workshop on Cryptographic Hardware and Embedded Systems},
    pages = {286--299},
    year = {2001},
    organization = {Springer}
}
@inproceedings{veyrat2011generic,
    title = {Generic Side-Channel Distinguishers: Improvements and Limitations},
    author = {Veyrat-Charvillon, Nicolas and Standaert, Fran{\c{c}}ois-Xavier},
    booktitle = {Annual Cryptology Conference},
    pages = {354--372},
    year = {2011},
    organization = {Springer}
}
@article{timon2019non,
    title = {Non-profiled Deep Learning-based Side-Channel Attacks with Sensitivity Analysis},
    author = {Timon, Benjamin},
    journal = {IACR Transactions on Cryptographic Hardware and Embedded Systems},
    pages = {107--131},
    year = {2019}
}
@book{vega2016rugged,
    title = {Rugged Embedded Systems: Computing in Harsh Environments},
    author = {Vega, Augusto and Bose, Pradip and Buyuktosunoglu, Alper},
    year = {2016},
    publisher = {Morgan Kaufmann}
}
@article{kocher2011introduction,
    title = {Introduction to Differential Power Analysis},
    author = {Kocher, Paul and Jaffe, Joshua and Jun, Benjamin and Rohatgi, Pankaj},
    journal = {Journal of Cryptographic Engineering},
    volume = {1},
    number = {1},
    pages = {5--27},
    year = {2011},
    publisher = {Springer}
}
@inproceedings{jouppi2017datacenter,
    title = {In-datacenter Performance Analysis of a Tensor Processing Unit},
    author = {Jouppi, Norman P. and Young, Cliff and Patil, Nishant and Patterson, David and Agrawal, Gaurav and Bajwa, Raminder and Bates, Sarah and Bhatia, Suresh and Boden, Nan and Borchers, Al and others},
    booktitle = {Proceedings of the 44th Annual International Symposium on Computer Architecture},
    pages = {1--12},
    year = {2017}
}
@inproceedings{chari2002template,
    title = {Template Attacks},
    author = {Chari, Suresh and Rao, Josyula R. and Rohatgi, Pankaj},
    booktitle = {International Workshop on Cryptographic Hardware and Embedded Systems},
    pages = {13--28},
    year = {2002},
    organization = {Springer}
}
@article{wu2021best,
    title = {The Best of Two Worlds: Deep Learning-assisted Template Attack},
    author = {Wu, Lichao and Perin, Guilherme and Picek, Stjepan},
    journal = {Cryptology ePrint Archive},
    year = {2021}
}
@inproceedings{wang2014learning,
    title = {Learning Fine-grained Image Similarity with Deep Ranking},
    author = {Wang, Jiang and Song, Yang and Leung, Thomas and Rosenberg, Chuck and Wang, Jingbin and Philbin, James and Chen, Bo and Wu, Ying},
    booktitle = {Proceedings of the IEEE Conference on Computer Vision and Pattern Recognition},
    pages = {1386--1393},
    year = {2014}
}
@article{lecun1995convolutional,
    title = {Convolutional Networks for Images, Speech, and Time Series},
    author = {LeCun, Yann and Bengio, Yoshua and others},
    journal = {The Handbook of Brain Theory and Neural Networks},
    volume = {3361},
    number = {10},
    pages = {1995},
    year = {1995}
}
@article{bernstein2012high,
    title = {High-speed High-security Signatures},
    author = {Bernstein, Daniel J. and Duif, Niels and Lange, Tanja and Schwabe, Peter and Yang, Bo-Yin},
    journal = {Journal of Cryptographic Engineering},
    volume = {2},
    number = {2},
    pages = {77--89},
    year = {2012},
    publisher = {Springer}
}
@article{breiman2001random,
    title = {Random Forests},
    author = {Breiman, Leo},
    journal = {Machine Learning},
    volume = {45},
    number = {1},
    pages = {5--32},
    year = {2001},
    publisher = {Springer}
}
@book{vapnik1999nature,
    title = {The Nature of Statistical Learning Theory},
    author = {Vapnik, Vladimir},
    year = {1999},
    publisher = {Springer Science \& Business Media}
}
@article{kim2019make,
    title = {Make Some Noise. Unleashing the Power of Convolutional Neural Networks for Profiled Side-Channel Analysis},
    author = {Kim, Jaehun and Picek, Stjepan and Heuser, Annelie and Bhasin, Shivam and Hanjalic, Alan},
    journal = {IACR Transactions on Cryptographic Hardware and Embedded Systems},
    pages = {148--179},
    year = {2019}
}
@inproceedings{maghrebi2016breaking,
    title = {Breaking Cryptographic Implementations using Deep Learning Techniques},
    author = {Maghrebi, Houssem and Portigliatti, Thibault and Prouff, Emmanuel},
    booktitle = {International Conference on Security, Privacy, and Applied Cryptography Engineering},
    pages = {3--26},
    year = {2016},
    organization = {Springer}
}
@inproceedings{cagli2017convolutional,
    title = {Convolutional Neural Networks with Data Augmentation against Jitter-based Countermeasures},
    author = {Cagli, Eleonora and Dumas, C{\'e}cile and Prouff, Emmanuel},
    booktitle = {International Conference on Cryptographic Hardware and Embedded Systems},
    pages = {45--68},
    year = {2017},
    organization = {Springer}
}
@article{zaid2020methodology,
    title = {Methodology for Efficient {CNN} Architectures in Profiling Attacks},
    author = {Zaid, Gabriel and Bossuet, Lilian and Habrard, Amaury and Venelli, Alexandre},
    journal = {IACR Transactions on Cryptographic Hardware and Embedded Systems},
    volume = {2020},
    number = {1},
    pages = {1--36},
    year = {2020}
}
@article{carbone2019deep,
    title = {Deep Learning to Evaluate Secure RSA Implementations},
    author = {Carbone, Mathieu and Conin, Vincent and Cornelie, Marie-Angela and Dassance, Fran{\c{c}}ois and Dufresne, Guillaume and Dumas, C{\'e}cile and Prouff, Emmanuel and Venelli, Alexandre},
    journal = {IACR Transactions on Cryptographic Hardware and Embedded Systems},
    pages = {132--161},
    year = {2019}
}
@inproceedings{picek2017side,
    title = {Side-Channel Analysis and Machine Learning: A Practical Perspective},
    author = {Picek, Stjepan and Heuser, Annelie and Jovic, Alan and Ludwig, Simone A. and Guilley, Sylvain and Jakobovic, Domagoj and Mentens, Nele},
    booktitle = {2017 International Joint Conference on Neural Networks (IJCNN)},
    pages = {4095--4102},
    year = {2017},
    organization = {IEEE}
}
@article{rodriguez2006rotation,
    title = {Rotation Forest: A new Classifier Ensemble Method},
    author = {Rodriguez, Juan Jos{\'e} and Kuncheva, Ludmila I. and Alonso, Carlos J.},
    journal = {IEEE Transactions on Pattern Analysis and Machine Intelligence},
    volume = {28},
    number = {10},
    pages = {1619--1630},
    year = {2006},
    publisher = {IEEE}
}
@article{freund1997decision,
    title = {A Decision-Theoretic Generalization of On-line Learning and an Application to Boosting},
    author = {Freund, Yoav and Schapire, Robert E.},
    journal = {Journal of Computer and System Sciences},
    volume = {55},
    number = {1},
    pages = {119--139},
    year = {1997},
    publisher = {Elsevier}
}
@inproceedings{bernstein2006curve25519,
    title = {Curve25519: New {{Diffie-Hellman}} Speed Records},
    author = {Bernstein, Daniel J.},
    booktitle = {International Workshop on Public Key Cryptography},
    pages = {207--228},
    year = {2006},
    organization = {Springer}
}
@inproceedings{chen2016xgboost,
    title = {Xgboost: A Scalable Tree Boosting System},
    author = {Chen, Tianqi and Guestrin, Carlos},
    booktitle = {Proceedings of the 22nd {ACM} SIGKDD International Conference on Knowledge Discovery and Data Mining},
    pages = {785--794},
    year = {2016}
}
@article{mukhtar2018machine,
    title = {Machine-Learning-based Side-Channel Evaluation of Elliptic-Curve Cryptographic {FPGA} Processor},
    author = {Mukhtar, Naila and Mehrabi, Mohamad Ali and Kong, Yinan and Anjum, Ashiq},
    journal = {Applied Sciences},
    volume = {9},
    number = {1},
    pages = {64},
    year = {2018},
    publisher = {MDPI}
}
@article{hospodar2011machine,
    title = {Machine Learning in Side-Channel Analysis: A first study},
    author = {Hospodar, Gabriel and Gierlichs, Benedikt and De Mulder, Elke and Verbauwhede, Ingrid and Vandewalle, Joos},
    journal = {Journal of Cryptographic Engineering},
    volume = {1},
    number = {4},
    pages = {293--302},
    year = {2011},
    publisher = {Springer}
}
@article{daemen1999aes,
    title = {{AES} Proposal: Rijndael},
    author = {Daemen, Joan and Rijmen, Vincent},
    year = {1999},
    publisher = {Gaithersburg, MD, {USA}}
}
@book{rivest2019method,
    title = {A Method for Obtaining Digital Signatures and Public Key Cryptosystems},
    author = {Rivest, Ronald L. and Shamir, Adi and Adleman, Leonard M.},
    year = {2019},
    publisher = {Routledge}
}
@article{rivest1983cryptographic,
    title = {Cryptographic Communications System and Method, {US4405829A}},
    author = {Rivest, R. and others},
    year = {1983}
}
@article{kelsey2016sha,
    title = {SHA-3 Derived Functions: {cSHAKE}, {KMAC}, {TupleHash} and {ParallelHash}},
    author = {Kelsey, John and Chang, Shu-jen and Perlner, Ray},
    journal = {NIST Special Publication},
    volume = {800},
    pages = {185},
    year = {2016}
}
@article{turner2008keyed,
    title = {The Keyed-Hash Message Authentication Code (HMAC)},
    author = {Turner, James M.},
    journal = {Federal Information Processing Standards Publication},
    volume = {198},
    number = {1},
    year = {2008},
    publisher = {US Department of Commerce, National Institute of Standards and Technology}
}
@inproceedings{bellare1996keying,
    title = {Keying Hash Functions for Message Authentication},
    author = {Bellare, Mihir and Canetti, Ran and Krawczyk, Hugo},
    booktitle = {Annual International Cryptology Conference},
    pages = {1--15},
    year = {1996},
    organization = {Springer}
}
@article{standard1995fips,
    title = {FIPS Pub 180-1},
    author = {Standard, Secure Hash},
    journal = {National Institute of Standards and Technology},
    volume = {17},
    number = {180},
    pages = {15},
    year = {1995}
}
@article{staib2023deep,
  title={Deep Learning Side-Channel Collision Attack},
  author={Staib, Marvin and Moradi, Amir},
  journal={IACR Transactions on Cryptographic Hardware and Embedded Systems},
  pages={422--444},
  year={2023}
}
@misc{1426,
    author = {Quynh Dang},
    title = {Secure Hash Standard},
    year = {2015},
    month = {08},
    publisher = {Federal Inf. Process. Stds. (NIST FIPS), National Institute of Standards and Technology, Gaithersburg, MD},
    doi = {https://doi.org/10.6028/NIST.FIPS.180-4},
    language = {en},
}
@article{penard2008secure,
    title = {On The Secure Hash Algorithm Family},
    author = {Penard, Wouter and van Werkhoven, Tim},
    journal = {Cryptography in Context},
    pages = {1--18},
    year = {2008},
    publisher = {Wiley Newyork}
}
@misc{1421,
    author = {Morris Dworkin},
    title = {SHA-3 Standard: Permutation-based Hash and Extendable-Output Functions},
    year = {2015},
    month = {08},
    publisher = {Federal Inf. Process. Stds. (NIST FIPS), National Institute of Standards and Technology, Gaithersburg, MD},
    doi = {https://doi.org/10.6028/NIST.FIPS.202},
    language = {en},
}
@inproceedings{bertoni2013keccak,
    title = {Keccak},
    author = {Bertoni, Guido and Daemen, Joan and Peeters, Micha{\"e}l and Assche, Gilles Van},
    booktitle = {Annual International Conference on the Theory and Applications of Cryptographic Techniques},
    pages = {313--314},
    year = {2013},
    organization = {Springer}
}
@techreport{barker2017recommendationTDEA,
    title = {Recommendation for the Triple Data Encryption Algorithm (TDEA) block cipher},
    author = {Barker, Elaine and Mouha, Nicky},
    year = {2017},
    institution = {National Institute of Standards and Technology}
}
@misc{dworkin,
    title = {Block Cipher Techniques},
    url = {https://csrc.nist.gov/projects/block-cipher-Techniques},
    journal = {NIST},
    publisher = {National Institute of Standards and Technology},
    author = {Dworkin, Morris}
}
@misc{117146,
    author = {Morris Dworkin and Elaine Barker and James Nechvatal and James Foti and Lawrence Bassham and E. Roback and James Dray},
    title = {Advanced Encryption Standard ({AES})},
    year = {2001},
    month = {11},
    publisher = {Federal Inf. Process. Stds. (NIST FIPS), National Institute of Standards and Technology, Gaithersburg, MD},
    doi = {https://doi.org/10.6028/NIST.FIPS.197},
    language = {en},
}
@inproceedings{mccurley1990discrete,
    title = {The Discrete Logarithm Problem},
    author = {McCurley, Kevin S.},
    booktitle = {Proc. of Symp. in Applied Math},
    volume = {42},
    pages = {49--74},
    year = {1990},
    organization = {{USA}}
}
@article{brown2009sec,
    title = {SEC 1: Elliptic Curve Cryptography},
    author = {Brown, Daniel R.L.},
    journal = {Certicom Research},
    volume = {2},
    year = {2009},
    month = {5}
}
@article{abdalla2001dhies,
    title = {DHIES: An Encryption Scheme based on the Diffie-Hellman Problem},
    author = {Abdalla, Michel and Bellare, Mihir and Rogaway, Phillip},
    year = {2001}
}
@inproceedings{martinez2010comparison,
    title = {A Comparison of the Standardized Versions of ECIES},
    author = {Mart{\'i}nez, V. Gayoso and Encinas, L. Hern{\'a}ndez and others},
    booktitle = {2010 Sixth International Conference on Information Assurance and Security},
    pages = {1--4},
    year = {2010},
    organization = {IEEE}
}
@mastersthesis{navalorenzo,
  author = {Nava, Lorenzo}, 
  title = {Side-Channel Attack on {ECC} Cryptosystem by using Neural Networks},
  school = {Università degli Studi di Milano},
  year = {2020},
  month = {12}
}
@inproceedings{prouff2013masking,
    title = {Masking against Side-Channel Attacks: A Formal Security Proof},
    author = {Prouff, Emmanuel and Rivain, Matthieu},
    booktitle = {Annual International Conference on the Theory and Applications of Cryptographic Techniques},
    pages = {142--159},
    year = {2013},
    organization = {Springer}
}
@inproceedings{ishai2003private,
    title = {Private Circuits: Securing Hardware against Probing Attacks},
    author = {Ishai, Yuval and Sahai, Amit and Wagner, David},
    booktitle = {Annual International Cryptology Conference},
    pages = {463--481},
    year = {2003},
    organization = {Springer}
}
@incollection{lenstra2013universal,
    title = {Universal Security},
    author = {Lenstra, Arjen K. and Kleinjung, Thorsten and Thom{\'e}, Emmanuel},
    booktitle = {Number Theory and Cryptography},
    pages = {121--124},
    year = {2013},
    publisher = {Springer}
}
@article{lenstra1982factoring,
    title = {Factoring Polynomials with Rational Coefficients},
    author = {Lenstra, Arjen K. and Lenstra, Hendrik Willem and Lov{\'a}sz, L{\'a}szl{\'o}},
    journal = {Mathematische Annalen},
    volume = {261},
    number = {ARTICLE},
    pages = {515--534},
    year = {1982},
    publisher = {Springer Verlag}
}
@book{thompson1983error,
    title = {From Error-Correcting Codes through Sphere Packings to Simple Groups},
    author = {Thompson, Thomas M.},
    volume = {21},
    year = {1983},
    publisher = {American Mathematical Soc.}
}
@article{fisher1936use,
	title = {The Use of Multiple Measurements in Taxonomic Problems},
	author = {Fisher, Ronald A.},
	journal = {Annals of Eugenics},
	volume = {7},
	number = {2},
	pages = {179--188},
	year = {1936},
	publisher = {Wiley Online Library},
	doi = {https://doi.org/10.1111/j.1469-1809.1936.tb02137.x},
}
@article{fisher1938statistical,
	title = {The Statistical Utilization of Multiple Measurements},
	author = {Fisher, Ronald A.},
	journal = {Annals of Eugenics},
	volume = {8},
	number = {4},
	pages = {376--386},
	year = {1938},
	publisher = {Wiley Online Library},
	doi = {https://doi.org/10.1111/j.1469-1809.1938.tb02189.x},
}
@manual{sagemath,
    key = {SageMath},
    author = {{The Sage Developers}},
    title = {{S}ageMath, the {S}age {M}athematics {S}oftware {S}ystem ({V}ersion 9.3)},
    url = {https://www.sagemath.org},
    year = {2021}
}
@misc{chollet2015keras,
    key = {Keras},
    title = {Keras},
    author = {Chollet, Fran\c{c}ois and others},
    year = {2015},
    url = {https://keras.io}
}
@misc{kaggle,
    key = {Kaggle},
    title = {Kaggle},
    author = {Anthony Goldbloom, Ben Hamner, Jeff Moser and others},
    url = {https://www.kaggle.com},
    year = {2010}
}
@inproceedings{soton403913,
    booktitle = {Positioning and Power in Academic Publishing: Players, Agents and Agendas},
    editor = {Fernando Loizides and Birgit Scmidt},
    title = {Jupyter Notebooks ? A Publishing Format for Reproducible Computational Workflows},
    author = {Thomas Kluyver and Benjamin Ragan-Kelley and Fernando P{\'e}rez and Brian Granger and Matthias Bussonnier and Jonathan Frederic and Kyle Kelley and Jessica Hamrick and Jason Grout and Sylvain Corlay and Paul Ivanov and Dami{\'a}n Avila and Safia Abdalla and Carol Willing and  Jupyter development team},
    publisher = {IOS Press},
    year = {2016},
    pages = {87--90},
    url = {https://eprints.soton.ac.uk/403913/}
}
@misc{stmicroelectronics32cubeide,
    author = {STMicroelectronics},
    title = {STM32CubeIDE},
    howpublished = {\url{https://www.st.com/en/development-tools/stm32cubeide.html}}
}
@article{JMLR:v15:srivastava14a,
    author = {Nitish Srivastava and Geoffrey Hinton and Alex Krizhevsky and Ilya Sutskever and Ruslan Salakhutdinov},
    title = {Dropout: A Simple Way to Prevent Neural Networks from Overfitting},
    journal = {Journal of Machine Learning Research},
    year = {2014},
    volume = {15},
    number = {56},
    pages = {1929-1958},
    url = {http://jmlr.org/papers/v15/srivastava14a.html}
}
@article{scikit-learn,
    title = {Scikit-learn: Machine Learning in {P}ython},
    author = {Pedregosa, F. and Varoquaux, G. and Gramfort, A. and Michel, V. and Thirion, B. and Grisel, O. and Blondel, M. and Prettenhofer, P. and Weiss, R. and Dubourg, V. and Vanderplas, J. and Passos, A. and Cournapeau, D. and Brucher, M. and Perrot, M. and Duchesnay, E.},
    journal = {Journal of Machine Learning Research},
    volume = {12},
    pages = {2825--2830},
    year = {2011}
}
@inproceedings{sklearn_api,
    author = {Lars Buitinck and Gilles Louppe and Mathieu Blondel and Fabian Pedregosa and Andreas Mueller and Olivier Grisel and Vlad Niculae and Peter Prettenhofer and Alexandre Gramfort and Jaques Grobler and Robert Layton and Jake VanderPlas and Arnaud Joly and Brian Holt and Ga{\"{e}}l Varoquaux},
    title = {{API} design for Machine Learning Software: Experiences from the scikit-learn Project},
    booktitle = {ECML PKDD Workshop: Languages for Data Mining and Machine Learning},
    year = {2013},
    pages = {108--122},
}
@Comment CHES @article{ryan2019return,
    title = {Return of the Hidden Number Problem: A Widespread and Novel Key Extraction Attack on {ECDSA} and {DSA}},
    author = {Ryan, Keegan},
    journal = {IACR Transactions on Cryptographic Hardware and Embedded Systems},
    pages = {146--168},
    year = {2019}
}
@Comment Variation Information @inproceedings{meila2005comparing,
    title = {Comparing Clusterings: an Axiomatic View},
    author = {Meilǎ, Marina},
    booktitle = {Proceedings of the 22nd International Conference on Machine Learning},
    pages = {577--584},
    year = {2005}
}
@Comment Hamming @inproceedings{rivain2009higher,
    title={Higher-Order Masking and Shuffling for Software Implementations of Block Ciphers},
    author={Rivain, Matthieu and Prouff, Emmanuel and Doget, Julien},
    booktitle={International Workshop on Cryptographic Hardware and Embedded Systems},
    pages={171--188},
    year={2009},
    organization={Springer}
}
@Comment Hamming @inproceedings{chari1999towards,
    title = {Towards Sound Approaches to Counteract Power-Analysis Attacks},
    author = {Chari, Suresh and Jutla, Charanjit S and Rao, Josyula R and Rohatgi, Pankaj},
    booktitle = {Annual International Cryptology Conference},
    pages = {398--412},
    year = {1999},
    organization = {Springer}
}
@misc{https://doi.org/10.48550/arxiv.1906.01703,
    doi = {10.48550/ARXIV.1906.01703},
    url = {https://arxiv.org/abs/1906.01703},
    author = {Zhang, Jiawei},
    keywords = {Neurons and Cognition (q-bio.NC), FOS: Biological Sciences, FOS: Biological Sciences},
    title = {Basic Neural Units of the Brain: Neurons, Synapses and Action Potential},
    publisher = {arXiv},
    year = {2019},
    copyright = {arXiv.org perpetual, non-exclusive license}
}
@article{baldwin2012co,
    title = {Co-$Z$ {ECC} Scalar Multiplications for Hardware, Software and Hardware--Software co-design on Embedded Systems},
    author = {Baldwin, Brian and Goundar, Raveen R and Hamilton, Mark and Marnane, William P},
    journal = {Journal of Cryptographic Engineering},
    volume = {2},
    number = {4},
    pages = {221--240},
    year = {2012},
    publisher = {Springer}
}
@misc{TikZ:for:Cryptographers,
    author = {J\'er\'emy Jean},
    title = {TikZ for Cryptographers},
    howpublished = {\url{https://www.iacr.org/authors/tikz/}},
    year = {2016}
}
@inproceedings{benger2014ooh,
    title = {``{Ooh} Aah\dots {Just} a Little Bit'': A Small Amount of Side Channel Can Go a Long Way},
    author = {Benger, Naomi and Pol, Joop van de and Smart, Nigel P and Yarom, Yuval},
    booktitle = {International Workshop on Cryptographic Hardware and Embedded Systems},
    pages = {75--92},
    year = {2014},
    organization = {Springer}
}
@inproceedings{roche2021side,
    title = {A Side Journey to Titan},
    author = {Roche, Thomas and Lomn{\'e}, Victor and Mutschler, Camille and Imbert, Laurent},
    booktitle = {30th USENIX Security Symposium (USENIX Security 21)},
    pages = {231--248},
    year = {2021}
}
@inproceedings{roche2013collision,
    title = {Collision-correlation attack against some 1 st-order boolean masking schemes in the context of secure devices},
    author = {Roche, Thomas and Lomn{\'e}, Victor},
    booktitle = {Constructive Side-Channel Analysis and Secure Design: 4th International Workshop, COSADE 2013, Paris, France, March 6-8, 2013, Revised Selected Papers 4},
    pages = {114--136},
    year = {2013},
    organization = {Springer}
}
@incollection{fan2012updated,
    title = {An Updated Survey on Secure {ECC} Implementations: Attacks, Countermeasures and Cost},
    author = {Fan, Junfeng and Verbauwhede, Ingrid},
    booktitle = {Cryptography and Security: From Theory to Applications},
    pages = {265--282},
    year = {2012},
    publisher = {Springer}
}
@article{danger2013synthesis,
    title = {A Synthesis of Side-Channel Attacks on Elliptic Curve Cryptography in Smart-Cards},
    author = {Danger, Jean-Luc and Guilley, Sylvain and Hoogvorst, Philippe and Murdica, C{\'e}dric and Naccache, David},
    journal = {Journal of Cryptographic Engineering},
    volume = {3},
    number = {4},
    pages = {241--265},
    year = {2013},
    publisher = {Springer}
}
@inproceedings{micali2004physically,
    author = {Micali, Silvio and Reyzin, Leonid},
    year = {2004},
    month = {01},
    pages = {278-296},
    title = {Physically Observable Cryptography (Extended Abstract).},
    volume = {2951},
    journal = {Lecture Notes in Computer Science}
}
@inproceedings{tretyakov2004machine,
    title = {Machine Learning Techniques in Spam Filtering},
    author = {Tretyakov, Konstantin},
    booktitle = {Data Mining Problem-Oriented Seminar, MTAT},
    volume = {3},
    number = {177},
    pages = {60--79},
    year = {2004},
    organization = {Citeseer}
}
@article{tsai2009intrusion,
    title = {Intrusion Detection by Machine Learning: A Review},
    author = {Tsai, Chih-Fong and Hsu, Yu-Feng and Lin, Chia-Ying and Lin, Wei-Yang},
    journal = {Expert Systems with Applications},
    volume = {36},
    number = {10},
    pages = {11994--12000},
    year = {2009},
    publisher = {Elsevier}
}
@inproceedings{taigman2014deepface,
    title = {Deepface: Closing the Gap to Human-Level Performance in Face Verification},
    author = {Taigman, Yaniv and Yang, Ming and Ranzato, Marc'Aurelio and Wolf, Lior},
    booktitle = {Proceedings of the IEEE Conference on Computer Vision and Pattern Recognition},
    pages = {1701--1708},
    year = {2014}
}
 @misc{NACLlib,
    title = {$\mu$NaCl – The Networking and Cryptography Library for Microcontrollers},
    author = {Michael Hutter and Peter Schwabe},
    url = {https://munacl.cryptojedi.org/},
    journal = {$\mu$NaCl – The Networking and Cryptography Library for Microcontrollers}
}
@misc{brownlee_2020,
    author = {Brownlee, Jason},
    title = {{LSTM}s for Human Activity Recognition Time Series Classification},
    journal = {Machine Learning Mastery}, 
    publisher = {Machine Learning Mastery}, 
    note = {\url{https://machinelearningmastery.com/how-to-develop-rnn-models-for-human-activity-recognition-time-series-classification/}},
    year = {2020}
}