@inproceedings{Gedikli2021,
  title        = {{Semi-Automated Identification of News Story Chains}},
  author       = {Fatih Gedikli and Anne Stockem Novo and Dietmar Jannach},
  year         = 2021,
  booktitle    = {Proc. of the 9th Int. Workshop on News Recommendation and Analytics (INRA 2021)},
  series       = {CEUR Workshop Proceedings},
  volume       = 3143,
  pages        = {29--42}
}

@misc{Goyal2022,
  title         = {{News Summarization and Evaluation in the Era of GPT-3}}, 
  author        = {Tanya Goyal and Junyi Jessy Li and Greg Durrett},
  year          = 2022,
  eprint        = {2209.12356},
  archivePrefix = {arXiv},
  primaryClass  = {cs.CL},
  url           = {https://arxiv.org/abs/2209.12356}
}

@inproceedings{Liu2019,
  title        = {{Text Summarization with Pretrained Encoders}},
  author       = {Liu, Yang  and Lapata, Mirella},
  year         = 2019,
  booktitle    = {Proceedings of the 2019 Conf. on Empirical Methods in Natural Language Processing and the 9th Int. Joint Conf. on Natural Language Processing (EMNLP-IJCNLP)},
  publisher    = {Acl},
  address      = {Hong Kong, China},
  pages        = {3730--3740}
}

@inproceedings{Stiennon2020,
  title        = {{Learning to summarize from human feedback}},
  author       = {Stiennon, Nisan and Ouyang, Long and Wu, Jeff and others},
  year         = 2020,
  booktitle    = {Proceedings of the 34th International Conference on Neural Information Processing Systems},
  location     = {Vancouver, BC, Canada},
  publisher    = {Curran Associates Inc.},
  address      = {Ny, Usa},
  series       = {Nips '20},
  isbn         = 9781713829546,
  articleno    = 253,
  numpages     = 14
}

@inproceedings{StockemNovo2023,
  title        = {Explaining BERT model decisions for near-duplicate news article detection based on named entity recognition},
  author       = {Stockem Novo, Anne and Gedikli, Fatih},
  year         = 2023,
  booktitle    = {2023 IEEE 17th International Conference on Semantic Computing (ICSC)},
  pages        = {278--281}
}

@inproceedings{liu2023learning,
  title        = {{On Learning to Summarize with Large Language Models as References}},
  author       = {Liu, Yixin  and Shi, Kejian  and He, Katherine  and others},
  year         = 2024,
  month        = jun,
  booktitle    = {Proceedings of the 2024 Conference of the North American Chapter of the Association for Computational Linguistics: Human Language Technologies (Volume 1: Long Papers)},
  publisher    = {Acl},
  address      = {Mexico City, Mexico},
  pages        = {8647--8664}
}

@article{wei2022chain,
  title        = {{Chain-of-thought prompting elicits reasoning in large language models}},
  author       = {Wei, Jason and Wang, Xuezhi and Schuurmans, Dale and others},
  year         = 2022,
  journal      = {Advances in neural information processing systems},
  volume       = 35,
  pages        = {24824--24837}
}

@article{zhang2024benchmarking,
  title        = {{Benchmarking large language models for news summarization}},
  author       = {Zhang, Tianyi and Ladhak, Faisal and Durmus, Esin and others},
  year         = 2024,
  journal      = {Transactions of the ACL},
  publisher    = {MIT Press One Broadway, 12th Floor, Cambridge, Massachusetts 02142, USA~â€¦},
  volume       = 12,
  pages        = {39--57}
}

@article{zhang2024systematic,
  title        = {{A Systematic Survey of Text Summarization: From Statistical Methods to Large Language Models}},
  author       = {Haopeng Zhang and Philip S. Yu and Jiawei Zhang},
  year         = 2024,
  journal      = {arXiv preprint arXiv:2406.11289},
  url          = {https://arxiv.org/abs/2406.11289},
  eprint       = {2406.11289},
  archiveprefix = {arXiv},
  primaryclass = {cs.CL}
}

