@article{Holgado2024,
  title        = {{Brilliance in resilience: operations and supply chain management’s role in achieving a sustainable future}},
  author       = {Maria Holgado and Constantin Blome and Martin C Schleper and Nachiappan Subramanian},
  year         = 2024,
  month        = 3,
  journal      = {International Journal of Operations \& Production Management},
  volume       = 44,
  number       = 5,
  pages        = {877--899}
}

@inproceedings{StockemNovo2023,
  title        = {Explaining BERT model decisions for near-duplicate news article detection based on named entity recognition},
  author       = {Stockem Novo, Anne and Gedikli, Fatih},
  year         = 2023,
  booktitle    = {2023 IEEE 17th International Conference on Semantic Computing (ICSC)},
  pages        = {278--281}
}

@article{Ivanov18062021,
  title        = {Supply Chain Viability and the COVID-19 pandemic: a conceptual and formal generalisation of four major adaptation strategies},
  author       = {Dmitry Ivanov},
  year         = 2021,
  journal      = {International Journal of Production Research},
  publisher    = {Taylor \& Francis},
  volume       = 59,
  number       = 12,
  pages        = {3535--3552}
}

@article{scrm_Tang2006,
  title        = {{Perspectives in supply chain risk management}},
  author       = {Tang, Christopher S.},
  year         = 2006,
  month        = {October},
  journal      = {International Journal of Production Economics},
  volume       = 103,
  number       = 2,
  pages        = {451--488},
  doi          = {},
  url          = {https://ideas.repec.org/a/eee/proeco/v103y2006i2p451-488.html},
  keywords     = {},
  abstract     = {No abstract is available for this item.}
}

@inproceedings{hu2022lora,
  title        = {Lo{RA}: Low-Rank Adaptation of Large Language Models},
  author       = {Edward J Hu and yelong shen and Phillip Wallis and Zeyuan Allen-Zhu and Yuanzhi Li and Shean Wang and Lu Wang and Weizhu Chen},
  year         = 2022,
  booktitle    = {Int. Conf. on Learning Representations}
}

@inproceedings{hendrycks2021measuring,
  title        = {{Measuring Massive Multitask Language Understanding}},
  author       = {Dan Hendrycks and Collin Burns and Steven Basart and others},
  year         = 2021,
  booktitle    = {International Conference on Learning Representations}
}

@inproceedings{nips_WangMZNCGRAHJLK24,
  title        = {{MMLU-Pro: {A} More Robust and Challenging Multi-Task Language Understanding Benchmark}},
  author       = {Yubo Wang and Xueguang Ma and Ge Zhang and others},
  year         = 2024,
  booktitle    = {Advances in Neural Information Processing Systems 38 (NeurIPS 2024, Vancouver, Canada)}
}

@inproceedings{rein2024gpqa,
  title        = {{{GPQA}: A Graduate-Level Google-Proof Q\&A Benchmark}},
  author       = {David Rein and Betty Li Hou and Asa Cooper Stickland and others},
  year         = 2024,
  booktitle    = {First Conference on Language Modeling}
}

@article{Hohenstein2022,
  title        = {{Supply chain risk management in the COVID-19 pandemic: Strategies and empirical lessons for improving global logistics service providers’ performance}},
  author       = {Hohenstein, Nils-Ole},
  year         = 2022,
  month        = {01},
  journal      = {The International Journal of Logistics Management},
  volume       = 33,
  number       = 4,
  pages        = {1336--1365}
}

@inproceedings{Liu2019,
  title        = {{Text Summarization with Pretrained Encoders}},
  author       = {Liu, Yang  and Lapata, Mirella},
  year         = 2019,
  booktitle    = {Proceedings of the 2019 Conf. on Empirical Methods in Natural Language Processing and the 9th Int. Joint Conf. on Natural Language Processing (EMNLP-IJCNLP)},
  publisher    = {Acl},
  address      = {Hong Kong, China},
  pages        = {3730--3740}
}

@inproceedings{Stiennon2020,
  title        = {{Learning to summarize from human feedback}},
  author       = {Stiennon, Nisan and Ouyang, Long and Wu, Jeff and others},
  year         = 2020,
  booktitle    = {Proceedings of the 34th International Conference on Neural Information Processing Systems},
  location     = {Vancouver, BC, Canada},
  publisher    = {Curran Associates Inc.},
  address      = {Ny, Usa},
  series       = {Nips '20},
  isbn         = 9781713829546,
  articleno    = 253,
  numpages     = 14
}

@misc{Goyal2022,
  title         = {{News Summarization and Evaluation in the Era of GPT-3}}, 
  author        = {Tanya Goyal and Junyi Jessy Li and Greg Durrett},
  year          = 2022,
  eprint        = {2209.12356},
  archivePrefix = {arXiv},
  primaryClass  = {cs.CL},
  url           = {https://arxiv.org/abs/2209.12356}
}

@inproceedings{Gedikli2021,
  title        = {{Semi-Automated Identification of News Story Chains}},
  author       = {Fatih Gedikli and Anne Stockem Novo and Dietmar Jannach},
  year         = 2021,
  booktitle    = {Proc. of the 9th Int. Workshop on News Recommendation and Analytics (INRA 2021)},
  series       = {CEUR Workshop Proceedings},
  volume       = 3143,
  pages        = {29--42}
}

@book{ColBenh:93,
  title        = {{Constraint {L}ogic {P}rogramming, {S}elected {R}esearch}},
  year         = 1993,
  publisher    = {MIT Press},
  editor       = {Fr\'ed\'eric Benhamou and Alain Colmerauer}
}

@book{ArmsRace1,
  title        = {{Arms and {I}nsecurity}},
  author       = {L. F. Richardson},
  year         = 1960,
  publisher    = {Boxwood},
  address      = {Pittsburg},
  pages        = {200--253}
}

@book{ComplexVariables,
  title        = {{Complex {V}ariables and {A}pplications}},
  author       = {R. V. Churchill and J. W. Brown},
  year         = 1990,
  publisher    = {McGraw-Hill},
  pages        = {215--253},
  edition      = {5th}
}

@inproceedings{conftypical,
  title        = {{Pull-in Time Dynamics as a Measure of Absolute Pressure}},
  author       = {R. K. Gupta and S. D. Senturia},
  year         = 1997,
  month        = jan,
  booktitle    = {Proc. {IEEE} International Workshop on Microelectromechanical Systems ({MEMS}'97)},
  address      = {Nagoya, Japan},
  pages        = {290--294},
  note         = {\url{https://doi.org/10.1109/MEMSYS.1997.581830}}
}

@inproceedings{Moss94,
  title        = {{Stochastic resonance: From the ice ages to the monkey's ear}},
  author       = {F. Moss},
  year         = 1994,
  pages        = {205--253},
  note         = {\url{https://doi.org/10.1137/1.9781611971552.ch5}},
  crossref     = {Weiss94}
}

@proceedings{Weiss94,
  title        = {{Contemporary {P}roblems in {S}tatistical {P}hysics}},
  year         = 1994,
  booktitle    = {Contemporary {P}roblems in {S}tatistical {P}hysics},
  publisher    = {SIAM, Philadelphia},
  editor       = {G. H. Weiss}
}

@article{best,
  title        = {{{$R$}-matrices and the magic square}},
  author       = {Westbury, Bruce W.},
  year         = 2003,
  journal      = {J. Phys. A.},
  volume       = 36,
  number       = 7,
  pages        = {1947--1959},
  issn         = {0305-4470},
  note         = {\url{https://doi.org/10.1088/0305-4470/36/11/501}},
  fjournal     = {Journal of Physics. A. Mathematical and General},
  coden        = {Jphac5},
  mrclass      = {17b10},
  mrnumber     = {1 960 703}
}

@article{pier,
  title        = {{On the exceptional series, and its descendants}},
  author       = {Deligne, Pierre X. and Gross, Benedict H.},
  year         = 2002,
  journal      = {C. R. Math. Acad. Sci. Paris},
  volume       = 335,
  number       = 11,
  pages        = {877--881},
  issn         = {1631-073x},
  note         = {\url{https://doi.org/10.1016/S1631-073X(02)02590-6}},
  fjournal     = {Comptes Rendus Math\'ematique. Acad\'emie des Sciences. Paris},
  mrclass      = {20Gxx},
  mrnumber     = {1 952 563}
}

@article{jame,
  title        = {{Triality, exceptional {L}ie algebras and {D}eligne dimension formulas}},
  author       = {Landsberg, James. M. and Manivel, L.},
  year         = 2002,
  journal      = {Adv. Math.},
  volume       = 171,
  number       = 1,
  pages        = {59--85},
  issn         = {0001-8708},
  note         = {\url{https://doi.org/10.1006/aima.2002.2071}},
  fjournal     = {Advances in Mathematics},
  coden        = {Admta4},
  mrclass      = {17b20 (17b25)},
  mrnumber     = {1 933 384},
  mrreviewer   = {Dmitri I. Panyushev}
}

@techreport{hobby1992,
  title        = {{A User's Manual for MetaPost}},
  author       = {John D. Hobby},
  year         = 1992,
  month        = {apr},
  address      = {Murray Hill, New Jersey},
  number       = 162,
  language     = {english},
  institution  = {AT\&T Bell Laboratories},
  date         = {April 1992},
  npages       = {ii+88~pages}
}

@techreport{CSTR116,
  title        = {{{PIC}---{A} Graphics Language for Typesetting}},
  author       = {Kernighan, Brian W.},
  year         = 1984,
  address      = {Murray Hill, New Jersey},
  number       = 116,
  type         = {Computing Science Technical Report},
  institution  = {AT\&T Bell Laboratories}
}

@unpublished{VoQS,
  title        = {{VoQS: Voice Quality Symbols}},
  author       = {Ball, Martin J. and Esling, John and Dickson, Craig},
  year         = 1994,
  note         = {Revised to 1994}
}

@phdthesis{Brown:1988:IEL,
  title        = {{An Interactive Environment for Literate Programming}},
  author       = {Marcus E. Brown},
  year         = 1988,
  month        = {aug},
  address      = {Tx, Usa},
  pages        = {ix + 102},
  school       = {Texas A\&M University}
}

@inbook{inbook,
  title        = {{Seismic {V}elocity {A}nisotropy {C}alculated for {U}ltramafic {M}inerals and {A}ggregates}},
  author       = {D. W. Baker and N. L. Carter},
  year         = 1972,
  booktitle    = {Flow and {F}racture of {R}ocks},
  publisher    = {Am. Geophys. Union},
  series       = {Geophys. Mono.},
  volume       = 16,
  pages        = {157--166},
  note         = {\url{https://doi.org/10.1029/GM016p0157}}
}

@mastersthesis{segms,
  title        = {{Quantitative interpretation of ariborne electromagnetic response for a spherical model}},
  author       = {G[unter] S[ergei] Lodha},
  year         = 1974,
  school       = {University of Toronto}
}

@incollection{Jones:Phoneme,
  title        = {{The term `phoneme'}},
  author       = {Jones, Daniel},
  year         = 1973,
  booktitle    = {Phonetics in Linguistics: A Book of Reading},
  publisher    = {Longman},
  address      = {London},
  pages        = {187--204},
  editor       = {Jones, W. E. and Laver, J.}
}

@booklet{URW:kerning,
  title        = {{Kerning on the Fly}},
  author       = {Bill Murrey},
  year         = 1991,
  address      = {Pittsburg},
  howpublished = {URW Non-Plus-Ultra Typography series}
}

@article{wei2022chain,
  title        = {{Chain-of-thought prompting elicits reasoning in large language models}},
  author       = {Wei, Jason and Wang, Xuezhi and Schuurmans, Dale and others},
  year         = 2022,
  journal      = {Advances in neural information processing systems},
  volume       = 35,
  pages        = {24824--24837}
}

@article{zhang2024benchmarking,
  title        = {{Benchmarking large language models for news summarization}},
  author       = {Zhang, Tianyi and Ladhak, Faisal and Durmus, Esin and others},
  year         = 2024,
  journal      = {Transactions of the ACL},
  publisher    = {MIT Press One Broadway, 12th Floor, Cambridge, Massachusetts 02142, USA~…},
  volume       = 12,
  pages        = {39--57}
}

@inproceedings{liu2023learning,
  title        = {{On Learning to Summarize with Large Language Models as References}},
  author       = {Liu, Yixin  and Shi, Kejian  and He, Katherine  and others},
  year         = 2024,
  month        = jun,
  booktitle    = {Proceedings of the 2024 Conference of the North American Chapter of the Association for Computational Linguistics: Human Language Technologies (Volume 1: Long Papers)},
  publisher    = {Acl},
  address      = {Mexico City, Mexico},
  pages        = {8647--8664}
}

@article{zhang2024systematic,
  title        = {{A Systematic Survey of Text Summarization: From Statistical Methods to Large Language Models}},
  author       = {Haopeng Zhang and Philip S. Yu and Jiawei Zhang},
  year         = 2024,
  journal      = {arXiv preprint arXiv:2406.11289},
  url          = {https://arxiv.org/abs/2406.11289},
  eprint       = {2406.11289},
  archiveprefix = {arXiv},
  primaryclass = {cs.CL}
}

@misc{openai2024prompt,
  title        = {{Prompt Engineering - Enhance Results with Prompt Engineering Strategies}},
  author       = {{OpenAI}},
  url          = {https://platform.openai.com/docs/guides/prompt-engineering},
  note         = {\url{https://platform.openai.com/docs/guides/prompt-engineering}, Accessed: 2024-06-04}
}

@article{rust2020good,
  title        = {{How good is your tokenizer? on the monolingual performance of multilingual language models}},
  author       = {Rust, Phillip and Pfeiffer, Jonas and Vuli{\'c}, Ivan and others},
  year         = 2020,
  journal      = {arXiv preprint arXiv:2012.15613}
}

@article{reiter2009investigation,
  title        = {{An investigation into the validity of some metrics for automatically evaluating natural language generation systems}},
  author       = {Reiter, Ehud and Belz, Anja},
  year         = 2009,
  journal      = {Computational Linguistics},
  publisher    = {MIT Press One Rogers Street, Cambridge, MA 02142-1209, USA journals-info~…},
  volume       = 35,
  number       = 4,
  pages        = {529--558}
}

@inproceedings{liu2022revisiting,
  title        = {{Revisiting the Gold Standard: Grounding Summarization Evaluation with Robust Human Evaluation}},
  author       = {Yixin Liu and Alexander R. Fabbri and Pengfei Liu and others},
  year         = 2023,
  booktitle    = {Proceedings of the 61th Annual Meeting of the Association for Computational Linguistics}
}

@article{schuff2023human,
  title        = {{How to do human evaluation: A brief introduction to user studies in NLP}},
  author       = {Schuff, Hendrik and Vanderlyn, Lindsey and Adel, Heike and others},
  year         = 2023,
  journal      = {Natural Language Engineering},
  volume       = 29,
  number       = 5,
  pages        = {1199--1222}
}

@inproceedings{mann2020language,
  title        = {{Language Models are Few-Shot Learners}},
  author       = {Brown, Tom and Mann, Benjamin and Ryder, Nick and others},
  year         = 2020,
  booktitle    = {Advances in Neural Information Processing Systems},
  publisher    = {Curran Associates, Inc.},
  volume       = 33,
  pages        = {1877--1901}
}

@article{kim2015t,
  title        = {{T test as a parametric statistic}},
  author       = {Kim, Tae Kyun},
  year         = 2015,
  journal      = {Korean journal of anesthesiology},
  publisher    = {The Korean Society of Anesthesiologists},
  volume       = 68,
  number       = 6,
  pages        = {540--546}
}

@article{mishra2019application,
  title        = {{Application of student's t-test, analysis of variance, and covariance}},
  author       = {Mishra, Prabhaker and Singh, Uttam and Pandey, Chandra M and others},
  year         = 2019,
  journal      = {Annals of cardiac anaesthesia},
  publisher    = {Medknow},
  volume       = 22,
  number       = 4,
  pages        = {407--411}
}

@article{basyal2023text,
  title        = {{Text Summarization Using Large Language Models: A Comparative Study of MPT-7b-instruct}},
  author       = {Basyal, Lochan and Sanghvi, Mihir},
  year         = 2023,
  journal      = {Falcon-7b-instruct, and OpenAI Chat-GPT Models}
}

@article{katz2024gpt,
  title        = {{Gpt-4 passes the bar exam}},
  author       = {Katz, Daniel Martin and Bommarito, Michael James and Gao, Shang and others},
  year         = 2024,
  journal      = {Philosophical Transactions of the Royal Society A},
  publisher    = {The Royal Society},
  volume       = 382,
  number       = 2270,
  pages        = 20230254
}
