@article{ai2024apcodec,
  title={APCodec: A Neural Audio Codec with Parallel Amplitude and Phase Spectrum Encoding and Decoding},
  author={Ai, Yang and Jiang, Xiao-Hang and Lu, Ye-Xin and Du, Hui-Peng and Ling, Zhen-Hua},
  journal={arXiv preprint arXiv:2402.10533},
  year={2024}
}

@article{borsos2023audiolm,
  title={Audiolm: a language modeling approach to audio generation},
  author={Borsos, Zal{\'a}n and Marinier, Rapha{\"e}l and Vincent, Damien and Kharitonov, Eugene and Pietquin, Olivier and Sharifi, Matt and Roblek, Dominik and Teboul, Olivier and Grangier, David and Tagliasacchi, Marco and others},
  journal={IEEE/ACM transactions on audio, speech, and language processing},
  volume={31},
  pages={2523--2533},
  year={2023},
}

@article{chen2022wavlm,
  title={Wavlm: Large-scale self-supervised pre-training for full stack speech processing},
  author={Chen, Sanyuan and Wang, Chengyi and Chen, Zhengyang and Wu, Yu and Liu, Shujie and Chen, Zhuo and Li, Jinyu and Kanda, Naoyuki and Yoshioka, Takuya and Xiao, Xiong and others},
  journal={IEEE Journal of Selected Topics in Signal Processing},
  volume={16},
  number={6},
  pages={1505--1518},
  year={2022}
}

@article{defossez2022encodec,
  title={High fidelity neural audio compression},
  author={D{\'e}fossez, Alexandre and Copet, Jade and Synnaeve, Gabriel and Adi, Yossi},
  journal={arXiv preprint arXiv:2210.13438},
  year={2022}
}

@article{dong2023polyvoice,
  title={Polyvoice: Language models for speech to speech translation},
  author={Dong, Qianqian and Huang, Zhiying and Tian, Qiao and Xu, Chen and Ko, Tom and Zhao, Yunlong and Feng, Siyuan and Li, Tang and Wang, Kexin and Cheng, Xuxin and others},
  journal={arXiv preprint arXiv:2306.02982},
  year={2023}
}

@inproceedings{du2024funcodec,
  title={Funcodec: A fundamental, reproducible and integrable open-source toolkit for neural speech codec},
  author={Du, Zhihao and Zhang, Shiliang and Hu, Kai and Zheng, Siqi},
  booktitle={ICASSP 2024-2024 IEEE International Conference on Acoustics, Speech and Signal Processing (ICASSP)},
  pages={591--595},
  year={2024}
}

@article{flow_ref,
  title={A flow-based deep latent variable model for speech spectrogram modeling and enhancement},
  author={Nugraha, Aditya Arie and Sekiguchi, Kouhei and Yoshii, Kazuyoshi},
  journal={IEEE/ACM Transactions on Audio, Speech, and Language Processing},
  volume={28},
  pages={1104--1117},
  year={2020},
}

@inproceedings{fu2019metricgan,
  title={Metricgan: Generative adversarial networks based black-box metric scores optimization for speech enhancement},
  author={Fu, Szu-Wei and Liao, Chien-Feng and Tsao, Yu and Lin, Shou-De},
  booktitle={International Conference on Machine Learning},
  pages={2031--2041},
  year={2019},
  organization={PmLR}
}

@article{hsu2021hubert,
  title={Hubert: Self-supervised speech representation learning by masked prediction of hidden units},
  author={Hsu, Wei-Ning and Bolte, Benjamin and Tsai, Yao-Hung Hubert and Lakhotia, Kushal and Salakhutdinov, Ruslan and Mohamed, Abdelrahman},
  journal={IEEE/ACM transactions on audio, speech, and language processing},
  volume={29},
  pages={3451--3460},
  year={2021}
}

@article{ji2024languagecodec,
  title={Language-codec: Reducing the gaps between discrete codec representation and speech language models},
  author={Ji, Shengpeng and Fang, Minghui and Jiang, Ziyue and Huang, Rongjie and Zuo, Jialung and Wang, Shulei and Zhao, Zhou},
  journal={arXiv preprint arXiv:2402.12208},
  year={2024}
}

@article{ji2024wavtokenizer,
  title={WavTokenizer: an Efficient Acoustic Discrete Codec Tokenizer for Audio Language Modeling},
  author={Ji, Shengpeng and Jiang, Ziyue and Cheng, Xize and Chen, Yifu and Fang, Minghui and Zuo, Jialong and Yang, Qian and Li, Ruiqi and Zhang, Ziang and Yang, Xiaoda and others},
  journal={arXiv preprint arXiv:2408.16532},
  year={2024}
}

@article{ju2024naturalspeech3,
  title={Naturalspeech 3: Zero-shot speech synthesis with factorized codec and diffusion models},
  author={Ju, Zeqian and Wang, Yuancheng and Shen, Kai and Tan, Xu and Xin, Detai and Yang, Dongchao and Liu, Yanqing and Leng, Yichong and Song, Kaitao and Tang, Siliang and others},
  journal={arXiv preprint arXiv:2403.03100},
  year={2024}
}

@article{kumar2024dac,
  title={High-fidelity audio compression with improved rvqgan},
  author={Kumar, Rithesh and Seetharaman, Prem and Luebs, Alejandro and Kumar, Ishaan and Kumar, Kundan},
  journal={Advances in Neural Information Processing Systems},
  volume={36},
  year={2024}
}

@article{le2024voicebox,
  title={Voicebox: Text-guided multilingual universal speech generation at scale},
  author={Le, Matthew and Vyas, Apoorv and Shi, Bowen and Karrer, Brian and Sari, Leda and Moritz, Rashel and Williamson, Mary and Manohar, Vimal and Adi, Yossi and Mahadeokar, Jay and others},
  journal={Advances in neural information processing systems},
  volume={36},
  year={2024}
}

@article{lemercier2023storm,
  title={Storm: A diffusion-based stochastic regeneration model for speech enhancement and dereverberation},
  author={Lemercier, Jean-Marie and Richter, Julius and Welker, Simon and Gerkmann, Timo},
  journal={IEEE/ACM Transactions on Audio, Speech, and Language Processing},
  year={2023},
}

@article{li2024singlecodec,
  title={Single-Codec: Single-Codebook Speech Codec towards High-Performance Speech Generation},
  author={Li, Hanzhao and Xue, Liumeng and Guo, Haohan and Zhu, Xinfa and Lv, Yuanjun and Xie, Lei and Chen, Yunlin and Yin, Hao and Li, Zhifei},
  journal={arXiv preprint arXiv:2406.07422},
  year={2024}
}

@article{liu2021voicefixer,
  title={VoiceFixer: Toward general speech restoration with neural vocoder},
  author={Liu, Haohe and Kong, Qiuqiang and Tian, Qiao and Zhao, Yan and Wang, DeLiang and Huang, Chuanzeng and Wang, Yuxuan},
  journal={arXiv preprint arXiv:2109.13731},
  year={2021}
}

@article{liu2024aligning,
  title={Aligning Speech to Languages to Enhance Code-switching Speech Recognition},
  author={Liu, Hexin and Zhang, Xiangyu and Garcia, Leibny Paola and Khong, Andy WH and Chng, Eng Siong and Watanabe, Shinji},
  journal={arXiv preprint arXiv:2403.05887},
  year={2024}
}

@article{liu2024semanticodec,
  title={SemantiCodec: An Ultra Low Bitrate Semantic Audio Codec for General Sound},
  author={Liu, Haohe and Xu, Xuenan and Yuan, Yi and Wu, Mengyue and Wang, Wenwu and Plumbley, Mark D},
  journal={arXiv preprint arXiv:2405.00233},
  year={2024}
}

@inproceedings{ren2024ticodec,
  title={Fewer-token neural speech codec with time-invariant codes},
  author={Ren, Yong and Wang, Tao and Yi, Jiangyan and Xu, Le and Tao, Jianhua and Zhang, Chu Yuan and Zhou, Junzuo},
  booktitle={ICASSP 2024-2024 IEEE International Conference on Acoustics, Speech and Signal Processing (ICASSP)},
  pages={12737--12741},
  year={2024},
  organization={IEEE}
}

@article{scheibler2024is_diffse,
  title={Universal Score-based Speech Enhancement with High Content Preservation},
  author={Scheibler, Robin and Fujita, Yusuke and Shirahata, Yuma and Komatsu, Tatsuya},
  journal={arXiv preprint arXiv:2406.12194},
  year={2024}
}

@article{tai2024dose,
  title={Dose: Diffusion dropout with adaptive prior for speech enhancement},
  author={Tai, Wenxin and Lei, Yue and Zhou, Fan and Trajcevski, Goce and Zhong, Ting},
  journal={Advances in Neural Information Processing Systems},
  volume={36},
  year={2024}
}

@inproceedings{vae_ref1,
  title={Variational autoencoder for speech enhancement with a noise-aware encoder},
  author={Fang, Huajian and Carbajal, Guillaume and Wermter, Stefan and Gerkmann, Timo},
  booktitle={ICASSP 2021-2021 IEEE international conference on acoustics, speech and signal processing (ICASSP)},
  pages={676--680},
  year={2021},
}

@article{vae_ref2,
  title={Unsupervised speech enhancement using dynamical variational autoencoders},
  author={Bie, Xiaoyu and Leglaive, Simon and Alameda-Pineda, Xavier and Girin, Laurent},
  journal={IEEE/ACM Transactions on Audio, Speech, and Language Processing},
  volume={30},
  pages={2993--3007},
  year={2022},
}

@article{wang2023lmvc,
  title={Lm-vc: Zero-shot voice conversion via speech generation based on language models},
  author={Wang, Zhichao and Chen, Yuanzhe and Xie, Lei and Tian, Qiao and Wang, Yuping},
  journal={IEEE Signal Processing Letters},
  year={2023}
}

@article{wang2023valle,
  title={Neural codec language models are zero-shot text to speech synthesizers},
  author={Wang, Chengyi and Chen, Sanyuan and Wu, Yu and Zhang, Ziqiang and Zhou, Long and Liu, Shujie and Chen, Zhuo and Liu, Yanqing and Wang, Huaming and Li, Jinyu and others},
  journal={arXiv preprint arXiv:2301.02111},
  year={2023}
}

@inproceedings{wang2024selm,
  title={SELM: Speech enhancement using discrete tokens and language models},
  author={Wang, Ziqian and Zhu, Xinfa and Zhang, Zihan and Lv, YuanJun and Jiang, Ning and Zhao, Guoqing and Xie, Lei},
  booktitle={Proc. ICASSP},
  pages={11561--11565},
  year={2024}
}

@article{wang2024speechx,
  title={Speechx: Neural codec language model as a versatile speech transformer},
  author={Wang, Xiaofei and Thakker, Manthan and Chen, Zhuo and Kanda, Naoyuki and Eskimez, Sefik Emre and Chen, Sanyuan and Tang, Min and Liu, Shujie and Li, Jinyu and Yoshioka, Takuya},
  journal={IEEE/ACM Transactions on Audio, Speech, and Language Processing},
  year={2024},
  publisher={IEEE}
}

@inproceedings{wu2023audiodec,
  title={Audiodec: An open-source streaming high-fidelity neural audio codec},
  author={Wu, Yi-Chiao and Gebru, Israel D and Markovi{\'c}, Dejan and Richard, Alexander},
  booktitle={ICASSP 2023-2023 IEEE International Conference on Acoustics, Speech and Signal Processing (ICASSP)},
  pages={1--5},
  year={2023}
}

@article{yang2023hifi,
  title={Hifi-codec: Group-residual vector quantization for high fidelity audio codec},
  author={Yang, Dongchao and Liu, Songxiang and Huang, Rongjie and Tian, Jinchuan and Weng, Chao and Zou, Yuexian},
  journal={arXiv preprint arXiv:2305.02765},
  year={2023}
}

@article{yang2023uniaudio,
  title={Uniaudio: An audio foundation model toward universal audio generation},
  author={Yang, Dongchao and Tian, Jinchuan and Tan, Xu and Huang, Rongjie and Liu, Songxiang and Chang, Xuankai and Shi, Jiatong and Zhao, Sheng and Bian, Jiang and Wu, Xixin and others},
  journal={arXiv preprint arXiv:2310.00704},
  year={2023}
}

@article{yang2024is_diffse,
  title={Pre-training Feature Guided Diffusion Model for Speech Enhancement},
  author={Yang, Yiyuan and Trigoni, Niki and Markham, Andrew},
  journal={arXiv preprint arXiv:2406.07646},
  year={2024}
}

@article{yanggenhancer,
  title={Genhancer: High-Fidelity Speech Enhancement via Generative Modeling on Discrete Codec Tokens},
  author={Yang, Haici and Su, Jiaqi and Kim, Minje and Jin, Zeyu},
year={2024}
}

@inproceedings{yao2024promptvc,
  title={Promptvc: Flexible stylistic voice conversion in latent space driven by natural language prompts},
  author={Yao, Jixun and Yang, Yuguang and Lei, Yi and Ning, Ziqian and Hu, Yanni and Pan, Yu and Yin, Jingjing and Zhou, Hongbin and Lu, Heng and Xie, Lei},
  booktitle={ICASSP 2024-2024 IEEE International Conference on Acoustics, Speech and Signal Processing (ICASSP)},
  pages={10571--10575},
  year={2024}
}

@article{yao2024stablevc,
  title={StableVC: Style Controllable Zero-Shot Voice Conversion with Conditional Flow Matching},
  author={Yao, Jixun and Yan, Yuguang and Pan, Yu and Ning, Ziqian and Ye, Jiaohao and Zhou, Hongbin and Xie, Lei},
  journal={arXiv preprint arXiv:2412.04724},
  year={2024}
}

@article{zhang2023speechtokenizer,
  title={Speechtokenizer: Unified speech tokenizer for speech large language models},
  author={Zhang, Xin and Zhang, Dong and Li, Shimin and Zhou, Yaqian and Qiu, Xipeng},
  journal={arXiv preprint arXiv:2308.16692},
  year={2023}
}

@article{zhang2024speaking,
  title={Speaking in Wavelet Domain: A Simple and Efficient Approach to Speed up Speech Diffusion Model},
  author={Zhang, Xiangyu and Liu, Daijiao and Liu, Hexin and Zhang, Qiquan and Meng, Hanyu and Garcia, Leibny Paola and Chng, Eng Siong and Yao, Lina},
  journal={arXiv preprint arXiv:2402.10642},
  year={2024}
}

