@article{BickelHO75,
  title={Sex Bias in Graduate Admissions: Data from {Berkeley}: Measuring bias is harder than is usually assumed, and the evidence is sometimes contrary to expectation.},
  author={Bickel, Peter J and Hammel, Eugene A and O'Connell, William J},
  journal={Science},
  volume={187},
  number={4175},
  pages={398--404},
  year={1975},
  publisher={American Association for the Advancement of Science}
}

@article{BongersFPM21,
  title={Foundations of structural causal models with cycles and latent variables},
  author={Bongers, Stephan and Forr{\'e}, Patrick and Peters, Jonas and Mooij, Joris M},
  journal={The Annals of Statistics},
  volume={49},
  number={5},
  pages={2885--2915},
  year={2021},
  publisher={Institute of Mathematical Statistics}
}

@book{Pearl09,
  title={Causality: Models, Reasoning, and Inference},
  author={Pearl, Judea},
  isbn={9780521895606},
  lccn={99042108},
  year={2009},
  publisher={Cambridge University Press}
}


@inproceedings{Pearl95,
  title={On the testability of causal models with latent and instrumental variables},
  author={Pearl, Judea},
  booktitle={Proceedings of the Eleventh conference on Uncertainty in Artificial Intelligence},
  pages={435--443},
  year={1995}
}

@phdthesis{Ramsahai08,
  edition = {},
  number = {},
  journal = {},
  pages = {},
  publisher = {Oxford University, UK},
  school = {Oxford University, UK},
  title = {Causal inference with instruments and other supplementary variables},
  volume = {},
  author = {Ramsahai, Roland},
  editor = {},
  year = {2008},
  series = {},
url = {https://ora.ox.ac.uk/objects/uuid:3ae82165-aef2-4eb7-968d-0ea4523b5b81}
}

@article{KlugkistKH05,
  title={{Bayesian} model selection using encompassing priors},
  author={Klugkist, Irene and Kato, Bernet and Hoijtink, Herbert},
  journal={Statistica Neerlandica},
  volume={59},
  number={1},
  pages={57--69},
  year={2005},
  publisher={Wiley Online Library}
}

@article{HeckDavisStrober19,
  title={Multinomial models with linear inequality constraints: Overview and improvements of computational methods for {Bayesian} inference},
  author={Heck, Daniel W and Davis-Stober, Clintin P},
  journal={Journal of mathematical psychology},
  volume={91},
  pages={70--87},
  year={2019},
  publisher={Elsevier}
}

@book{PearlMackenzie18,
author = {Pearl, Judea and Mackenzie, Dana},
title = {The Book of Why: The New Science of Cause and Effect},
year = {2018},
isbn = {046509760X},
publisher = {Basic Books, Inc.},
address = {USA},
edition = {1st}
}

@book{FairleyMosteller77,
  title={Statistics and Public Policy},
  author={Fairley, W. and Mosteller, F.},
  isbn={9780201021851},
  lccn={lc76010415},
  year={1977},
  publisher={Addison-Wesley Publishing Company}
}

@inproceedings{HuKohlerHausmann20,
  title={What's sex got to do with machine learning?},
  author={Hu, Lily and Kohler-Hausmann, Issa},
  booktitle={Proceedings of the 2020 Conference on Fairness, Accountability, and Transparency},
  pages={513--513},
  year={2020}
}

@article{CaiKPT08,
  title={Bounds on direct effects in the presence of confounded intermediate variables},
  author={Cai, Zhihong and Kuroki, Manabu and Pearl, Judea and Tian, Jin},
  journal={Biometrics},
  volume={64},
  number={3},
  pages={695--701},
  year={2008},
  publisher={Oxford University Press}
}

@article{KaufmanKMGP05,
  title={Improved estimation of controlled direct effects in the presence of unmeasured confounding of intermediate variables},
  author={Kaufman, Sol and Kaufman, Jay S and MacLehose, Richard F and Greenland, Sander and Poole, Charles},
  journal={Statistics in Medicine},
  volume={24},
  number={11},
  pages={1683--1702},
  year={2005},
  publisher={Wiley Online Library}
}

@article{RobinsG92,
  title={Identifiability and exchangeability for direct and indirect effects},
  author={Robins, James M and Greenland, Sander},
  journal={Epidemiology},
  volume={3},
  number={2},
  pages={143--155},
  year={1992},
  publisher={LWW}
}

@article{BalkePearl97,
  title={Bounds on treatment effects from studies with imperfect compliance},
  author={Balke, Alexander and Pearl, Judea},
  journal={Journal of the American statistical Association},
  volume={92},
  number={439},
  pages={1171--1176},
  year={1997},
  publisher={Taylor \& Francis}
}

@inproceedings{Bonet01,
  title={Instrumentality Tests Revisited},
  author={Bonet, Blai},
  booktitle={Proceedings of the 17th Conference in Uncertainty in Artificial Intelligence},
  pages={48--55},
  year={2001}
}

@article{Evans16,
  title={Graphs for margins of {Bayesian} networks},
  author={Evans, Robin J},
  journal={Scandinavian Journal of Statistics},
  volume={43},
  number={3},
  pages={625--648},
  year={2016},
  publisher={Wiley Online Library}
}

@article{WolfeSF19,
  title={The inflation technique for causal inference with latent variables},
  author={Wolfe, Elie and Spekkens, Robert W and Fritz, Tobias},
  journal={Journal of Causal Inference},
  volume={7},
  number={2},
  pages={20170020},
  year={2019},
  publisher={De Gruyter}
}

@article{ForreMooij24,
  title={A {Mathematical} {Introduction} to {Causality}},
  author={Forr{\'e}, Patrick and Mooij, Joris M},
  journal={Lecture Notes},
  year={2024},
url={https://staff.fnwi.uva.nl/j.m.mooij/articles/causality_lecture_notes_2024.pdf}
}

@phdthesis{Balke95,
  edition = {},
  number = {},
  journal = {},
  pages = {},
  publisher = {University of California, Los Angeles},
  school = {University of California, Los Angeles},
  title = {Probabilistic counterfactuals: semantics, computation, and applications},
  volume = {},
  author = {Balke, Alexander Abraham},
  editor = {},
  year = {1995},
  series = {},
url = {https://apps.dtic.mil/sti/tr/pdf/ADA332296.pdf}
}


@inproceedings{DworkHPRZ12,
  title={Fairness through awareness},
  author={Dwork, Cynthia and Hardt, Moritz and Pitassi, Toniann and Reingold, Omer and Zemel, Richard},
  booktitle={Proceedings of the 3rd Innovations in Theoretical Computer Science Conference},
  pages={214--226},
  year={2012}
}

@inproceedings{HutchinsonMitchell19,
  title={50 years of test (un) fairness: Lessons for machine learning},
  author={Hutchinson, Ben and Mitchell, Margaret},
  booktitle={Proceedings of the Conference on Fairness, Accountability, and Transparency},
  pages={49--58},
  year={2019}
}

@inproceedings{Pearl01,
  title={Direct and indirect effects},
  author={Pearl, Judea},
  booktitle={Proceedings of the Seventeenth Conference on Uncertainty and Artificial Intelligence, 2001},
  pages={411--420},
  year={2001},
}

@Manual{UCBAdmissions,
    title = {R: A Language and Environment for Statistical Computing},
    author = {{R Core Team}},
    organization = {R Foundation for Statistical Computing},
    address = {Vienna, Austria},
    year = {2023},
    url = {https://www.R-project.org/},
}

@inproceedings{SchroderFF24,
title={Causal Fairness under Unobserved Confounding: A Neural Sensitivity Framework},
author={Maresa Schr{\"o}der and Dennis Frauen and Stefan Feuerriegel},
booktitle={The Twelfth International Conference on Learning Representations},
year={2024},
url={https://openreview.net/forum?id=DqD59dQP37}
}

@article{RambachanCK22,
  title={Robust Design and Evaluation of Predictive Algorithms under Unobserved Confounding},
  author={Rambachan, Ashesh and Coston, Amanda and Kennedy, Edward},
  journal={arXiv preprint arXiv:2212.09844},
  year={2022}
}

@inproceedings{ByunSOLW24,
  title={Auditing Fairness under Unobserved Confounding},
  author={Byun, Yewon and Sam, Dylan and Oberst, Michael and Lipton, Zachary and Wilder, Bryan},
  booktitle={International Conference on Artificial Intelligence and Statistics},
  pages={4339--4347},
  year={2024}
}

@article{ChenZM24,
  title={Modeling Latent Selection with Structural Causal Models},
  author={Chen, Leihao and Zoeter, Onno and Mooij, Joris M},
  journal={arXiv preprint arXiv:2401.06925},
  year={2024}
}

@article{NabiShpitser18, title={Fair Inference on Outcomes}, volume={32}, number={1}, journal={Proceedings of the AAAI Conference on Artificial Intelligence}, author={Nabi, Razieh and Shpitser, Ilya}, year={2018}, month={Apr.} }

@article{plecko2022causal,
  title={Causal fairness analysis},
  author={Ple{\v{c}}ko, Drago and Bareinboim, Elias},
  journal={arXiv preprint arXiv:2207.11385},
  year={2022}
}

@article{KusnerLRS17,
  title={Counterfactual fairness},
  author={Kusner, Matt J and Loftus, Joshua and Russell, Chris and Silva, Ricardo},
  journal={Advances in Neural Information Processing Systems},
  volume={30},
  year={2017}
}

@inproceedings{Chiappa19,
  title={Path-specific counterfactual fairness},
  author={Chiappa, Silvia},
  booktitle={Proceedings of the AAAI Conference on Artificial Intelligence},
  volume={33},
  number={01},
  pages={7801--7808},
  year={2019}
}

@book{Jeffreys98,
  title={The theory of probability},
  author={Jeffreys, Harold},
  year={1998},
  publisher={OuP Oxford}
}

@book{BarocasHN23,
  title={Fairness and machine learning: Limitations and opportunities},
  author={Barocas, Solon and Hardt, Moritz and Narayanan, Arvind},
  year={2023},
  publisher={MIT press}
}

@inproceedings{HardtPS16,
  title={Equality of opportunity in supervised learning},
  author={Hardt, Moritz and Price, Eric and Srebro, Nathan},
  booktitle={Proceedings of the 30th International Conference on Neural Information Processing Systems},
  pages={3323--3331},
  year={2016}
}

@article{Chouldechova17,
  title={Fair prediction with disparate impact: A study of bias in recidivism prediction instruments},
  author={Chouldechova, Alexandra},
  journal={Big Data},
  volume={5},
  number={2},
  pages={153--163},
  year={2017}
}

@inproceedings{KleinbergMR17,
  title={Inherent Trade-Offs in the Fair Determination of Risk Scores},
  author={Kleinberg, Jon and Mullainathan, Sendhil and Raghavan, Manish},
  booktitle={8th Innovations in Theoretical Computer Science Conference},
  year={2017}
}

@article{KilbertusRPHJS17,
  title={Avoiding discrimination through causal reasoning},
  author={Kilbertus, Niki and Rojas Carulla, Mateo and Parascandolo, Giambattista and Hardt, Moritz and Janzing, Dominik and Sch{\"o}lkopf, Bernhard},
  journal={Advances in Neural Information Processing Systems},
  volume={30},
  year={2017}
}

@article{BerkKT23,
  title={Fair risk algorithms},
  author={Berk, Richard A and Kuchibhotla, Arun Kumar and Tchetgen Tchetgen, Eric},
  journal={Annual Review of Statistics and Its Application},
  volume={10},
  number={1},
  pages={165--187},
  year={2023},
  publisher={Annual Reviews}
}

@inproceedings{ZhangWW17,
  title={A causal framework for discovering and removing direct and indirect discrimination},
  author={Zhang, Lu and Wu, Yongkai and Wu, Xintao},
  booktitle={Proceedings of the 26th International Joint Conference on Artificial Intelligence},
  pages={3929--3935},
  year={2017}
}

@inproceedings{KilbertusBKWS20,
  title={The sensitivity of counterfactual fairness to unmeasured confounding},
  author={Kilbertus, Niki and Ball, Philip J and Kusner, Matt J and Weller, Adrian and Silva, Ricardo},
  booktitle={Uncertainty in Artificial Intelligence},
  pages={616--626},
  year={2020},
  organization={PMLR}
}

@article{WuZWT19,
  title={Pc-fairness: A unified framework for measuring causality-based fairness},
  author={Wu, Yongkai and Zhang, Lu and Wu, Xintao and Tong, Hanghang},
  journal={Advances in neural information processing systems},
  volume={32},
  year={2019}
}

@article{ZhangBareinboim18,
  title={Fairness in decision-making—the causal explanation formula},
  author={Zhang, Junzhe and Bareinboim, Elias},
  journal={Proceedings of the AAAI Conference on Artificial Intelligence},
  volume=32,
  number=1,
  year=2018
}

@article{AnthisVeitch24,
  title={Causal context connects counterfactual fairness to robust prediction and group fairness},
  author={Anthis, Jacy and Veitch, Victor},
  journal={Advances in Neural Information Processing Systems},
  volume={36},
  year={2024}
}

@article{KlugkistLH10,
  title={{Bayesian} evaluation of inequality and equality constrained hypotheses for contingency tables.},
  author={Klugkist, Irene and Laudy, Olav and Hoijtink, Herbert},
  journal={Psychological methods},
  volume={15},
  number={3},
  pages={281},
  year={2010},
  publisher={American Psychological Association}
}

@article{Bol23,
  title={Gender inequality in cum laude distinctions for {PhD} students},
  author={Bol, Thijs},
  journal={Scientific Reports},
  volume={13},
  number={1},
  pages={20267},
  year={2023},
  publisher={Nature Publishing Group UK London}
}

@article{ClopperPearson34,
  title={The use of confidence or fiducial limits illustrated in the case of the binomial},
  author={Clopper, Charles J and Pearson, Egon S},
  journal={Biometrika},
  volume={26},
  number={4},
  pages={404--413},
  year={1934},
}

@article{WangRR17,
  title={On falsification of the binary instrumental variable model},
  author={Wang, Linbo and Robins, James M and Richardson, Thomas S},
  journal={Biometrika},
  volume={104},
  number={1},
  pages={229--236},
  year={2017},
  publisher={Oxford University Press}
}