@book{BarocasHN23,
  title={Fairness and machine learning: Limitations and opportunities},
  author={Barocas, Solon and Hardt, Moritz and Narayanan, Arvind},
  year={2023},
  publisher={MIT press}
}

@article{BerkKT23,
  title={Fair risk algorithms},
  author={Berk, Richard A and Kuchibhotla, Arun Kumar and Tchetgen Tchetgen, Eric},
  journal={Annual Review of Statistics and Its Application},
  volume={10},
  number={1},
  pages={165--187},
  year={2023},
  publisher={Annual Reviews}
}

@inproceedings{ByunSOLW24,
  title={Auditing Fairness under Unobserved Confounding},
  author={Byun, Yewon and Sam, Dylan and Oberst, Michael and Lipton, Zachary and Wilder, Bryan},
  booktitle={International Conference on Artificial Intelligence and Statistics},
  pages={4339--4347},
  year={2024}
}

@inproceedings{Chiappa19,
  title={Path-specific counterfactual fairness},
  author={Chiappa, Silvia},
  booktitle={Proceedings of the AAAI Conference on Artificial Intelligence},
  volume={33},
  number={01},
  pages={7801--7808},
  year={2019}
}

@article{Chouldechova17,
  title={Fair prediction with disparate impact: A study of bias in recidivism prediction instruments},
  author={Chouldechova, Alexandra},
  journal={Big Data},
  volume={5},
  number={2},
  pages={153--163},
  year={2017}
}

@inproceedings{DworkHPRZ12,
  title={Fairness through awareness},
  author={Dwork, Cynthia and Hardt, Moritz and Pitassi, Toniann and Reingold, Omer and Zemel, Richard},
  booktitle={Proceedings of the 3rd Innovations in Theoretical Computer Science Conference},
  pages={214--226},
  year={2012}
}

@inproceedings{HardtPS16,
  title={Equality of opportunity in supervised learning},
  author={Hardt, Moritz and Price, Eric and Srebro, Nathan},
  booktitle={Proceedings of the 30th International Conference on Neural Information Processing Systems},
  pages={3323--3331},
  year={2016}
}

@inproceedings{HutchinsonMitchell19,
  title={50 years of test (un) fairness: Lessons for machine learning},
  author={Hutchinson, Ben and Mitchell, Margaret},
  booktitle={Proceedings of the Conference on Fairness, Accountability, and Transparency},
  pages={49--58},
  year={2019}
}

@inproceedings{KilbertusBKWS20,
  title={The sensitivity of counterfactual fairness to unmeasured confounding},
  author={Kilbertus, Niki and Ball, Philip J and Kusner, Matt J and Weller, Adrian and Silva, Ricardo},
  booktitle={Uncertainty in Artificial Intelligence},
  pages={616--626},
  year={2020},
  organization={PMLR}
}

@article{KilbertusRPHJS17,
  title={Avoiding discrimination through causal reasoning},
  author={Kilbertus, Niki and Rojas Carulla, Mateo and Parascandolo, Giambattista and Hardt, Moritz and Janzing, Dominik and Sch{\"o}lkopf, Bernhard},
  journal={Advances in Neural Information Processing Systems},
  volume={30},
  year={2017}
}

@inproceedings{KleinbergMR17,
  title={Inherent Trade-Offs in the Fair Determination of Risk Scores},
  author={Kleinberg, Jon and Mullainathan, Sendhil and Raghavan, Manish},
  booktitle={8th Innovations in Theoretical Computer Science Conference},
  year={2017}
}

@article{KusnerLRS17,
  title={Counterfactual fairness},
  author={Kusner, Matt J and Loftus, Joshua and Russell, Chris and Silva, Ricardo},
  journal={Advances in Neural Information Processing Systems},
  volume={30},
  year={2017}
}

@article{NabiShpitser18, title={Fair Inference on Outcomes}, volume={32}, number={1}, journal={Proceedings of the AAAI Conference on Artificial Intelligence}, author={Nabi, Razieh and Shpitser, Ilya}, year={2018}, month={Apr.} }

@book{Pearl09,
  title={Causality: Models, Reasoning, and Inference},
  author={Pearl, Judea},
  isbn={9780521895606},
  lccn={99042108},
  year={2009},
  publisher={Cambridge University Press}
}

@article{RambachanCK22,
  title={Robust Design and Evaluation of Predictive Algorithms under Unobserved Confounding},
  author={Rambachan, Ashesh and Coston, Amanda and Kennedy, Edward},
  journal={arXiv preprint arXiv:2212.09844},
  year={2022}
}

@inproceedings{SchroderFF24,
title={Causal Fairness under Unobserved Confounding: A Neural Sensitivity Framework},
author={Maresa Schr{\"o}der and Dennis Frauen and Stefan Feuerriegel},
booktitle={The Twelfth International Conference on Learning Representations},
year={2024},
url={https://openreview.net/forum?id=DqD59dQP37}
}

@article{ZhangBareinboim18,
  title={Fairness in decision-makingâ€”the causal explanation formula},
  author={Zhang, Junzhe and Bareinboim, Elias},
  journal={Proceedings of the AAAI Conference on Artificial Intelligence},
  volume=32,
  number=1,
  year=2018
}

@inproceedings{ZhangWW17,
  title={A causal framework for discovering and removing direct and indirect discrimination},
  author={Zhang, Lu and Wu, Yongkai and Wu, Xintao},
  booktitle={Proceedings of the 26th International Joint Conference on Artificial Intelligence},
  pages={3929--3935},
  year={2017}
}

@article{plecko2022causal,
  title={Causal fairness analysis},
  author={Ple{\v{c}}ko, Drago and Bareinboim, Elias},
  journal={arXiv preprint arXiv:2207.11385},
  year={2022}
}

