@inproceedings{DBLP:conf/acl/WangLL24,
	title        = {Self-Training with Direct Preference Optimization Improves Chain-of-Thought Reasoning},
	author       = {Wang, Tianduo  and Li, Shichen  and Lu, Wei},
	year         = 2024,
	month        = aug,
	booktitle    = {Proceedings of the 62nd Annual Meeting of the Association for Computational Linguistics (Volume 1: Long Papers)},
	publisher    = {Association for Computational Linguistics},
	address      = {Bangkok, Thailand},
	pages        = {11917--11928},
	doi          = {10.18653/v1/2024.acl-long.643},
	url          = {https://aclanthology.org/2024.acl-long.643/},
	editor       = {Ku, Lun-Wei  and Martins, Andre  and Srikumar, Vivek},
}

@inproceedings{DBLP:conf/iclr/0040CW0T0024,
	title        = {Tool-Augmented Reward Modeling},
	author       = {Lei Li and Yekun Chai and Shuohuan Wang and Yu Sun and Hao Tian and Ningyu Zhang and Hua Wu},
	year         = 2024,
	booktitle    = {The Twelfth International Conference on Learning Representations},
	url          = {https://openreview.net/forum?id=d94x0gWTUX},
}

@inproceedings{DBLP:conf/iclr/QinLYZYLLCTQZHT24,
	title        = {Tool{LLM}: {F}acilitating Large Language Models to Master 16000+ Real-world {API}s},
	author       = {Yujia Qin and Shihao Liang and Yining Ye and Kunlun Zhu and Lan Yan and Yaxi Lu and Yankai Lin and Xin Cong and Xiangru Tang and Bill Qian and Sihan Zhao and Lauren Hong and Runchu Tian and Ruobing Xie and Jie Zhou and Mark Gerstein and dahai li and Zhiyuan Liu and Maosong Sun},
	year         = 2024,
	booktitle    = {The Twelfth International Conference on Learning Representations},
	url          = {https://openreview.net/forum?id=dHng2O0Jjr},
}

@inproceedings{DBLP:conf/iclr/YaoZYDSN023,
	title        = {{ReAct}: {S}ynergizing Reasoning and Acting in Language Models},
	author       = {Shunyu Yao and Jeffrey Zhao and Dian Yu and Nan Du and Izhak Shafran and Karthik R Narasimhan and Yuan Cao},
	year         = 2023,
	booktitle    = {The Eleventh International Conference on Learning Representations},
	url          = {https://openreview.net/forum?id=WE_vluYUL-X},
}

@inproceedings{DBLP:conf/naacl/QiaoGLJC024,
	title        = {Making Language Models Better Tool Learners with Execution Feedback},
	author       = {Qiao, Shuofei  and Gui, Honghao  and Lv, Chengfei  and Jia, Qianghuai  and Chen, Huajun  and Zhang, Ningyu},
	year         = 2024,
	month        = jun,
	booktitle    = {Proceedings of the 2024 Conference of the North American Chapter of the Association for Computational Linguistics: Human Language Technologies (Volume 1: Long Papers)},
	publisher    = {Association for Computational Linguistics},
	address      = {Mexico City, Mexico},
	pages        = {3550--3568},
	doi          = {10.18653/v1/2024.naacl-long.195},
	url          = {https://aclanthology.org/2024.naacl-long.195/},
	editor       = {Duh, Kevin  and Gomez, Helena  and Bethard, Steven},
}

@inproceedings{DBLP:conf/nips/0001ST00Z23,
	title        = {{HuggingGPT}: {S}olving {AI} Tasks with {ChatGPT} and its Friends in {Hugging Face}},
	author       = {Shen, Yongliang and Song, Kaitao and Tan, Xu and Li, Dongsheng and Lu, Weiming and Zhuang, Yueting},
	year         = 2023,
	booktitle    = {Advances in Neural Information Processing Systems},
	publisher    = {Curran Associates, Inc.},
	volume       = 36,
	pages        = {38154--38180},
	url          = {https://proceedings.neurips.cc/paper_files/paper/2023/file/77c33e6a367922d003ff102ffb92b658-Paper-Conference.pdf},
	editor       = {A. Oh and T. Naumann and A. Globerson and K. Saenko and M. Hardt and S. Levine},
}

@inproceedings{DBLP:conf/nips/LuPCGCWZG23,
	title        = {Chameleon: {P}lug-and-Play Compositional Reasoning with Large Language Models},
	author       = {Lu, Pan and Peng, Baolin and Cheng, Hao and Galley, Michel and Chang, Kai-Wei and Wu, Ying Nian and Zhu, Song-Chun and Gao, Jianfeng},
	year         = 2023,
	booktitle    = {Advances in Neural Information Processing Systems},
	publisher    = {Curran Associates, Inc.},
	volume       = 36,
	pages        = {43447--43478},
	url          = {https://proceedings.neurips.cc/paper_files/paper/2023/file/871ed095b734818cfba48db6aeb25a62-Paper-Conference.pdf},
	editor       = {A. Oh and T. Naumann and A. Globerson and K. Saenko and M. Hardt and S. Levine},
}

@inproceedings{DBLP:conf/nips/SchickDDRLHZCS23,
	title        = {{Toolformer}: {L}anguage Models Can Teach Themselves to Use Tools},
	author       = {Schick, Timo and Dwivedi-Yu, Jane and Dessi, Roberto and Raileanu, Roberta and Lomeli, Maria and Hambro, Eric and Zettlemoyer, Luke and Cancedda, Nicola and Scialom, Thomas},
	year         = 2023,
	booktitle    = {Advances in Neural Information Processing Systems},
	publisher    = {Curran Associates, Inc.},
	volume       = 36,
	pages        = {68539--68551},
	url          = {https://proceedings.neurips.cc/paper_files/paper/2023/file/d842425e4bf79ba039352da0f658a906-Paper-Conference.pdf},
	editor       = {A. Oh and T. Naumann and A. Globerson and K. Saenko and M. Hardt and S. Levine},
}

@inproceedings{DBLP:conf/nips/YangSLZGLS23,
	title        = {{GPT4Tools}: {T}eaching Large Language Model to Use Tools via Self-instruction},
	author       = {Yang, Rui and Song, Lin and Li, Yanwei and Zhao, Sijie and Ge, Yixiao and Li, Xiu and Shan, Ying},
	year         = 2023,
	booktitle    = {Advances in Neural Information Processing Systems},
	publisher    = {Curran Associates, Inc.},
	volume       = 36,
	pages        = {71995--72007},
	url          = {https://proceedings.neurips.cc/paper_files/paper/2023/file/e393677793767624f2821cec8bdd02f1-Paper-Conference.pdf},
	editor       = {A. Oh and T. Naumann and A. Globerson and K. Saenko and M. Hardt and S. Levine},
}

@misc{DBLP:journals/corr/abs-2303-08774,
	title        = {{GPT-4} Technical Report},
	author       = {OpenAI},
	year         = 2023,
	url          = {https://cdn.openai.com/papers/gpt-4.pdf},
}

@article{DBLP:journals/corr/abs-2305-15334,
	title        = {Gorilla: {L}arge Language Model Connected with Massive APIs},
	author       = {Shishir G. Patil and Tianjun Zhang and Xin Wang and Joseph E. Gonzalez},
	year         = 2023,
	journal      = {arXiv preprint 2305.15334},
	url          = {https://arxiv.org/abs/2305.15334},
}

@article{DBLP:journals/corr/abs-2308-00675,
	title        = {Tool Documentation Enables Zero-Shot Tool-Usage with Large Language Models},
	author       = {Cheng-Yu Hsieh and Si-An Chen and Chun-Liang Li and Yasuhisa Fujii and Alexander Ratner and Chen-Yu Lee and Ranjay Krishna and Tomas Pfister},
	year         = 2023,
	journal      = {arXiv preprint 2308.00675},
	url          = {https://arxiv.org/abs/2308.00675},
}

@article{DBLP:journals/jmlr/ChowdheryNDBMRBCSGSSTMRBTSPRDHPBAI23,
	title        = {{PaLM}: {S}caling Language Modeling with Pathways},
	author       = {Aakanksha Chowdhery and Sharan Narang and Jacob Devlin and Maarten Bosma and Gaurav Mishra and Adam Roberts and Paul Barham and Hyung Won Chung and Charles Sutton and Sebastian Gehrmann and Parker Schuh and Kensen Shi and Sasha Tsvyashchenko and Joshua Maynez and Abhishek Rao and Parker Barnes and Yi Tay and Noam Shazeer and Vinodkumar Prabhakaran and Emily Reif and Nan Du and Ben Hutchinson and Reiner Pope and James Bradbury and Jacob Austin and Michael Isard and Guy Gur-Ari and Pengcheng Yin and Toju Duke and Anselm Levskaya and Sanjay Ghemawat and Sunipa Dev and Henryk Michalewski and Xavier Garcia and Vedant Misra and Kevin Robinson and Liam Fedus and Denny Zhou and Daphne Ippolito and David Luan and Hyeontaek Lim and Barret Zoph and Alexander Spiridonov and Ryan Sepassi and David Dohan and Shivani Agrawal and Mark Omernick and Andrew M. Dai and Thanumalayan Sankaranarayana Pillai and Marie Pellat and Aitor Lewkowycz and Erica Moreira and Rewon Child and Oleksandr Polozov and Katherine Lee and Zongwei Zhou and Xuezhi Wang and Brennan Saeta and Mark Diaz and Orhan Firat and Michele Catasta and Jason Wei and Kathy Meier-Hellstern and Douglas Eck and Jeff Dean and Slav Petrov and Noah Fiedel},
	year         = 2023,
	journal      = {Journal of Machine Learning Research},
	volume       = 24,
	number       = 240,
	pages        = {1--113},
	url          = {http://jmlr.org/papers/v24/22-1144.html},
}

@inproceedings{xiong2024buildingmathagentsmultiturn,
	title        = {Building Math Agents with Multi-Turn Iterative Preference Learning},
	author       = {Wei Xiong and Chengshuai Shi and Jiaming Shen and Aviv Rosenberg and Zhen Qin and Daniele Calandriello and Misha Khalman and Rishabh Joshi and Bilal Piot and Mohammad Saleh and Chi Jin and Tong Zhang and Tianqi Liu},
	year         = 2025,
	booktitle    = {The Thirteenth International Conference on Learning Representations},
	url          = {https://openreview.net/forum?id=WjKea8bGFF},
}

