@inproceedings{DBLP:conf/acl/JoshiCWZ17,
	title        = {{T}rivia{QA}: {A} Large Scale Distantly Supervised Challenge Dataset for Reading Comprehension},
	author       = {Joshi, Mandar  and Choi, Eunsol  and Weld, Daniel  and Zettlemoyer, Luke},
	year         = 2017,
	month        = jul,
	booktitle    = {Proceedings of the 55th Annual Meeting of the Association for Computational Linguistics (Volume 1: Long Papers)},
	publisher    = {Association for Computational Linguistics},
	address      = {Vancouver, Canada},
	pages        = {1601--1611},
	doi          = {10.18653/v1/P17-1147},
	url          = {https://aclanthology.org/P17-1147/},
	editor       = {Barzilay, Regina  and Kan, Min-Yen},
}
@inproceedings{DBLP:conf/acl/LeeCT19,
	title        = {Latent Retrieval for Weakly Supervised Open Domain Question Answering},
	author       = {Lee, Kenton  and Chang, Ming-Wei  and Toutanova, Kristina},
	year         = 2019,
	month        = jul,
	booktitle    = {Proceedings of the 57th Annual Meeting of the Association for Computational Linguistics},
	publisher    = {Association for Computational Linguistics},
	address      = {Florence, Italy},
	pages        = {6086--6096},
	doi          = {10.18653/v1/P19-1612},
	url          = {https://aclanthology.org/P19-1612/},
	editor       = {Korhonen, Anna  and Traum, David  and M{\`a}rquez, Llu{\'i}s},
}
@inproceedings{DBLP:conf/acl/MallenAZDKH23,
	title        = {When Not to Trust Language Models: Investigating Effectiveness of Parametric and Non-Parametric Memories},
	author       = {Mallen, Alex  and Asai, Akari  and Zhong, Victor  and Das, Rajarshi  and Khashabi, Daniel  and Hajishirzi, Hannaneh},
	year         = 2023,
	month        = jul,
	booktitle    = {Proceedings of the 61st Annual Meeting of the Association for Computational Linguistics (Volume 1: Long Papers)},
	publisher    = {Association for Computational Linguistics},
	address      = {Toronto, Canada},
	pages        = {9802--9822},
	doi          = {10.18653/v1/2023.acl-long.546},
	url          = {https://aclanthology.org/2023.acl-long.546/},
	editor       = {Rogers, Anna  and Boyd-Graber, Jordan  and Okazaki, Naoaki},
}
@inproceedings{DBLP:conf/acl/WangLL24,
	title        = {Self-Training with Direct Preference Optimization Improves Chain-of-Thought Reasoning},
	author       = {Wang, Tianduo  and Li, Shichen  and Lu, Wei},
	year         = 2024,
	month        = aug,
	booktitle    = {Proceedings of the 62nd Annual Meeting of the Association for Computational Linguistics (Volume 1: Long Papers)},
	publisher    = {Association for Computational Linguistics},
	address      = {Bangkok, Thailand},
	pages        = {11917--11928},
	doi          = {10.18653/v1/2024.acl-long.643},
	url          = {https://aclanthology.org/2024.acl-long.643/},
	editor       = {Ku, Lun-Wei  and Martins, Andre  and Srikumar, Vivek},
}
@inproceedings{DBLP:conf/emnlp/WangMAKMNADASPK22,
	title        = {Super-{N}atural{I}nstructions: Generalization via Declarative Instructions on 1600+ {NLP} Tasks},
	author       = {Wang, Yizhong  and Mishra, Swaroop  and Alipoormolabashi, Pegah  and Kordi, Yeganeh  and Mirzaei, Amirreza  and Naik, Atharva  and Ashok, Arjun  and Dhanasekaran, Arut Selvan  and Arunkumar, Anjana  and Stap, David  and Pathak, Eshaan  and Karamanolakis, Giannis  and Lai, Haizhi  and Purohit, Ishan  and Mondal, Ishani  and Anderson, Jacob  and Kuznia, Kirby  and Doshi, Krima  and Pal, Kuntal Kumar  and Patel, Maitreya  and Moradshahi, Mehrad  and Parmar, Mihir  and Purohit, Mirali  and Varshney, Neeraj  and Kaza, Phani Rohitha  and Verma, Pulkit  and Puri, Ravsehaj Singh  and Karia, Rushang  and Doshi, Savan  and Sampat, Shailaja Keyur  and Mishra, Siddhartha  and Reddy A, Sujan  and Patro, Sumanta  and Dixit, Tanay  and Shen, Xudong},
	year         = 2022,
	month        = dec,
	booktitle    = {Proceedings of the 2022 Conference on Empirical Methods in Natural Language Processing},
	publisher    = {Association for Computational Linguistics},
	address      = {Abu Dhabi, United Arab Emirates},
	pages        = {5085--5109},
	doi          = {10.18653/v1/2022.emnlp-main.340},
	url          = {https://aclanthology.org/2022.emnlp-main.340/},
	editor       = {Goldberg, Yoav  and Kozareva, Zornitsa  and Zhang, Yue},
}
@inproceedings{DBLP:conf/iclr/0040CW0T0024,
	title        = {Tool-Augmented Reward Modeling},
	author       = {Lei Li and Yekun Chai and Shuohuan Wang and Yu Sun and Hao Tian and Ningyu Zhang and Hua Wu},
	year         = 2024,
	booktitle    = {The Twelfth International Conference on Learning Representations},
	url          = {https://openreview.net/forum?id=d94x0gWTUX},
}
@inproceedings{DBLP:conf/iclr/AkyurekSA0Z23,
	title        = {What learning algorithm is in-context learning? {I}nvestigations with linear models},
	author       = {Ekin Aky{\"u}rek and Dale Schuurmans and Jacob Andreas and Tengyu Ma and Denny Zhou},
	year         = 2023,
	booktitle    = {The Eleventh International Conference on Learning Representations},
	url          = {https://openreview.net/forum?id=0g0X4H8yN4I},
}
@inproceedings{DBLP:conf/iclr/Dao24,
	title        = {{FlashAttention-2}: {F}aster Attention with Better Parallelism and Work Partitioning},
	author       = {Tri Dao},
	year         = 2024,
	booktitle    = {The Twelfth International Conference on Learning Representations},
	url          = {https://openreview.net/forum?id=mZn2Xyh9Ec},
}
@inproceedings{DBLP:conf/iclr/HoltzmanBDFC20,
	title        = {The Curious Case of Neural Text Degeneration},
	author       = {Ari Holtzman and Jan Buys and Li Du and Maxwell Forbes and Yejin Choi},
	year         = 2020,
	booktitle    = {International Conference on Learning Representations},
	url          = {https://openreview.net/forum?id=rygGQyrFvH},
}
@inproceedings{DBLP:conf/iclr/HuSWALWWC22,
	title        = {Lo{RA}: {L}ow-Rank Adaptation of Large Language Models},
	author       = {Edward J Hu and yelong shen and Phillip Wallis and Zeyuan Allen-Zhu and Yuanzhi Li and Shean Wang and Lu Wang and Weizhu Chen},
	year         = 2022,
	booktitle    = {International Conference on Learning Representations},
	url          = {https://openreview.net/forum?id=nZeVKeeFYf9},
}
@inproceedings{DBLP:conf/iclr/KirkMNLHGR24,
	title        = {Understanding the Effects of {RLHF} on {LLM} Generalisation and Diversity},
	author       = {Robert Kirk and Ishita Mediratta and Christoforos Nalmpantis and Jelena Luketina and Eric Hambro and Edward Grefenstette and Roberta Raileanu},
	year         = 2024,
	booktitle    = {The Twelfth International Conference on Learning Representations},
	url          = {https://openreview.net/forum?id=PXD3FAVHJT},
}
@inproceedings{DBLP:conf/iclr/LoshchilovH19,
	title        = {Decoupled Weight Decay Regularization},
	author       = {Ilya Loshchilov and Frank Hutter},
	year         = 2019,
	booktitle    = {International Conference on Learning Representations},
	url          = {https://openreview.net/forum?id=Bkg6RiCqY7},
}
@inproceedings{DBLP:conf/iclr/QinLYZYLLCTQZHT24,
	title        = {Tool{LLM}: {F}acilitating Large Language Models to Master 16000+ Real-world {API}s},
	author       = {Yujia Qin and Shihao Liang and Yining Ye and Kunlun Zhu and Lan Yan and Yaxi Lu and Yankai Lin and Xin Cong and Xiangru Tang and Bill Qian and Sihan Zhao and Lauren Hong and Runchu Tian and Ruobing Xie and Jie Zhou and Mark Gerstein and dahai li and Zhiyuan Liu and Maosong Sun},
	year         = 2024,
	booktitle    = {The Twelfth International Conference on Learning Representations},
	url          = {https://openreview.net/forum?id=dHng2O0Jjr},
}
@inproceedings{DBLP:conf/iclr/WeiBZGYLDDL22,
	title        = {Finetuned Language Models are Zero-Shot Learners},
	author       = {Jason Wei and Maarten Bosma and Vincent Zhao and Kelvin Guu and Adams Wei Yu and Brian Lester and Nan Du and Andrew M. Dai and Quoc V Le},
	year         = 2022,
	booktitle    = {International Conference on Learning Representations},
	url          = {https://openreview.net/forum?id=gEZrGCozdqR},
}
@inproceedings{DBLP:conf/iclr/YaoZYDSN023,
	title        = {{ReAct}: {S}ynergizing Reasoning and Acting in Language Models},
	author       = {Shunyu Yao and Jeffrey Zhao and Dian Yu and Nan Du and Izhak Shafran and Karthik R Narasimhan and Yuan Cao},
	year         = 2023,
	booktitle    = {The Eleventh International Conference on Learning Representations},
	url          = {https://openreview.net/forum?id=WE_vluYUL-X},
}
@inproceedings{DBLP:conf/icml/GaoMZ00YCN23,
	title        = {{PAL}: {P}rogram-aided Language Models},
	author       = {Gao, Luyu and Madaan, Aman and Zhou, Shuyan and Alon, Uri and Liu, Pengfei and Yang, Yiming and Callan, Jamie and Neubig, Graham},
	year         = 2023,
	month        = {23--29 Jul},
	booktitle    = {Proceedings of the 40th International Conference on Machine Learning},
	publisher    = {PMLR},
	series       = {Proceedings of Machine Learning Research},
	volume       = 202,
	pages        = {10764--10799},
	url          = {https://proceedings.mlr.press/v202/gao23f.html},
	editor       = {Krause, Andreas and Brunskill, Emma and Cho, Kyunghyun and Engelhardt, Barbara and Sabato, Sivan and Scarlett, Jonathan},
	pdf          = {https://proceedings.mlr.press/v202/gao23f/gao23f.pdf},
}
@inproceedings{DBLP:conf/icml/OswaldNRSMZV23,
	title        = {Transformers Learn In-Context by Gradient Descent},
	author       = {Von Oswald, Johannes and Niklasson, Eyvind and Randazzo, Ettore and Sacramento, Joao and Mordvintsev, Alexander and Zhmoginov, Andrey and Vladymyrov, Max},
	year         = 2023,
	month        = {23--29 Jul},
	booktitle    = {Proceedings of the 40th International Conference on Machine Learning},
	publisher    = {PMLR},
	series       = {Proceedings of Machine Learning Research},
	volume       = 202,
	pages        = {35151--35174},
	url          = {https://proceedings.mlr.press/v202/von-oswald23a.html},
	editor       = {Krause, Andreas and Brunskill, Emma and Cho, Kyunghyun and Engelhardt, Barbara and Sabato, Sivan and Scarlett, Jonathan},
	pdf          = {https://proceedings.mlr.press/v202/von-oswald23a/von-oswald23a.pdf},
}
@inproceedings{DBLP:conf/kcap/KnoxS09,
	title        = {Interactively shaping agents via human reinforcement: {T}he {TAMER} framework},
	author       = {Knox, W. Bradley and Stone, Peter},
	year         = 2009,
	booktitle    = {Proceedings of the Fifth International Conference on Knowledge Capture},
	location     = {Redondo Beach, California, USA},
	publisher    = {Association for Computing Machinery},
	address      = {New York, NY, USA},
	series       = {K-CAP '09},
	pages        = {9–16},
	doi          = {10.1145/1597735.1597738},
	isbn         = 9781605586588,
	url          = {https://doi.org/10.1145/1597735.1597738},
	numpages     = 8,
	keywords     = {human teachers, human-agent interaction, learning agents, sequential decision-making, shaping},
}
@inproceedings{DBLP:conf/naacl/DevlinCLT19,
	title        = {{BERT}: {P}re-training of Deep Bidirectional Transformers for Language Understanding},
	author       = {Devlin, Jacob  and Chang, Ming-Wei  and Lee, Kenton  and Toutanova, Kristina},
	year         = 2019,
	month        = jun,
	booktitle    = {Proceedings of the 2019 Conference of the North {A}merican Chapter of the Association for Computational Linguistics: Human Language Technologies, Volume 1 (Long and Short Papers)},
	publisher    = {Association for Computational Linguistics},
	address      = {Minneapolis, Minnesota},
	pages        = {4171--4186},
	doi          = {10.18653/v1/N19-1423},
	url          = {https://aclanthology.org/N19-1423/},
	editor       = {Burstein, Jill  and Doran, Christy  and Solorio, Thamar},
}
@inproceedings{DBLP:conf/naacl/QiaoGLJC024,
	title        = {Making Language Models Better Tool Learners with Execution Feedback},
	author       = {Qiao, Shuofei  and Gui, Honghao  and Lv, Chengfei  and Jia, Qianghuai  and Chen, Huajun  and Zhang, Ningyu},
	year         = 2024,
	month        = jun,
	booktitle    = {Proceedings of the 2024 Conference of the North American Chapter of the Association for Computational Linguistics: Human Language Technologies (Volume 1: Long Papers)},
	publisher    = {Association for Computational Linguistics},
	address      = {Mexico City, Mexico},
	pages        = {3550--3568},
	doi          = {10.18653/v1/2024.naacl-long.195},
	url          = {https://aclanthology.org/2024.naacl-long.195/},
	editor       = {Duh, Kevin  and Gomez, Helena  and Bethard, Steven},
}
@inproceedings{DBLP:conf/nips/0001ST00Z23,
	title        = {{HuggingGPT}: {S}olving {AI} Tasks with {ChatGPT} and its Friends in {Hugging Face}},
	author       = {Shen, Yongliang and Song, Kaitao and Tan, Xu and Li, Dongsheng and Lu, Weiming and Zhuang, Yueting},
	year         = 2023,
	booktitle    = {Advances in Neural Information Processing Systems},
	publisher    = {Curran Associates, Inc.},
	volume       = 36,
	pages        = {38154--38180},
	url          = {https://proceedings.neurips.cc/paper_files/paper/2023/file/77c33e6a367922d003ff102ffb92b658-Paper-Conference.pdf},
	editor       = {A. Oh and T. Naumann and A. Globerson and K. Saenko and M. Hardt and S. Levine},
}
@inproceedings{DBLP:conf/nips/BrownMRSKDNSSAA20,
	title        = {Language Models are Few-Shot Learners},
	author       = {Brown, Tom and Mann, Benjamin and Ryder, Nick and Subbiah, Melanie and Kaplan, Jared D and Dhariwal, Prafulla and Neelakantan, Arvind and Shyam, Pranav and Sastry, Girish and Askell, Amanda and Agarwal, Sandhini and Herbert-Voss, Ariel and Krueger, Gretchen and Henighan, Tom and Child, Rewon and Ramesh, Aditya and Ziegler, Daniel and Wu, Jeffrey and Winter, Clemens and Hesse, Chris and Chen, Mark and Sigler, Eric and Litwin, Mateusz and Gray, Scott and Chess, Benjamin and Clark, Jack and Berner, Christopher and McCandlish, Sam and Radford, Alec and Sutskever, Ilya and Amodei, Dario},
	year         = 2020,
	booktitle    = {Advances in Neural Information Processing Systems},
	publisher    = {Curran Associates, Inc.},
	volume       = 33,
	pages        = {1877--1901},
	url          = {https://proceedings.neurips.cc/paper_files/paper/2020/file/1457c0d6bfcb4967418bfb8ac142f64a-Paper.pdf},
	editor       = {H. Larochelle and M. Ranzato and R. Hadsell and M.F. Balcan and H. Lin},
}
@inproceedings{DBLP:conf/nips/ChristianoLBMLA17,
	title        = {Deep Reinforcement Learning from Human Preferences},
	author       = {Christiano, Paul F and Leike, Jan and Brown, Tom and Martic, Miljan and Legg, Shane and Amodei, Dario},
	year         = 2017,
	booktitle    = {Advances in Neural Information Processing Systems},
	publisher    = {Curran Associates, Inc.},
	volume       = 30,
	url          = {https://proceedings.neurips.cc/paper_files/paper/2017/file/d5e2c0adad503c91f91df240d0cd4e49-Paper.pdf},
	editor       = {I. Guyon and U. Von Luxburg and S. Bengio and H. Wallach and R. Fergus and S. Vishwanathan and R. Garnett},
}
@inproceedings{DBLP:conf/nips/KojimaGRMI22,
	title        = {Large Language Models are Zero-Shot Reasoners},
	author       = {Kojima, Takeshi and Gu, Shixiang (Shane) and Reid, Machel and Matsuo, Yutaka and Iwasawa, Yusuke},
	year         = 2022,
	booktitle    = {Advances in Neural Information Processing Systems},
	publisher    = {Curran Associates, Inc.},
	volume       = 35,
	pages        = {22199--22213},
	url          = {https://proceedings.neurips.cc/paper_files/paper/2022/file/8bb0d291acd4acf06ef112099c16f326-Paper-Conference.pdf},
	editor       = {S. Koyejo and S. Mohamed and A. Agarwal and D. Belgrave and K. Cho and A. Oh},
}
@inproceedings{DBLP:conf/nips/LewisPPPKGKLYR020,
	title        = {Retrieval-Augmented Generation for Knowledge-Intensive {NLP} Tasks},
	author       = {Lewis, Patrick and Perez, Ethan and Piktus, Aleksandra and Petroni, Fabio and Karpukhin, Vladimir and Goyal, Naman and K\"{u}ttler, Heinrich and Lewis, Mike and Yih, Wen-tau and Rockt\"{a}schel, Tim and Riedel, Sebastian and Kiela, Douwe},
	year         = 2020,
	booktitle    = {Advances in Neural Information Processing Systems},
	publisher    = {Curran Associates, Inc.},
	volume       = 33,
	pages        = {9459--9474},
	url          = {https://proceedings.neurips.cc/paper_files/paper/2020/file/6b493230205f780e1bc26945df7481e5-Paper.pdf},
	editor       = {H. Larochelle and M. Ranzato and R. Hadsell and M.F. Balcan and H. Lin},
}
@inproceedings{DBLP:conf/nips/LuPCGCWZG23,
	title        = {Chameleon: {P}lug-and-Play Compositional Reasoning with Large Language Models},
	author       = {Lu, Pan and Peng, Baolin and Cheng, Hao and Galley, Michel and Chang, Kai-Wei and Wu, Ying Nian and Zhu, Song-Chun and Gao, Jianfeng},
	year         = 2023,
	booktitle    = {Advances in Neural Information Processing Systems},
	publisher    = {Curran Associates, Inc.},
	volume       = 36,
	pages        = {43447--43478},
	url          = {https://proceedings.neurips.cc/paper_files/paper/2023/file/871ed095b734818cfba48db6aeb25a62-Paper-Conference.pdf},
	editor       = {A. Oh and T. Naumann and A. Globerson and K. Saenko and M. Hardt and S. Levine},
}
@inproceedings{DBLP:conf/nips/Ouyang0JAWMZASR22,
	title        = {Training language models to follow instructions with human feedback},
	author       = {Ouyang, Long and Wu, Jeffrey and Jiang, Xu and Almeida, Diogo and Wainwright, Carroll and Mishkin, Pamela and Zhang, Chong and Agarwal, Sandhini and Slama, Katarina and Ray, Alex and Schulman, John and Hilton, Jacob and Kelton, Fraser and Miller, Luke and Simens, Maddie and Askell, Amanda and Welinder, Peter and Christiano, Paul F and Leike, Jan and Lowe, Ryan},
	year         = 2022,
	booktitle    = {Advances in Neural Information Processing Systems},
	publisher    = {Curran Associates, Inc.},
	volume       = 35,
	pages        = {27730--27744},
	url          = {https://proceedings.neurips.cc/paper_files/paper/2022/file/b1efde53be364a73914f58805a001731-Paper-Conference.pdf},
	editor       = {S. Koyejo and S. Mohamed and A. Agarwal and D. Belgrave and K. Cho and A. Oh},
}
@inproceedings{DBLP:conf/nips/RafailovSMMEF23,
	title        = {Direct Preference Optimization: {Y}our Language Model is Secretly a Reward Model},
	author       = {Rafailov, Rafael and Sharma, Archit and Mitchell, Eric and Manning, Christopher D and Ermon, Stefano and Finn, Chelsea},
	year         = 2023,
	booktitle    = {Advances in Neural Information Processing Systems},
	publisher    = {Curran Associates, Inc.},
	volume       = 36,
	pages        = {53728--53741},
	url          = {https://proceedings.neurips.cc/paper_files/paper/2023/file/a85b405ed65c6477a4fe8302b5e06ce7-Paper-Conference.pdf},
	editor       = {A. Oh and T. Naumann and A. Globerson and K. Saenko and M. Hardt and S. Levine},
}
@inproceedings{DBLP:conf/nips/SchickDDRLHZCS23,
	title        = {{Toolformer}: {L}anguage Models Can Teach Themselves to Use Tools},
	author       = {Schick, Timo and Dwivedi-Yu, Jane and Dessi, Roberto and Raileanu, Roberta and Lomeli, Maria and Hambro, Eric and Zettlemoyer, Luke and Cancedda, Nicola and Scialom, Thomas},
	year         = 2023,
	booktitle    = {Advances in Neural Information Processing Systems},
	publisher    = {Curran Associates, Inc.},
	volume       = 36,
	pages        = {68539--68551},
	url          = {https://proceedings.neurips.cc/paper_files/paper/2023/file/d842425e4bf79ba039352da0f658a906-Paper-Conference.pdf},
	editor       = {A. Oh and T. Naumann and A. Globerson and K. Saenko and M. Hardt and S. Levine},
}
@inproceedings{DBLP:conf/nips/VaswaniSPUJGKP17,
	title        = {Attention is All you Need},
	author       = {Vaswani, Ashish and Shazeer, Noam and Parmar, Niki and Uszkoreit, Jakob and Jones, Llion and Gomez, Aidan N and Kaiser, \L ukasz and Polosukhin, Illia},
	year         = 2017,
	booktitle    = {Advances in Neural Information Processing Systems},
	publisher    = {Curran Associates, Inc.},
	volume       = 30,
	url          = {https://proceedings.neurips.cc/paper_files/paper/2017/file/3f5ee243547dee91fbd053c1c4a845aa-Paper.pdf},
	editor       = {I. Guyon and U. Von Luxburg and S. Bengio and H. Wallach and R. Fergus and S. Vishwanathan and R. Garnett},
}
@inproceedings{DBLP:conf/nips/YangSLZGLS23,
	title        = {{GPT4Tools}: {T}eaching Large Language Model to Use Tools via Self-instruction},
	author       = {Yang, Rui and Song, Lin and Li, Yanwei and Zhao, Sijie and Ge, Yixiao and Li, Xiu and Shan, Ying},
	year         = 2023,
	booktitle    = {Advances in Neural Information Processing Systems},
	publisher    = {Curran Associates, Inc.},
	volume       = 36,
	pages        = {71995--72007},
	url          = {https://proceedings.neurips.cc/paper_files/paper/2023/file/e393677793767624f2821cec8bdd02f1-Paper-Conference.pdf},
	editor       = {A. Oh and T. Naumann and A. Globerson and K. Saenko and M. Hardt and S. Levine},
}
@inproceedings{DBLP:conf/nips/ZelikmanWMG22,
	title        = {{STaR}: {B}ootstrapping Reasoning With Reasoning},
	author       = {Zelikman, Eric and Wu, Yuhuai and Mu, Jesse and Goodman, Noah},
	year         = 2022,
	booktitle    = {Advances in Neural Information Processing Systems},
	publisher    = {Curran Associates, Inc.},
	volume       = 35,
	pages        = {15476--15488},
	url          = {https://proceedings.neurips.cc/paper_files/paper/2022/file/639a9a172c044fbb64175b5fad42e9a5-Paper-Conference.pdf},
	editor       = {S. Koyejo and S. Mohamed and A. Agarwal and D. Belgrave and K. Cho and A. Oh},
}
@inproceedings{DBLP:conf/nips/ZhuangYWSZ23,
	title        = {{ToolQA}: {A} Dataset for LLM Question Answering with External Tools},
	author       = {Zhuang, Yuchen and Yu, Yue and Wang, Kuan and Sun, Haotian and Zhang, Chao},
	year         = 2023,
	booktitle    = {Advances in Neural Information Processing Systems},
	publisher    = {Curran Associates, Inc.},
	volume       = 36,
	pages        = {50117--50143},
	url          = {https://proceedings.neurips.cc/paper_files/paper/2023/file/9cb2a7495900f8b602cb10159246a016-Paper-Datasets_and_Benchmarks.pdf},
	editor       = {A. Oh and T. Naumann and A. Globerson and K. Saenko and M. Hardt and S. Levine},
}
@article{DBLP:journals/corr/abs-2001-08361,
	title        = {Scaling Laws for Neural Language Models},
	author       = {Jared Kaplan and Sam McCandlish and Tom Henighan and Tom B. Brown and Benjamin Chess and Rewon Child and Scott Gray and Alec Radford and Jeffrey Wu and Dario Amodei},
	year         = 2020,
	journal      = {arXiv preprint 2001.08361},
	url          = {https://arxiv.org/abs/2001.08361},
}
@article{DBLP:journals/corr/abs-2110-14168,
	title        = {Training Verifiers to Solve Math Word Problems},
	author       = {Karl Cobbe and Vineet Kosaraju and Mohammad Bavarian and Mark Chen and Heewoo Jun and Lukasz Kaiser and Matthias Plappert and Jerry Tworek and Jacob Hilton and Reiichiro Nakano and Christopher Hesse and John Schulman},
	year         = 2021,
	journal      = {arXiv preprint 2110.14168},
	url          = {https://arxiv.org/abs/2110.14168},
}
@article{DBLP:journals/corr/abs-2207-04672,
	title        = {No Language Left Behind: {S}caling Human-Centered Machine Translation},
	author       = {Marta R. Costa-Juss\`{a} and James Cross and Onur \c{C}elebi and Maha Elbayad and Kenneth Heafield and Kevin Heffernan and Elahe Kalbassi and Janice Lam and Daniel Licht and Jean Maillard and Anna Sun and Skyler Wang and Guillaume Wenzek and Al Youngblood and Bapi Akula and Loic Barrault and Gabriel Mejia Gonzalez and Prangthip Hansanti and John Hoffman and Semarley Jarrett and Kaushik Ram Sadagopan and Dirk Rowe and Shannon Spruit and Chau Tran and Pierre Andrews and Necip Fazil Ayan and Shruti Bhosale and Sergey Edunov and Angela Fan and Cynthia Gao and Vedanuj Goswami and Francisco Guzm\'{a}n and Philipp Koehn and Alexandre Mourachko and Christophe Ropers and Safiyyah Saleem and Holger Schwenk and Jeff Wang},
	year         = 2022,
	journal      = {arXiv preprint 2207.04672},
	url          = {https://arxiv.org/abs/2207.04672},
}
@article{DBLP:journals/corr/abs-2210-11416,
	title        = {Scaling Instruction-Finetuned Language Models},
	author       = {Hyung Won Chung and Le Hou and Shayne Longpre and Barret Zoph and Yi Tay and William Fedus and Yunxuan Li and Xuezhi Wang and Mostafa Dehghani and Siddhartha Brahma and Albert Webson and Shixiang Shane Gu and Zhuyun Dai and Mirac Suzgun and Xinyun Chen and Aakanksha Chowdhery and Alex Castro-Ros and Marie Pellat and Kevin Robinson and Dasha Valter and Sharan Narang and Gaurav Mishra and Adams Yu and Vincent Zhao and Yanping Huang and Andrew Dai and Hongkun Yu and Slav Petrov and Ed H. Chi and Jeff Dean and Jacob Devlin and Adam Roberts and Denny Zhou and Quoc V. Le and Jason Wei},
	year         = 2024,
	journal      = {Journal of Machine Learning Research},
	volume       = 25,
	number       = 70,
	pages        = {1--53},
	url          = {http://jmlr.org/papers/v25/23-0870.html},
}
@article{DBLP:journals/corr/abs-2211-05100,
	title        = {{BLOOM}: {A} {176B}-Parameter Open-Access Multilingual Language Model},
	author       = {Teven Le Scao and Angela Fan and Christopher Akiki and Ellie Pavlick and Suzana Ili\'{c} and Daniel Hesslow and Roman Castagn\'{e} and Alexandra Sasha Luccioni and Fran\c{c}ois Yvon and Matthias Gall\'{e} and Jonathan Tow and Alexander M. Rush and Stella Biderman and Albert Webson and Pawan Sasanka Ammanamanchi and Thomas Wang and Beno\^{\i}t Sagot and Niklas Muennighoff and Albert Villanova del Moral and Olatunji Ruwase and Rachel Bawden and Stas Bekman and Angelina McMillan-Major and Iz Beltagy and Huu Nguyen and Lucile Saulnier and Samson Tan and Pedro Ortiz Suarez and Victor Sanh and Hugo Lauren\c{c}on and Yacine Jernite and Julien Launay and Margaret Mitchell and Colin Raffel and Aaron Gokaslan and Adi Simhi and Aitor Soroa and Alham Fikri Aji and Amit Alfassy and Anna Rogers and Ariel Kreisberg Nitzav and Canwen Xu and Chenghao Mou and Chris Emezue and Christopher Klamm and Colin Leong and Daniel van Strien and David Ifeoluwa Adelani and Dragomir Radev and Eduardo Gonz\'{a}lez Ponferrada and Efrat Levkovizh and Ethan Kim and Eyal Bar Natan and Francesco De Toni and G\'{e}rard Dupont and Germ\'{a}n Kruszewski and Giada Pistilli and Hady Elsahar and Hamza Benyamina and Hieu Tran and Ian Yu and Idris Abdulmumin and Isaac Johnson and Itziar Gonzalez-Dios and Javier de la Rosa and Jenny Chim and Jesse Dodge and Jian Zhu and Jonathan Chang and J\"{o}rg Frohberg and Joseph Tobing and Joydeep Bhattacharjee and Khalid Almubarak and Kimbo Chen and Kyle Lo and Leandro Von Werra and Leon Weber and Long Phan and Loubna Ben allal and Ludovic Tanguy and Manan Dey and Manuel Romero Mu\~{n}oz and Maraim Masoud and Mar\'{\i}a Grandury and Mario \v{S}a\v{s}ko and Max Huang and Maximin Coavoux and Mayank Singh and Mike Tian-Jian Jiang and Minh Chien Vu and Mohammad A. Jauhar and Mustafa Ghaleb and Nishant Subramani and Nora Kassner and Nurulaqilla Khamis and Olivier Nguyen and Omar Espejel and Ona de Gibert and Paulo Villegas and Peter Henderson and Pierre Colombo and Priscilla Amuok and Quentin Lhoest and Rheza Harliman and Rishi Bommasani and Roberto Luis L\'{o}pez and Rui Ribeiro and Salomey Osei and Sampo Pyysalo and Sebastian Nagel and Shamik Bose and Shamsuddeen Hassan Muhammad and Shanya Sharma and Shayne Longpre and Somaieh Nikpoor and Stanislav Silberberg and Suhas Pai and Sydney Zink and Tiago Timponi Torrent and Timo Schick and Tristan Thrush and Valentin Danchev and Vassilina Nikoulina and Veronika Laippala and Violette Lepercq and Vrinda Prabhu and Zaid Alyafeai and Zeerak Talat and Arun Raja and Benjamin Heinzerling and Chenglei Si and Davut Emre Ta\c{s}ar and Elizabeth Salesky and Sabrina J. Mielke and Wilson Y. Lee and Abheesht Sharma and Andrea Santilli and Antoine Chaffin and Arnaud Stiegler and Debajyoti Datta and Eliza Szczechla and Gunjan Chhablani and Han Wang and Harshit Pandey and Hendrik Strobelt and Jason Alan Fries and Jos Rozen and Leo Gao and Lintang Sutawika and M Saiful Bari and Maged S. Al-shaibani and Matteo Manica and Nihal Nayak and Ryan Teehan and Samuel Albanie and Sheng Shen and Srulik Ben-David and Stephen H. Bach and Taewoon Kim and Tali Bers and Thibault Fevry and Trishala Neeraj and Urmish Thakker and Vikas Raunak and Xiangru Tang and Zheng-Xin Yong and Zhiqing Sun and Shaked Brody and Yallow Uri and Hadar Tojarieh and Adam Roberts and Hyung Won Chung and Jaesung Tae and Jason Phang and Ofir Press and Conglong Li and Deepak Narayanan and Hatim Bourfoune and Jared Casper and Jeff Rasley and Max Ryabinin and Mayank Mishra and Minjia Zhang and Mohammad Shoeybi and Myriam Peyrounette and Nicolas Patry and Nouamane Tazi and Omar Sanseviero and Patrick von Platen and Pierre Cornette and Pierre Fran\c{c}ois Lavall\'{e}e and R\'{e}mi Lacroix and Samyam Rajbhandari and Sanchit Gandhi and Shaden Smith and St\'{e}phane Requena and Suraj Patil and Tim Dettmers and Ahmed Baruwa and Amanpreet Singh and Anastasia Cheveleva and Anne-Laure Ligozat and Arjun Subramonian and Aur\'{e}lie N\'{e}v\'{e}ol and Charles Lovering and Dan Garrette and Deepak Tunuguntla and Ehud Reiter and Ekaterina Taktasheva and Ekaterina Voloshina and Eli Bogdanov and Genta Indra Winata and Hailey Schoelkopf and Jan-Christoph Kalo and Jekaterina Novikova and Jessica Zosa Forde and Jordan Clive and Jungo Kasai and Ken Kawamura and Liam Hazan and Marine Carpuat and Miruna Clinciu and Najoung Kim and Newton Cheng and Oleg Serikov and Omer Antverg and Oskar van der Wal and Rui Zhang and Ruochen Zhang and Sebastian Gehrmann and Shachar Mirkin and Shani Pais and Tatiana Shavrina and Thomas Scialom and Tian Yun and Tomasz Limisiewicz and Verena Rieser and Vitaly Protasov and Vladislav Mikhailov and Yada Pruksachatkun and Yonatan Belinkov and Zachary Bamberger and Zden\v{e}k Kasner and Alice Rueda and Amanda Pestana and Amir Feizpour and Ammar Khan and Amy Faranak and Ana Santos and Anthony Hevia and Antigona Unldreaj and Arash Aghagol and Arezoo Abdollahi and Aycha Tammour and Azadeh HajiHosseini and Bahareh Behroozi and Benjamin Ajibade and Bharat Saxena and Carlos Mu\~{n}oz Ferrandis and Daniel McDuff and Danish Contractor and David Lansky and Davis David and Douwe Kiela and Duong A. Nguyen and Edward Tan and Emi Baylor and Ezinwanne Ozoani and Fatima Mirza and Frankline Ononiwu and Habib Rezanejad and Hessie Jones and Indrani Bhattacharya and Irene Solaiman and Irina Sedenko and Isar Nejadgholi and Jesse Passmore and Josh Seltzer and Julio Bonis Sanz and Livia Dutra and Mairon Samagaio and Maraim Elbadri and Margot Mieskes and Marissa Gerchick and Martha Akinlolu and Michael McKenna and Mike Qiu and Muhammed Ghauri and Mykola Burynok and Nafis Abrar and Nazneen Rajani and Nour Elkott and Nour Fahmy and Olanrewaju Samuel and Ran An and Rasmus Kromann and Ryan Hao and Samira Alizadeh and Sarmad Shubber and Silas Wang and Sourav Roy and Sylvain Viguier and Thanh Le and Tobi Oyebade and Trieu Le and Yoyo Yang and Zach Nguyen and Abhinav Ramesh Kashyap and Alfredo Palasciano and Alison Callahan and Anima Shukla and Antonio Miranda-Escalada and Ayush Singh and Benjamin Beilharz and Bo Wang and Caio Brito and Chenxi Zhou and Chirag Jain and Chuxin Xu and Cl\'{e}mentine Fourrier and Daniel Le\'{o}n Peri\~{n}\'{a}n and Daniel Molano and Dian Yu and Enrique Manjavacas and Fabio Barth and Florian Fuhrimann and Gabriel Altay and Giyaseddin Bayrak and Gully Burns and Helena U. Vrabec and Imane Bello and Ishani Dash and Jihyun Kang and John Giorgi and Jonas Golde and Jose David Posada and Karthik Rangasai Sivaraman and Lokesh Bulchandani and Lu Liu and Luisa Shinzato and Madeleine Hahn de Bykhovetz and Maiko Takeuchi and Marc P\`{a}mies and Maria A Castillo and Marianna Nezhurina and Mario S\"{a}nger and Matthias Samwald and Michael Cullan and Michael Weinberg and Michiel De Wolf and Mina Mihaljcic and Minna Liu and Moritz Freidank and Myungsun Kang and Natasha Seelam and Nathan Dahlberg and Nicholas Michio Broad and Nikolaus Muellner and Pascale Fung and Patrick Haller and Ramya Chandrasekhar and Renata Eisenberg and Robert Martin and Rodrigo Canalli and Rosaline Su and Ruisi Su and Samuel Cahyawijaya and Samuele Garda and Shlok S Deshmukh and Shubhanshu Mishra and Sid Kiblawi and Simon Ott and Sinee Sang-aroonsiri and Srishti Kumar and Stefan Schweter and Sushil Bharati and Tanmay Laud and Th\'{e}o Gigant and Tomoya Kainuma and Wojciech Kusa and Yanis Labrak and Yash Shailesh Bajaj and Yash Venkatraman and Yifan Xu and Yingxin Xu and Yu Xu and Zhe Tan and Zhongli Xie and Zifan Ye and Mathilde Bras and Younes Belkada and Thomas Wolf},
	year         = 2023,
	journal      = {arXiv preprint 2211.05100},
	url          = {https://arxiv.org/abs/2211.05100},
}
@article{DBLP:journals/corr/abs-2302-13971,
	title        = {{LLaMA}: {O}pen and Efficient Foundation Language Models},
	author       = {Hugo Touvron and Thibaut Lavril and Gautier Izacard and Xavier Martinet and Marie-Anne Lachaux and Timoth\'{e}e Lacroix and Baptiste Rozi\`{e}re and Naman Goyal and Eric Hambro and Faisal Azhar and Aurelien Rodriguez and Armand Joulin and Edouard Grave and Guillaume Lample},
	year         = 2023,
	journal      = {arXiv preprint 2302.13971},
	url          = {https://arxiv.org/abs/2302.13971},
}
@misc{DBLP:journals/corr/abs-2303-08774,
	title        = {{GPT-4} Technical Report},
	author       = {OpenAI},
	year         = 2023,
	url          = {https://cdn.openai.com/papers/gpt-4.pdf},
}
@article{DBLP:journals/corr/abs-2305-15334,
	title        = {Gorilla: {L}arge Language Model Connected with Massive APIs},
	author       = {Shishir G. Patil and Tianjun Zhang and Xin Wang and Joseph E. Gonzalez},
	year         = 2023,
	journal      = {arXiv preprint 2305.15334},
	url          = {https://arxiv.org/abs/2305.15334},
}
@article{DBLP:journals/corr/abs-2307-09288,
	title        = {{Llama 2}: {O}pen Foundation and Fine-Tuned Chat Models},
	author       = {Hugo Touvron and Louis Martin and Kevin Stone and Peter Albert and Amjad Almahairi and Yasmine Babaei and Nikolay Bashlykov and Soumya Batra and Prajjwal Bhargava and Shruti Bhosale and Dan Bikel and Lukas Blecher and Cristian Canton Ferrer and Moya Chen and Guillem Cucurull and David Esiobu and Jude Fernandes and Jeremy Fu and Wenyin Fu and Brian Fuller and Cynthia Gao and Vedanuj Goswami and Naman Goyal and Anthony Hartshorn and Saghar Hosseini and Rui Hou and Hakan Inan and Marcin Kardas and Viktor Kerkez and Madian Khabsa and Isabel Kloumann and Artem Korenev and Punit Singh Koura and Marie-Anne Lachaux and Thibaut Lavril and Jenya Lee and Diana Liskovich and Yinghai Lu and Yuning Mao and Xavier Martinet and Todor Mihaylov and Pushkar Mishra and Igor Molybog and Yixin Nie and Andrew Poulton and Jeremy Reizenstein and Rashi Rungta and Kalyan Saladi and Alan Schelten and Ruan Silva and Eric Michael Smith and Ranjan Subramanian and Xiaoqing Ellen Tan and Binh Tang and Ross Taylor and Adina Williams and Jian Xiang Kuan and Puxin Xu and Zheng Yan and Iliyan Zarov and Yuchen Zhang and Angela Fan and Melanie Kambadur and Sharan Narang and Aurelien Rodriguez and Robert Stojnic and Sergey Edunov and Thomas Scialom},
	year         = 2023,
	journal      = {arXiv preprint 2307.09288},
}
@article{DBLP:journals/corr/abs-2308-00675,
	title        = {Tool Documentation Enables Zero-Shot Tool-Usage with Large Language Models},
	author       = {Cheng-Yu Hsieh and Si-An Chen and Chun-Liang Li and Yasuhisa Fujii and Alexander Ratner and Chen-Yu Lee and Ranjay Krishna and Tomas Pfister},
	year         = 2023,
	journal      = {arXiv preprint 2308.00675},
	url          = {https://arxiv.org/abs/2308.00675},
}
@inproceedings{DBLP:journals/corr/abs-2403-15452,
	title        = {What Are Tools Anyway? {A} Survey from the Language Model Perspective},
	author       = {Zhiruo Wang and Zhoujun Cheng and Hao Zhu and Daniel Fried and Graham Neubig},
	year         = 2024,
	booktitle    = {First Conference on Language Modeling},
	url          = {https://openreview.net/forum?id=Xh1B90iBSR},
}
@article{DBLP:journals/corr/abs-2404-05904,
	title        = {The Hallucinations Leaderboard: {A}n Open Effort to Measure Hallucinations in Large Language Models},
	author       = {Giwon Hong and Aryo Pradipta Gema and Rohit Saxena and Xiaotang Du and Ping Nie and Yu Zhao and Laura Perez-Beltrachini and Max Ryabinin and Xuanli He and Cl\'{e}mentine Fourrier and Pasquale Minervini},
	year         = 2024,
	journal      = {arXiv preprint 2404.05904},
	url          = {https://arxiv.org/abs/2404.05904},
}
@article{DBLP:journals/corr/abs-2407-21783,
	title        = {The {Llama} 3 Herd of Models},
	author       = {Aaron Grattafiori and Abhimanyu Dubey and Abhinav Jauhri and Abhinav Pandey and Abhishek Kadian and Ahmad Al-Dahle and Aiesha Letman and Akhil Mathur and Alan Schelten and Alex Vaughan and Amy Yang and Angela Fan and Anirudh Goyal and Anthony Hartshorn and Aobo Yang and Archi Mitra and Archie Sravankumar and Artem Korenev and Arthur Hinsvark and Arun Rao and Aston Zhang and Aurelien Rodriguez and Austen Gregerson and Ava Spataru and Baptiste Roziere and Bethany Biron and Binh Tang and Bobbie Chern and Charlotte Caucheteux and Chaya Nayak and Chloe Bi and Chris Marra and Chris McConnell and Christian Keller and Christophe Touret and Chunyang Wu and Corinne Wong and Cristian Canton Ferrer and Cyrus Nikolaidis and Damien Allonsius and Daniel Song and Danielle Pintz and Danny Livshits and Danny Wyatt and David Esiobu and Dhruv Choudhary and Dhruv Mahajan and Diego Garcia-Olano and Diego Perino and Dieuwke Hupkes and Egor Lakomkin and Ehab AlBadawy and Elina Lobanova and Emily Dinan and Eric Michael Smith and Filip Radenovic and Francisco Guzm\'{a}n and Frank Zhang and Gabriel Synnaeve and Gabrielle Lee and Georgia Lewis Anderson and Govind Thattai and Graeme Nail and Gregoire Mialon and Guan Pang and Guillem Cucurell and Hailey Nguyen and Hannah Korevaar and Hu Xu and Hugo Touvron and Iliyan Zarov and Imanol Arrieta Ibarra and Isabel Kloumann and Ishan Misra and Ivan Evtimov and Jack Zhang and Jade Copet and Jaewon Lee and Jan Geffert and Jana Vranes and Jason Park and Jay Mahadeokar and Jeet Shah and Jelmer van der Linde and Jennifer Billock and Jenny Hong and Jenya Lee and Jeremy Fu and Jianfeng Chi and Jianyu Huang and Jiawen Liu and Jie Wang and Jiecao Yu and Joanna Bitton and Joe Spisak and Jongsoo Park and Joseph Rocca and Joshua Johnstun and Joshua Saxe and Junteng Jia and Kalyan Vasuden Alwala and Karthik Prasad and Kartikeya Upasani and Kate Plawiak and Ke Li and Kenneth Heafield and Kevin Stone and Khalid El-Arini and Krithika Iyer and Kshitiz Malik and Kuenley Chiu and Kunal Bhalla and Kushal Lakhotia and Lauren Rantala-Yeary and Laurens van der Maaten and Lawrence Chen and Liang Tan and Liz Jenkins and Louis Martin and Lovish Madaan and Lubo Malo and Lukas Blecher and Lukas Landzaat and Luke de Oliveira and Madeline Muzzi and Mahesh Pasupuleti and Mannat Singh and Manohar Paluri and Marcin Kardas and Maria Tsimpoukelli and Mathew Oldham and Mathieu Rita and Maya Pavlova and Melanie Kambadur and Mike Lewis and Min Si and Mitesh Kumar Singh and Mona Hassan and Naman Goyal and Narjes Torabi and Nikolay Bashlykov and Nikolay Bogoychev and Niladri Chatterji and Ning Zhang and Olivier Duchenne and Onur \c{C}elebi and Patrick Alrassy and Pengchuan Zhang and Pengwei Li and Petar Vasic and Peter Weng and Prajjwal Bhargava and Pratik Dubal and Praveen Krishnan and Punit Singh Koura and Puxin Xu and Qing He and Qingxiao Dong and Ragavan Srinivasan and Raj Ganapathy and Ramon Calderer and Ricardo Silveira Cabral and Robert Stojnic and Roberta Raileanu and Rohan Maheswari and Rohit Girdhar and Rohit Patel and Romain Sauvestre and Ronnie Polidoro and Roshan Sumbaly and Ross Taylor and Ruan Silva and Rui Hou and Rui Wang and Saghar Hosseini and Sahana Chennabasappa and Sanjay Singh and Sean Bell and Seohyun Sonia Kim and Sergey Edunov and Shaoliang Nie and Sharan Narang and Sharath Raparthy and Sheng Shen and Shengye Wan and Shruti Bhosale and Shun Zhang and Simon Vandenhende and Soumya Batra and Spencer Whitman and Sten Sootla and Stephane Collot and Suchin Gururangan and Sydney Borodinsky and Tamar Herman and Tara Fowler and Tarek Sheasha and Thomas Georgiou and Thomas Scialom and Tobias Speckbacher and Todor Mihaylov and Tong Xiao and Ujjwal Karn and Vedanuj Goswami and Vibhor Gupta and Vignesh Ramanathan and Viktor Kerkez and Vincent Gonguet and Virginie Do and Vish Vogeti and V\'{\i}tor Albiero and Vladan Petrovic and Weiwei Chu and Wenhan Xiong and Wenyin Fu and Whitney Meers and Xavier Martinet and Xiaodong Wang and Xiaofang Wang and Xiaoqing Ellen Tan and Xide Xia and Xinfeng Xie and Xuchao Jia and Xuewei Wang and Yaelle Goldschlag and Yashesh Gaur and Yasmine Babaei and Yi Wen and Yiwen Song and Yuchen Zhang and Yue Li and Yuning Mao and Zacharie Delpierre Coudert and Zheng Yan and Zhengxing Chen and Zoe Papakipos and Aaditya Singh and Aayushi Srivastava and Abha Jain and Adam Kelsey and Adam Shajnfeld and Adithya Gangidi and Adolfo Victoria and Ahuva Goldstand and Ajay Menon and Ajay Sharma and Alex Boesenberg and Alexei Baevski and Allie Feinstein and Amanda Kallet and Amit Sangani and Amos Teo and Anam Yunus and Andrei Lupu and Andres Alvarado and Andrew Caples and Andrew Gu and Andrew Ho and Andrew Poulton and Andrew Ryan and Ankit Ramchandani and Annie Dong and Annie Franco and Anuj Goyal and Aparajita Saraf and Arkabandhu Chowdhury and Ashley Gabriel and Ashwin Bharambe and Assaf Eisenman and Azadeh Yazdan and Beau James and Ben Maurer and Benjamin Leonhardi and Bernie Huang and Beth Loyd and Beto De Paola and Bhargavi Paranjape and Bing Liu and Bo Wu and Boyu Ni and Braden Hancock and Bram Wasti and Brandon Spence and Brani Stojkovic and Brian Gamido and Britt Montalvo and Carl Parker and Carly Burton and Catalina Mejia and Ce Liu and Changhan Wang and Changkyu Kim and Chao Zhou and Chester Hu and Ching-Hsiang Chu and Chris Cai and Chris Tindal and Christoph Feichtenhofer and Cynthia Gao and Damon Civin and Dana Beaty and Daniel Kreymer and Daniel Li and David Adkins and David Xu and Davide Testuggine and Delia David and Devi Parikh and Diana Liskovich and Didem Foss and Dingkang Wang and Duc Le and Dustin Holland and Edward Dowling and Eissa Jamil and Elaine Montgomery and Eleonora Presani and Emily Hahn and Emily Wood and Eric-Tuan Le and Erik Brinkman and Esteban Arcaute and Evan Dunbar and Evan Smothers and Fei Sun and Felix Kreuk and Feng Tian and Filippos Kokkinos and Firat Ozgenel and Francesco Caggioni and Frank Kanayet and Frank Seide and Gabriela Medina Florez and Gabriella Schwarz and Gada Badeer and Georgia Swee and Gil Halpern and Grant Herman and Grigory Sizov and Guangyi and Zhang and Guna Lakshminarayanan and Hakan Inan and Hamid Shojanazeri and Han Zou and Hannah Wang and Hanwen Zha and Haroun Habeeb and Harrison Rudolph and Helen Suk and Henry Aspegren and Hunter Goldman and Hongyuan Zhan and Ibrahim Damlaj and Igor Molybog and Igor Tufanov and Ilias Leontiadis and Irina-Elena Veliche and Itai Gat and Jake Weissman and James Geboski and James Kohli and Janice Lam and Japhet Asher and Jean-Baptiste Gaya and Jeff Marcus and Jeff Tang and Jennifer Chan and Jenny Zhen and Jeremy Reizenstein and Jeremy Teboul and Jessica Zhong and Jian Jin and Jingyi Yang and Joe Cummings and Jon Carvill and Jon Shepard and Jonathan McPhie and Jonathan Torres and Josh Ginsburg and Junjie Wang and Kai Wu and Kam Hou U and Karan Saxena and Kartikay Khandelwal and Katayoun Zand and Kathy Matosich and Kaushik Veeraraghavan and Kelly Michelena and Keqian Li and Kiran Jagadeesh and Kun Huang and Kunal Chawla and Kyle Huang and Lailin Chen and Lakshya Garg and Lavender A and Leandro Silva and Lee Bell and Lei Zhang and Liangpeng Guo and Licheng Yu and Liron Moshkovich and Luca Wehrstedt and Madian Khabsa and Manav Avalani and Manish Bhatt and Martynas Mankus and Matan Hasson and Matthew Lennie and Matthias Reso and Maxim Groshev and Maxim Naumov and Maya Lathi and Meghan Keneally and Miao Liu and Michael L. Seltzer and Michal Valko and Michelle Restrepo and Mihir Patel and Mik Vyatskov and Mikayel Samvelyan and Mike Clark and Mike Macey and Mike Wang and Miquel Jubert Hermoso and Mo Metanat and Mohammad Rastegari and Munish Bansal and Nandhini Santhanam and Natascha Parks and Natasha White and Navyata Bawa and Nayan Singhal and Nick Egebo and Nicolas Usunier and Nikhil Mehta and Nikolay Pavlovich Laptev and Ning Dong and Norman Cheng and Oleg Chernoguz and Olivia Hart and Omkar Salpekar and Ozlem Kalinli and Parkin Kent and Parth Parekh and Paul Saab and Pavan Balaji and Pedro Rittner and Philip Bontrager and Pierre Roux and Piotr Dollar and Polina Zvyagina and Prashant Ratanchandani and Pritish Yuvraj and Qian Liang and Rachad Alao and Rachel Rodriguez and Rafi Ayub and Raghotham Murthy and Raghu Nayani and Rahul Mitra and Rangaprabhu Parthasarathy and Raymond Li and Rebekkah Hogan and Robin Battey and Rocky Wang and Russ Howes and Ruty Rinott and Sachin Mehta and Sachin Siby and Sai Jayesh Bondu and Samyak Datta and Sara Chugh and Sara Hunt and Sargun Dhillon and Sasha Sidorov and Satadru Pan and Saurabh Mahajan and Saurabh Verma and Seiji Yamamoto and Sharadh Ramaswamy and Shaun Lindsay and Shaun Lindsay and Sheng Feng and Shenghao Lin and Shengxin Cindy Zha and Shishir Patil and Shiva Shankar and Shuqiang Zhang and Shuqiang Zhang and Sinong Wang and Sneha Agarwal and Soji Sajuyigbe and Soumith Chintala and Stephanie Max and Stephen Chen and Steve Kehoe and Steve Satterfield and Sudarshan Govindaprasad and Sumit Gupta and Summer Deng and Sungmin Cho and Sunny Virk and Suraj Subramanian and Sy Choudhury and Sydney Goldman and Tal Remez and Tamar Glaser and Tamara Best and Thilo Koehler and Thomas Robinson and Tianhe Li and Tianjun Zhang and Tim Matthews and Timothy Chou and Tzook Shaked and Varun Vontimitta and Victoria Ajayi and Victoria Montanez and Vijai Mohan and Vinay Satish Kumar and Vishal Mangla and Vlad Ionescu and Vlad Poenaru and Vlad Tiberiu Mihailescu and Vladimir Ivanov and Wei Li and Wenchen Wang and Wenwen Jiang and Wes Bouaziz and Will Constable and Xiaocheng Tang and Xiaojian Wu and Xiaolan Wang and Xilun Wu and Xinbo Gao and Yaniv Kleinman and Yanjun Chen and Ye Hu and Ye Jia and Ye Qi and Yenda Li and Yilin Zhang and Ying Zhang and Yossi Adi and Youngjin Nam and Yu and Wang and Yu Zhao and Yuchen Hao and Yundi Qian and Yunlu Li and Yuzi He and Zach Rait and Zachary DeVito and Zef Rosnbrick and Zhaoduo Wen and Zhenyu Yang and Zhiwei Zhao and Zhiyu Ma},
	year         = 2024,
	journal      = {arXiv preprint 2407.21783},
	url          = {https://arxiv.org/abs/2407.21783},
}
@article{DBLP:journals/corr/SchulmanWDRK17,
	title        = {Proximal Policy Optimization Algorithms},
	author       = {John Schulman and Filip Wolski and Prafulla Dhariwal and Alec Radford and Oleg Klimov},
	year         = 2017,
	journal      = {arXiv preprint 1707.06347},
	url          = {https://arxiv.org/abs/1707.06347},
}
@article{DBLP:journals/jmlr/ChowdheryNDBMRBCSGSSTMRBTSPRDHPBAI23,
	title        = {{PaLM}: {S}caling Language Modeling with Pathways},
	author       = {Aakanksha Chowdhery and Sharan Narang and Jacob Devlin and Maarten Bosma and Gaurav Mishra and Adam Roberts and Paul Barham and Hyung Won Chung and Charles Sutton and Sebastian Gehrmann and Parker Schuh and Kensen Shi and Sasha Tsvyashchenko and Joshua Maynez and Abhishek Rao and Parker Barnes and Yi Tay and Noam Shazeer and Vinodkumar Prabhakaran and Emily Reif and Nan Du and Ben Hutchinson and Reiner Pope and James Bradbury and Jacob Austin and Michael Isard and Guy Gur-Ari and Pengcheng Yin and Toju Duke and Anselm Levskaya and Sanjay Ghemawat and Sunipa Dev and Henryk Michalewski and Xavier Garcia and Vedant Misra and Kevin Robinson and Liam Fedus and Denny Zhou and Daphne Ippolito and David Luan and Hyeontaek Lim and Barret Zoph and Alexander Spiridonov and Ryan Sepassi and David Dohan and Shivani Agrawal and Mark Omernick and Andrew M. Dai and Thanumalayan Sankaranarayana Pillai and Marie Pellat and Aitor Lewkowycz and Erica Moreira and Rewon Child and Oleksandr Polozov and Katherine Lee and Zongwei Zhou and Xuezhi Wang and Brennan Saeta and Mark Diaz and Orhan Firat and Michele Catasta and Jason Wei and Kathy Meier-Hellstern and Douglas Eck and Jeff Dean and Slav Petrov and Noah Fiedel},
	year         = 2023,
	journal      = {Journal of Machine Learning Research},
	volume       = 24,
	number       = 240,
	pages        = {1--113},
	url          = {http://jmlr.org/papers/v24/22-1144.html},
}
@article{DBLP:journals/jmlr/RaffelSRLNMZLL20,
	title        = {Exploring the Limits of Transfer Learning with a Unified Text-to-Text Transformer},
	author       = {Colin Raffel and Noam Shazeer and Adam Roberts and Katherine Lee and Sharan Narang and Michael Matena and Yanqi Zhou and Wei Li and Peter J. Liu},
	year         = 2020,
	journal      = {Journal of Machine Learning Research},
	volume       = 21,
	number       = 140,
	pages        = {1--67},
	url          = {http://jmlr.org/papers/v21/20-074.html},
}
@article{DBLP:journals/tacl/LiuLHPBPL24,
	title        = {Lost in the Middle: {H}ow Language Models Use Long Contexts},
	author       = {Liu, Nelson F.  and Lin, Kevin  and Hewitt, John  and Paranjape, Ashwin  and Bevilacqua, Michele  and Petroni, Fabio  and Liang, Percy},
	year         = 2024,
	journal      = {Transactions of the Association for Computational Linguistics},
	publisher    = {MIT Press},
	address      = {Cambridge, MA},
	volume       = 12,
	pages        = {157--173},
	doi          = {10.1162/tacl_a_00638},
	url          = {https://aclanthology.org/2024.tacl-1.9/},
}
@article{DBLP:journals/tmlr/MialonDLNPRRSDC23,
	title        = {Augmented Language Models: {A} Survey},
	author       = {Gr{\'e}goire Mialon and Roberto Dessi and Maria Lomeli and Christoforos Nalmpantis and Ramakanth Pasunuru and Roberta Raileanu and Baptiste Roziere and Timo Schick and Jane Dwivedi-Yu and Asli Celikyilmaz and Edouard Grave and Yann LeCun and Thomas Scialom},
	year         = 2023,
	journal      = {Transactions on Machine Learning Research},
	issn         = {2835-8856},
	url          = {https://openreview.net/forum?id=jh7wH2AzKK},
}
@software{openai2024chatgpt,
	title        = {ChatGPT (GPT-4o)},
	author       = {OpenAI},
	year         = 2024,
	url          = {https://chat.openai.com/chat},
}
@software{openaichatgpt,
	title        = {ChatGPT},
	author       = {OpenAI},
	year         = 2022,
	url          = {https://chat.openai.com/chat},
}
@inproceedings{tam2024letspeakfreelystudy,
	title        = {Let Me Speak Freely? {A} Study On The Impact Of Format Restrictions On Large Language Model Performance.},
	author       = {Tam, Zhi Rui  and Wu, Cheng-Kuang  and Tsai, Yi-Lin  and Lin, Chieh-Yen  and Lee, Hung-yi  and Chen, Yun-Nung},
	year         = 2024,
	month        = nov,
	booktitle    = {Proceedings of the 2024 Conference on Empirical Methods in Natural Language Processing: Industry Track},
	publisher    = {Association for Computational Linguistics},
	address      = {Miami, Florida, US},
	pages        = {1218--1236},
	doi          = {10.18653/v1/2024.emnlp-industry.91},
	url          = {https://aclanthology.org/2024.emnlp-industry.91/},
	editor       = {Dernoncourt, Franck  and Preo{\c{t}}iuc-Pietro, Daniel  and Shimorina, Anastasia},
}
@inproceedings{xiong2024buildingmathagentsmultiturn,
	title        = {Building Math Agents with Multi-Turn Iterative Preference Learning},
	author       = {Wei Xiong and Chengshuai Shi and Jiaming Shen and Aviv Rosenberg and Zhen Qin and Daniele Calandriello and Misha Khalman and Rishabh Joshi and Bilal Piot and Mohammad Saleh and Chi Jin and Tong Zhang and Tianqi Liu},
	year         = 2025,
	booktitle    = {The Thirteenth International Conference on Learning Representations},
	url          = {https://openreview.net/forum?id=WjKea8bGFF},
}
