@incollection{Bengio+chapter2007,
author = {Bengio, Yoshua and LeCun, Yann},
booktitle = {Large Scale Kernel Machines},
publisher = {MIT Press},
title = {Scaling Learning Algorithms Towards {AI}},
year = {2007}
}

@article{Hinton06,
author = {Hinton, Geoffrey E. and Osindero, Simon and Teh, Yee Whye},
journal = {Neural Computation},
pages = {1527--1554},
title = {A Fast Learning Algorithm for Deep Belief Nets},
volume = {18},
year = {2006}
}

@book{goodfellow2016deep,
title={Deep learning},
author={Goodfellow, Ian and Bengio, Yoshua and Courville, Aaron and Bengio, Yoshua},
volume={1},
year={2016},
publisher={MIT Press}
}

@article{ouyang2022training,
  title={Training language models to follow instructions with human feedback},
  author={Ouyang, Long and Wu, Jeffrey and Jiang, Xu and Almeida, Diogo and Wainwright, Carroll and Mishkin, Pamela and Zhang, Chong and Agarwal, Sandhini and Slama, Katarina and Ray, Alex and others},
  journal={Advances in neural information processing systems},
  volume={35},
  pages={27730--27744},
  year={2022}
}

@article{schulman2017proximal,
  title={Proximal policy optimization algorithms},
  author={Schulman, John and Wolski, Filip and Dhariwal, Prafulla and Radford, Alec and Klimov, Oleg},
  journal={arXiv preprint arXiv:1707.06347},
  year={2017}
}

@article{rafailov2024direct,
  title={Direct preference optimization: Your language model is secretly a reward model},
  author={Rafailov, Rafael and Sharma, Archit and Mitchell, Eric and Manning, Christopher D and Ermon, Stefano and Finn, Chelsea},
  journal={Advances in Neural Information Processing Systems},
  volume={36},
  year={2024}
}

@inproceedings{azar2024general,
  title={A general theoretical paradigm to understand learning from human preferences},
  author={Azar, Mohammad Gheshlaghi and Guo, Zhaohan Daniel and Piot, Bilal and Munos, Remi and Rowland, Mark and Valko, Michal and Calandriello, Daniele},
  booktitle={International Conference on Artificial Intelligence and Statistics},
  pages={4447--4455},
  year={2024},
  organization={PMLR}
}

@article{ethayarajh2024kto,
  title={Kto: Model alignment as prospect theoretic optimization},
  author={Ethayarajh, Kawin and Xu, Winnie and Muennighoff, Niklas and Jurafsky, Dan and Kiela, Douwe},
  journal={arXiv preprint arXiv:2402.01306},
  year={2024}
}

@article{pal2024smaug,
  title={Smaug: Fixing failure modes of preference optimisation with dpo-positive},
  author={Pal, Arka and Karkhanis, Deep and Dooley, Samuel and Roberts, Manley and Naidu, Siddartha and White, Colin},
  journal={arXiv preprint arXiv:2402.13228},
  year={2024}
}

@article{kim2024sdpo,
  title={sDPO: Don't Use Your Data All at Once},
  author={Kim, Dahyun and Kim, Yungi and Song, Wonho and Kim, Hyeonwoo and Kim, Yunsu and Kim, Sanghoon and Park, Chanjun},
  journal={arXiv preprint arXiv:2403.19270},
  year={2024}
}

@article{hong2403orpo,
  title={Orpo: Monolithic preference optimization without reference model, 2024},
  author={Hong, Jiwoo and Lee, Noah and Thorne, James},
  journal={URL https://arxiv. org/abs/2403.07691},
  volume={2403}
}

@article{meng2024simpo,
  title={Simpo: Simple preference optimization with a reference-free reward},
  author={Meng, Yu and Xia, Mengzhou and Chen, Danqi},
  journal={arXiv preprint arXiv:2405.14734},
  year={2024}
}

@article{liu2024visual,
  title={Visual instruction tuning},
  author={Liu, Haotian and Li, Chunyuan and Wu, Qingyang and Lee, Yong Jae},
  journal={Advances in neural information processing systems},
  volume={36},
  year={2024}
}

@article{wei2023vary,
  title={Vary: Scaling up the vision vocabulary for large vision-language models},
  author={Wei, Haoran and Kong, Lingyu and Chen, Jinyue and Zhao, Liang and Ge, Zheng and Yang, Jinrong and Sun, Jianjian and Han, Chunrui and Zhang, Xiangyu},
  journal={arXiv preprint arXiv:2312.06109},
  year={2023}
}

@article{liu2024focus,
  title={Focus Anywhere for Fine-grained Multi-page Document Understanding},
  author={Liu, Chenglong and Wei, Haoran and Chen, Jinyue and Kong, Lingyu and Ge, Zheng and Zhu, Zining and Zhao, Liang and Sun, Jianjian and Han, Chunrui and Zhang, Xiangyu},
  journal={arXiv preprint arXiv:2405.14295},
  year={2024}
}

@article{yu2023merlin,
  title={Merlin: Empowering multimodal llms with foresight minds},
  author={Yu, En and Zhao, Liang and Wei, Yana and Yang, Jinrong and Wu, Dongming and Kong, Lingyu and Wei, Haoran and Wang, Tiancai and Ge, Zheng and Zhang, Xiangyu and others},
  journal={arXiv preprint arXiv:2312.00589},
  year={2023}
}

@article{amirloo2024understanding,
  title={Understanding Alignment in Multimodal LLMs: A Comprehensive Study},
  author={Amirloo, Elmira and Fauconnier, Jean-Philippe and Roesmann, Christoph and Kerl, Christian and Boney, Rinu and Qian, Yusu and Wang, Zirui and Dehghan, Afshin and Yang, Yinfei and Gan, Zhe and others},
  journal={arXiv preprint arXiv:2407.02477},
  year={2024}
}

@inproceedings{yu2024rlhf,
  title={Rlhf-v: Towards trustworthy mllms via behavior alignment from fine-grained correctional human feedback},
  author={Yu, Tianyu and Yao, Yuan and Zhang, Haoye and He, Taiwen and Han, Yifeng and Cui, Ganqu and Hu, Jinyi and Liu, Zhiyuan and Zheng, Hai-Tao and Sun, Maosong and others},
  booktitle={Proceedings of the IEEE/CVF Conference on Computer Vision and Pattern Recognition},
  pages={13807--13816},
  year={2024}
}

@article{xu2024survey,
  title={A Survey on Multilingual Large Language Models: Corpora, Alignment, and Bias},
  author={Xu, Yuemei and Hu, Ling and Zhao, Jiayi and Qiu, Zihan and Ye, Yuqi and Gu, Hanwen},
  journal={arXiv preprint arXiv:2404.00929},
  year={2024}
}



@article{zhao2023beyond,
  title={Beyond hallucinations: Enhancing lvlms through hallucination-aware direct preference optimization},
  author={Zhao, Zhiyuan and Wang, Bin and Ouyang, Linke and Dong, Xiaoyi and Wang, Jiaqi and He, Conghui},
  journal={arXiv preprint arXiv:2311.16839},
  year={2023}
}

@article{wang2024mdpo,
  title={mDPO: Conditional Preference Optimization for Multimodal Large Language Models},
  author={Wang, Fei and Zhou, Wenxuan and Huang, James Y and Xu, Nan and Zhang, Sheng and Poon, Hoifung and Chen, Muhao},
  journal={arXiv preprint arXiv:2406.11839},
  year={2024}
}

@article{radford2018improving,
  title={Improving language understanding by generative pre-training},
  author={Radford, Alec},
  year={2018}
}

@article{radford2019language,
  title={Language models are unsupervised multitask learners},
  author={Radford, Alec and Wu, Jeffrey and Child, Rewon and Luan, David and Amodei, Dario and Sutskever, Ilya and others},
  journal={OpenAI blog},
  volume={1},
  number={8},
  pages={9},
  year={2019}
}

@article{brown2020language,
  title={Language models are few-shot learners},
  author={Brown, Tom B},
  journal={arXiv preprint arXiv:2005.14165},
  year={2020}
}

@article{bai2022constitutional,
  title={Constitutional ai: Harmlessness from ai feedback},
  author={Bai, Yuntao and Kadavath, Saurav and Kundu, Sandipan and Askell, Amanda and Kernion, Jackson and Jones, Andy and Chen, Anna and Goldie, Anna and Mirhoseini, Azalia and McKinnon, Cameron and others},
  journal={arXiv preprint arXiv:2212.08073},
  year={2022}
}

@article{achiam2023gpt,
  title={Gpt-4 technical report},
  author={Achiam, Josh and Adler, Steven and Agarwal, Sandhini and Ahmad, Lama and Akkaya, Ilge and Aleman, Florencia Leoni and Almeida, Diogo and Altenschmidt, Janko and Altman, Sam and Anadkat, Shyamal and others},
  journal={arXiv preprint arXiv:2303.08774},
  year={2023}
}

@article{wei2022chain,
  title={Chain-of-thought prompting elicits reasoning in large language models},
  author={Wei, Jason and Wang, Xuezhi and Schuurmans, Dale and Bosma, Maarten and Xia, Fei and Chi, Ed and Le, Quoc V and Zhou, Denny and others},
  journal={Advances in neural information processing systems},
  volume={35},
  pages={24824--24837},
  year={2022}
}

@article{wang2022self,
  title={Self-consistency improves chain of thought reasoning in language models},
  author={Wang, Xuezhi and Wei, Jason and Schuurmans, Dale and Le, Quoc and Chi, Ed and Narang, Sharan and Chowdhery, Aakanksha and Zhou, Denny},
  journal={arXiv preprint arXiv:2203.11171},
  year={2022}
}

@article{ouyang2022training,
  title={Training language models to follow instructions with human feedback},
  author={Ouyang, Long and Wu, Jeffrey and Jiang, Xu and Almeida, Diogo and Wainwright, Carroll and Mishkin, Pamela and Zhang, Chong and Agarwal, Sandhini and Slama, Katarina and Ray, Alex and others},
  journal={Advances in neural information processing systems},
  volume={35},
  pages={27730--27744},
  year={2022}
}

@inproceedings{li2024groundinggpt,
  title={Groundinggpt: Language enhanced multi-modal grounding model},
  author={Li, Zhaowei and Xu, Qi and Zhang, Dong and Song, Hang and Cai, Yiqing and Qi, Qi and Zhou, Ran and Pan, Junting and Li, Zefeng and Tu, Vu and others},
  booktitle={Proceedings of the 62nd Annual Meeting of the Association for Computational Linguistics (Volume 1: Long Papers)},
  pages={6657--6678},
  year={2024}
}

@misc{zhang2023llavagrounding,
title={LLaVA-Grounding: Grounded Visual Chat with Large Multimodal Models},
author={Hao Zhang and Hongyang Li and Feng Li and Tianhe Ren and Xueyan Zou and Shilong Liu and Shijia Huang and Jianfeng Gao and Lei Zhang and Chunyuan Li and Jianwei Yang},
year={2023},
booktitle={arXiv}
}

@article{qu2024rio,
  title={RIO: A benchmark for reasoning intention-oriented objects in open environments},
  author={Qu, Mengxue and Wu, Yu and Liu, Wu and Liang, Xiaodan and Song, Jingkuan and Zhao, Yao and Wei, Yunchao},
  journal={Advances in Neural Information Processing Systems},
  volume={36},
  year={2024}
}

@article{1952Rank,
  title={Rank Analysis of Incomplete Block Designs: I. The Method of Paired Comparisons},
  author={ Bradley, Ralph Allan  and  Terry, Milton E },
  journal={Biometrika},
  volume={39},
  number={3/4},
  year={1952},
}

@article{liu2024lipo,
  title={Lipo: Listwise preference optimization through learning-to-rank},
  author={Liu, Tianqi and Qin, Zhen and Wu, Junru and Shen, Jiaming and Khalman, Misha and Joshi, Rishabh and Zhao, Yao and Saleh, Mohammad and Baumgartner, Simon and Liu, Jialu and others},
  journal={arXiv preprint arXiv:2402.01878},
  year={2024}
}

@article{2005Learning,
  title={Learning to rank using gradient descent},
  author={ Burges, Chris  and  Shaked, Tal  and  Renshaw, Erin  and  Lazier, Ari  and  Deeds, Matt  and  Hamilton, Nicole  and  Hullender, Greg },
  journal={ACM},
  pages={89-96},
  year={2005},
}

@inproceedings{2016Modeling,
  title={Modeling Context in Referring Expressions},
  author={ Yu, Licheng  and  Poirson, Patric  and  Yang, Shan  and  Berg, Alexander C.  and  Berg, Tamara L. },
  booktitle={Springer International Publishing},
  year={2016},
}

@inproceedings{2016Generation,
  title={Generation and Comprehension of Unambiguous Object Descriptions},
  author={ Mao, Junhua  and  Huang, Jonathan  and  Toshev, Alexander  and  Camburu, Oana  and  Murphy, Kevin },
  booktitle={2016 IEEE Conference on Computer Vision and Pattern Recognition (CVPR)},
  year={2016},
}

@misc{liu2024llavanext,
    title={LLaVA-NeXT: Improved reasoning, OCR, and world knowledge},
    url={https://llava-vl.github.io/blog/2024-01-30-llava-next/},
    author={Liu, Haotian and Li, Chunyuan and Li, Yuheng and Li, Bo and Zhang, Yuanhan and Shen, Sheng and Lee, Yong Jae},
    month={January},
    year={2024}
}

@misc{liu2023improvedllava,
      title={Improved Baselines with Visual Instruction Tuning}, 
      author={Liu, Haotian and Li, Chunyuan and Li, Yuheng and Lee, Yong Jae},
      publisher={arXiv:2310.03744},
      year={2023},
}

@misc{liu2023llava,
      title={Visual Instruction Tuning}, 
      author={Liu, Haotian and Li, Chunyuan and Wu, Qingyang and Lee, Yong Jae},
      publisher={NeurIPS},
      year={2023},
}

@article{yu2023mm,
  title={Mm-vet: Evaluating large multimodal models for integrated capabilities},
  author={Yu, Weihao and Yang, Zhengyuan and Li, Linjie and Wang, Jianfeng and Lin, Kevin and Liu, Zicheng and Wang, Xinchao and Wang, Lijuan},
  journal={arXiv preprint arXiv:2308.02490},
  year={2023}
}

@inproceedings{yue2023mmmu,
  title={MMMU: A Massive Multi-discipline Multimodal Understanding and Reasoning Benchmark for Expert AGI},
  author={Xiang Yue and Yuansheng Ni and Kai Zhang and Tianyu Zheng and Ruoqi Liu and Ge Zhang and Samuel Stevens and Dongfu Jiang and Weiming Ren and Yuxuan Sun and Cong Wei and Botao Yu and Ruibin Yuan and Renliang Sun and Ming Yin and Boyuan Zheng and Zhenzhu Yang and Yibo Liu and Wenhao Huang and Huan Sun and Yu Su and Wenhu Chen},
  booktitle={Proceedings of CVPR},
  year={2024},
}

@article{li2023evaluating,
  title={Evaluating object hallucination in large vision-language models},
  author={Li, Yifan and Du, Yifan and Zhou, Kun and Wang, Jinpeng and Zhao, Wayne Xin and Wen, Ji-Rong},
  journal={arXiv preprint arXiv:2305.10355},
  year={2023}
}

@article{sun2023aligning,
  title={Aligning large multimodal models with factually augmented rlhf},
  author={Sun, Zhiqing and Shen, Sheng and Cao, Shengcao and Liu, Haotian and Li, Chunyuan and Shen, Yikang and Gan, Chuang and Gui, Liang-Yan and Wang, Yu-Xiong and Yang, Yiming and others},
  journal={arXiv preprint arXiv:2309.14525},
  year={2023}
}

@article{fu2023mme,
  title={MME: A Comprehensive Evaluation Benchmark for Multimodal Large Language Models},
  author={Fu, Chaoyou and Chen, Peixian and Shen, Yunhang and Qin, Yulei and Zhang, Mengdan and Lin, Xu and Yang, Jinrui and Zheng, Xiawu and Li, Ke and Sun, Xing and others},
  journal={arXiv preprint arXiv:2306.13394},
  year={2023}
}

@article{2005METEOR,
  title={METEOR: An Automatic Metric for MT Evaluation with Improved Correlation with Human Judgments},
  author={ Satanjeev, Banerjee },
  journal={ACL-2005},
  pages={228-231},
  year={2005},
}

@article{2002BLEU,
  title={BLEU: a Method for Automatic Evaluation of Machine Translation},
  author={ Papineni, Kishore  and  Roukos, Salim  and  Ward, Todd  and  Zhu, Wei Jing },
  year={2002},
}

@article{christiano2017deep,
  title={Deep reinforcement learning from human preferences},
  author={Christiano, Paul F and Leike, Jan and Brown, Tom and Martic, Miljan and Legg, Shane and Amodei, Dario},
  journal={Advances in neural information processing systems},
  volume={30},
  year={2017}
}

@article{2020Learning,
  title={Learning to summarize from human feedback},
  author={ Stiennon, Nisan  and  Ouyang, Long  and  Wu, Jeff  and  Ziegler, Daniel M.  and  Christiano, Paul },
  year={2020},
}

@article{zhu2024self,
  title={Self-Supervised Visual Preference Alignment},
  author={Zhu, Ke and Zhao, Liang and Ge, Zheng and Zhang, Xiangyu},
  journal={arXiv preprint arXiv:2404.10501},
  year={2024}
}

@inproceedings{charniak2005coarse,
  title={Coarse-to-fine n-best parsing and maxent discriminative reranking},
  author={Charniak, Eugene and Johnson, Mark},
  booktitle={Proceedings of the 43rd Annual Meeting of the Association for Computational Linguistics (ACL’05)},
  pages={173--180},
  year={2005}
}

@article{nakano2021webgpt,
  title={Webgpt: Browser-assisted question-answering with human feedback},
  author={Nakano, Reiichiro and Hilton, Jacob and Balaji, Suchir and Wu, Jeff and Ouyang, Long and Kim, Christina and Hesse, Christopher and Jain, Shantanu and Kosaraju, Vineet and Saunders, William and others},
  journal={arXiv preprint arXiv:2112.09332},
  year={2021}
}


@inproceedings{verify_step_by_step,
  author       = {Hunter Lightman and
                  Vineet Kosaraju and
                  Yuri Burda and
                  Harrison Edwards and
                  Bowen Baker and
                  Teddy Lee and
                  Jan Leike and
                  John Schulman and
                  Ilya Sutskever and
                  Karl Cobbe},
  title        = {Let's Verify Step by Step},
  booktitle    = {{ICLR}},
  publisher    = {OpenReview.net},
  year         = {2024}
}

@inproceedings{instructgpt,
  author       = {Long Ouyang and
                  Jeffrey Wu and
                  Xu Jiang and
                  Diogo Almeida and
                  Carroll L. Wainwright and
                  Pamela Mishkin and
                  Chong Zhang and
                  Sandhini Agarwal and
                  Katarina Slama and
                  Alex Ray and
                  John Schulman and
                  Jacob Hilton and
                  Fraser Kelton and
                  Luke Miller and
                  Maddie Simens and
                  Amanda Askell and
                  Peter Welinder and
                  Paul F. Christiano and
                  Jan Leike and
                  Ryan Lowe},
  title        = {Training language models to follow instructions with human feedback},
  booktitle    = {NeurIPS},
  year         = {2022}
}

@inproceedings{dreamllm,
  author       = {Runpei Dong and
                  Chunrui Han and
                  Yuang Peng and
                  Zekun Qi and
                  Zheng Ge and
                  Jinrong Yang and
                  Liang Zhao and
                  Jianjian Sun and
                  Hongyu Zhou and
                  Haoran Wei and
                  Xiangwen Kong and
                  Xiangyu Zhang and
                  Kaisheng Ma and
                  Li Yi},
  title        = {DreamLLM: Synergistic Multimodal Comprehension and Creation},
  booktitle    = {{ICLR}},
  publisher    = {OpenReview.net},
  year         = {2024}
}

@article{text-to-audio,
  author       = {Deepanway Ghosal and
                  Navonil Majumder and
                  Ambuj Mehrish and
                  Soujanya Poria},
  title        = {Text-to-Audio Generation using Instruction-Tuned {LLM} and Latent
                  Diffusion Model},
  journal      = {CoRR},
  volume       = {abs/2304.13731},
  year         = {2023}
}

@article{video-llava,
  author       = {Bin Lin and
                  Yang Ye and
                  Bin Zhu and
                  Jiaxi Cui and
                  Munan Ning and
                  Peng Jin and
                  Li Yuan},
  title        = {Video-LLaVA: Learning United Visual Representation by Alignment Before
                  Projection},
  journal      = {CoRR},
  volume       = {abs/2311.10122},
  year         = {2023}
}

@article{evaluation_gpt4v,
  author       = {Zhengyuan Yang and
                  Linjie Li and
                  Kevin Lin and
                  Jianfeng Wang and
                  Chung{-}Ching Lin and
                  Zicheng Liu and
                  Lijuan Wang},
  title        = {The Dawn of LMMs: Preliminary Explorations with GPT-4V(ision)},
  journal      = {CoRR},
  volume       = {abs/2309.17421},
  year         = {2023}
}

@inproceedings{wen2024road,
  title={On the Road with GPT-4V (ision): Explorations of Utilizing Visual-Language Model as Autonomous Driving Agent},
  author={Wen, Licheng and Yang, Xuemeng and Fu, Daocheng and Wang, Xiaofeng and Cai, Pinlong and Li, Xin and Tao, MA and Li, Yingxuan and Linran, XU and Shang, Dengke and others},
  booktitle={ICLR 2024 Workshop on Large Language Model (LLM) Agents},
  year={2024}
}

@inproceedings{math1,
  author       = {Aojun Zhou and
                  Ke Wang and
                  Zimu Lu and
                  Weikang Shi and
                  Sichun Luo and
                  Zipeng Qin and
                  Shaoqing Lu and
                  Anya Jia and
                  Linqi Song and
                  Mingjie Zhan and
                  Hongsheng Li},
  title        = {Solving Challenging Math Word Problems Using {GPT-4} Code Interpreter
                  with Code-based Self-Verification},
  booktitle    = {{ICLR}},
  publisher    = {OpenReview.net},
  year         = {2024}
}

@inproceedings{gptmath,
  author       = {Simon Frieder and
                  Luca Pinchetti and
                  Alexis Chevalier and
                  Ryan{-}Rhys Griffiths and
                  Tommaso Salvatori and
                  Thomas Lukasiewicz and
                  Philipp Petersen and
                  Julius Berner},
  title        = {Mathematical Capabilities of ChatGPT},
  booktitle    = {NeurIPS},
  year         = {2023}
}

@article{gptmath1,
  author       = {Zhen Yang and
                  Ming Ding and
                  Qingsong Lv and
                  Zhihuan Jiang and
                  Zehai He and
                  Yuyi Guo and
                  Jinfeng Bai and
                  Jie Tang},
  title        = {{GPT} Can Solve Mathematical Problems Without a Calculator},
  journal      = {CoRR},
  volume       = {abs/2309.03241},
  year         = {2023}
}

@article{deepseekmath,
  author       = {Zhihong Shao and
                  Peiyi Wang and
                  Qihao Zhu and
                  Runxin Xu and
                  Junxiao Song and
                  Mingchuan Zhang and
                  Y. K. Li and
                  Y. Wu and
                  Daya Guo},
  title        = {DeepSeekMath: Pushing the Limits of Mathematical Reasoning in Open
                  Language Models},
  journal      = {CoRR},
  volume       = {abs/2402.03300},
  year         = {2024}
}

@article{deepseekcode,
  author       = {Daya Guo and
                  Qihao Zhu and
                  Dejian Yang and
                  Zhenda Xie and
                  Kai Dong and
                  Wentao Zhang and
                  Guanting Chen and
                  Xiao Bi and
                  Y. Wu and
                  Y. K. Li and
                  Fuli Luo and
                  Yingfei Xiong and
                  Wenfeng Liang},
  title        = {DeepSeek-Coder: When the Large Language Model Meets Programming -
                  The Rise of Code Intelligence},
  journal      = {CoRR},
  volume       = {abs/2401.14196},
  year         = {2024}
}

@article{deepseekprover,
  author       = {Huajian Xin and
                  Z. Z. Ren and
                  Junxiao Song and
                  Zhihong Shao and
                  Wanjia Zhao and
                  Haocheng Wang and
                  Bo Liu and
                  Liyue Zhang and
                  Xuan Lu and
                  Qiushi Du and
                  Wenjun Gao and
                  Qihao Zhu and
                  Dejian Yang and
                  Zhibin Gou and
                  Z. F. Wu and
                  Fuli Luo and
                  Chong Ruan},
  title        = {DeepSeek-Prover-V1.5: Harnessing Proof Assistant Feedback for Reinforcement
                  Learning and Monte-Carlo Tree Search},
  journal      = {CoRR},
  volume       = {abs/2408.08152},
  year         = {2024}
}

@article{creation,
  author       = {Yunpu Zhao and
                  Rui Zhang and
                  Wenyi Li and
                  Di Huang and
                  Jiaming Guo and
                  Shaohui Peng and
                  Yifan Hao and
                  Yuanbo Wen and
                  Xing Hu and
                  Zidong Du and
                  Qi Guo and
                  Ling Li and
                  Yunji Chen},
  title        = {Assessing and Understanding Creativity in Large Language Models},
  journal      = {CoRR},
  volume       = {abs/2401.12491},
  year         = {2024}
}

@inproceedings{generation,
  author       = {Imen Azaiz and
                  Natalie Kiesler and
                  Sven Strickroth},
  title        = {Feedback-Generation for Programming Exercises With {GPT-4}},
  booktitle    = {ITiCSE {(1)}},
  publisher    = {{ACM}},
  year         = {2024}
}

@article{temperaturesampling,
  author       = {Matthew Renze and
                  Erhan Guven},
  title        = {The Effect of Sampling Temperature on Problem Solving in Large Language
                  Models},
  journal      = {CoRR},
  volume       = {abs/2402.05201},
  year         = {2024}
}

@inproceedings{atss,
  author       = {Shifeng Zhang and
                  Cheng Chi and
                  Yongqiang Yao and
                  Zhen Lei and
                  Stan Z. Li},
  title        = {Bridging the Gap Between Anchor-Based and Anchor-Free Detection via
                  Adaptive Training Sample Selection},
  booktitle    = {{CVPR}},
  pages        = {9756--9765},
  publisher    = {Computer Vision Foundation / {IEEE}},
  year         = {2020}
}

@inproceedings{tia,
  author       = {Liang Zhao and
                  Limin Wang},
  title        = {Task-specific Inconsistency Alignment for Domain Adaptive Object Detection},
  booktitle    = {{CVPR}},
  pages        = {14197--14206},
  publisher    = {{IEEE}},
  year         = {2022}
}

@article{logn,
  author       = {Liang Zhao and
                  Yao Teng and
                  Limin Wang},
  title        = {Logit Normalization for Long-Tail Object Detection},
  journal      = {Int. J. Comput. Vis.},
  volume       = {132},
  number       = {6},
  pages        = {2114--2134},
  year         = {2024}
}

@inproceedings{smooth,
  author       = {Christopher J. C. Burges and
                  Robert Ragno and
                  Quoc Viet Le},
  title        = {Learning to Rank with Nonsmooth Cost Functions},
  booktitle    = {{NIPS}},
  pages        = {193--200},
  publisher    = {{MIT} Press},
  year         = {2006}
}

@inproceedings{pro,
  author       = {Feifan Song and
                  Bowen Yu and
                  Minghao Li and
                  Haiyang Yu and
                  Fei Huang and
                  Yongbin Li and
                  Houfeng Wang},
  title        = {Preference Ranking Optimization for Human Alignment},
  booktitle    = {{AAAI}},
  pages        = {18990--18998},
  publisher    = {{AAAI} Press},
  year         = {2024}
}

@article{ERM1,
  author       = {Fernando P{\'{e}}rez{-}Cruz and
                  {\'{A}}ngel Navia{-}V{\'{a}}zquez and
                  An{\'{\i}}bal R. Figueiras{-}Vidal and
                  Antonio Art{\'{e}}s{-}Rodr{\'{\i}}guez},
  title        = {Empirical risk minimization for support vector classifiers},
  journal      = {{IEEE} Trans. Neural Networks},
  volume       = {14},
  number       = {2},
  pages        = {296--303},
  year         = {2003}
}

@article{ERM2,
  author       = {G. K. Golubev},
  title        = {On a Method of Empirical Risk Minimization},
  journal      = {Probl. Inf. Transm.},
  volume       = {40},
  number       = {3},
  pages        = {202--211},
  year         = {2004}
}

@article{RH,
  author       = {Joar Skalse and
                  Nikolaus H. R. Howe and
                  Dmitrii Krasheninnikov and
                  David Krueger},
  title        = {Defining and Characterizing Reward Hacking},
  journal      = {CoRR},
  volume       = {abs/2209.13085},
  year         = {2022}
}

@article{visual_perception,
  title={Time course of visual perception: coarse-to-fine processing and beyond},
  author={Hegd{\'e}, Jay},
  journal={Progress in neurobiology},
  volume={84},
  number={4},
  pages={405--439},
  year={2008},
  publisher={Elsevier}
}

@inproceedings{mixup,
  author       = {Hongyi Zhang and
                  Moustapha Ciss{\'{e}} and
                  Yann N. Dauphin and
                  David Lopez{-}Paz},
  title        = {mixup: Beyond Empirical Risk Minimization},
  booktitle    = {{ICLR} (Poster)},
  publisher    = {OpenReview.net},
  year         = {2018}
}

@inproceedings{instructblip,
  author       = {Wenliang Dai and
                  Junnan Li and
                  Dongxu Li and
                  Anthony Meng Huat Tiong and
                  Junqi Zhao and
                  Weisheng Wang and
                  Boyang Li and
                  Pascale Fung and
                  Steven C. H. Hoi},
  title        = {InstructBLIP: Towards General-purpose Vision-Language Models with
                  Instruction Tuning},
  booktitle    = {NeurIPS},
  year         = {2023}
}

@online{IDEFICS,
  author = {IDEFICS.},
  title = {Introducing idefics: An open reproduction
of state-of-the-art visual language model.},
  date = {2023-05-06},
  url = {https : / / huggingface.co/blog/idefics},
  urldate = {2023-05-06},
  organization = {Tech Insights Blog}
}

@article{Qwen-vl,
  author       = {Jinze Bai and
                  Shuai Bai and
                  Shusheng Yang and
                  Shijie Wang and
                  Sinan Tan and
                  Peng Wang and
                  Junyang Lin and
                  Chang Zhou and
                  Jingren Zhou},
  title        = {Qwen-VL: {A} Frontier Large Vision-Language Model with Versatile Abilities},
  journal      = {CoRR},
  volume       = {abs/2308.12966},
  year         = {2023}
}

@inproceedings{llavav1,
  author       = {Haotian Liu and
                  Chunyuan Li and
                  Qingyang Wu and
                  Yong Jae Lee},
  title        = {Visual Instruction Tuning},
  booktitle    = {NeurIPS},
  year         = {2023}
}


@inproceedings{minigpt4,
  author       = {Deyao Zhu and
                  Jun Chen and
                  Xiaoqian Shen and
                  Xiang Li and
                  Mohamed Elhoseiny},
  title        = {MiniGPT-4: Enhancing Vision-Language Understanding with Advanced Large
                  Language Models},
  booktitle    = {{ICLR}},
  publisher    = {OpenReview.net},
  year         = {2024}
}




@inproceedings{siglip,
  author       = {Xiaohua Zhai and
                  Basil Mustafa and
                  Alexander Kolesnikov and
                  Lucas Beyer},
  title        = {Sigmoid Loss for Language Image Pre-Training},
  booktitle    = {{ICCV}},
  pages        = {11941--11952},
  publisher    = {{IEEE}},
  year         = {2023}
}

@article{quen2,
  author       = {An Yang and
                  Baosong Yang and
                  Binyuan Hui and
                  Bo Zheng and
                  Bowen Yu and
                  Chang Zhou and
                  Chengpeng Li and
                  Chengyuan Li and
                  Dayiheng Liu and
                  Fei Huang and
                  Guanting Dong and
                  Haoran Wei and
                  Huan Lin and
                  Jialong Tang and
                  Jialin Wang and
                  Jian Yang and
                  Jianhong Tu and
                  Jianwei Zhang and
                  Jianxin Ma and
                  Jianxin Yang and
                  Jin Xu and
                  Jingren Zhou and
                  Jinze Bai and
                  Jinzheng He and
                  Junyang Lin and
                  Kai Dang and
                  Keming Lu and
                  Keqin Chen and
                  Kexin Yang and
                  Mei Li and
                  Mingfeng Xue and
                  Na Ni and
                  Pei Zhang and
                  Peng Wang and
                  Ru Peng and
                  Rui Men and
                  Ruize Gao and
                  Runji Lin and
                  Shijie Wang and
                  Shuai Bai and
                  Sinan Tan and
                  Tianhang Zhu and
                  Tianhao Li and
                  Tianyu Liu and
                  Wenbin Ge and
                  Xiaodong Deng and
                  Xiaohuan Zhou and
                  Xingzhang Ren and
                  Xinyu Zhang and
                  Xipin Wei and
                  Xuancheng Ren and
                  Xuejing Liu and
                  Yang Fan and
                  Yang Yao and
                  Yichang Zhang and
                  Yu Wan and
                  Yunfei Chu and
                  Yuqiong Liu and
                  Zeyu Cui and
                  Zhenru Zhang and
                  Zhifang Guo and
                  Zhihao Fan},
  title        = {Qwen2 Technical Report},
  journal      = {CoRR},
  volume       = {abs/2407.10671},
  year         = {2024}
}

@article{vicuna,
  title={Vicuna: An open-source chatbot impressing gpt-4 with 90\%* chatgpt quality},
  author={Chiang, Wei-Lin and Li, Zhuohan and Lin, Zi and Sheng, Ying and Wu, Zhanghao and Zhang, Hao and Zheng, Lianmin and Zhuang, Siyuan and Zhuang, Yonghao and Gonzalez, Joseph E and others},
  journal={See https://vicuna. lmsys. org (accessed 14 April 2023)},
  volume={2},
  number={3},
  pages={6},
  year={2023}
}

@article{llavav1.5,
  author       = {Haotian Liu and
                  Chunyuan Li and
                  Yuheng Li and
                  Yong Jae Lee},
  title        = {Improved Baselines with Visual Instruction Tuning},
  journal      = {CoRR},
  volume       = {abs/2310.03744},
  year         = {2023}
}

@inproceedings{vit,
  author       = {Alexey Dosovitskiy and
                  Lucas Beyer and
                  Alexander Kolesnikov and
                  Dirk Weissenborn and
                  Xiaohua Zhai and
                  Thomas Unterthiner and
                  Mostafa Dehghani and
                  Matthias Minderer and
                  Georg Heigold and
                  Sylvain Gelly and
                  Jakob Uszkoreit and
                  Neil Houlsby},
  title        = {An Image is Worth 16x16 Words: Transformers for Image Recognition
                  at Scale},
  booktitle    = {{ICLR}},
  publisher    = {OpenReview.net},
  year         = {2021}
}

@inproceedings{clip,
  author       = {Alec Radford and
                  Jong Wook Kim and
                  Chris Hallacy and
                  Aditya Ramesh and
                  Gabriel Goh and
                  Sandhini Agarwal and
                  Girish Sastry and
                  Amanda Askell and
                  Pamela Mishkin and
                  Jack Clark and
                  Gretchen Krueger and
                  Ilya Sutskever},
  title        = {Learning Transferable Visual Models From Natural Language Supervision},
  booktitle    = {{ICML}},
  series       = {Proceedings of Machine Learning Research},
  volume       = {139},
  pages        = {8748--8763},
  publisher    = {{PMLR}},
  year         = {2021}
}

@inproceedings{lora,
  author       = {Edward J. Hu and
                  Yelong Shen and
                  Phillip Wallis and
                  Zeyuan Allen{-}Zhu and
                  Yuanzhi Li and
                  Shean Wang and
                  Lu Wang and
                  Weizhu Chen},
  title        = {LoRA: Low-Rank Adaptation of Large Language Models},
  booktitle    = {{ICLR}},
  publisher    = {OpenReview.net},
  year         = {2022}
}

@inproceedings{distask1,
  author       = {Shantanu Godbole and
                  Sunita Sarawagi},
  title        = {Discriminative Methods for Multi-labeled Classification},
  booktitle    = {{PAKDD}},
  series       = {Lecture Notes in Computer Science},
  volume       = {3056},
  pages        = {22--30},
  publisher    = {Springer},
  year         = {2004}
}

@inproceedings{distask2,
  author       = {Goutam Bhat and
                  Martin Danelljan and
                  Luc Van Gool and
                  Radu Timofte},
  title        = {Learning Discriminative Model Prediction for Tracking},
  booktitle    = {{ICCV}},
  pages        = {6181--6190},
  publisher    = {{IEEE}},
  year         = {2019}
}

@inproceedings{detr,
  author       = {Xizhou Zhu and
                  Weijie Su and
                  Lewei Lu and
                  Bin Li and
                  Xiaogang Wang and
                  Jifeng Dai},
  title        = {Deformable {DETR:} Deformable Transformers for End-to-End Object Detection},
  booktitle    = {{ICLR}},
  publisher    = {OpenReview.net},
  year         = {2021}
}

@article{agent1,
  author       = {Matthias W{\"{o}}lfel and
                  Mehrnoush Barani Shirzad and
                  Andreas Reich and
                  Katharina Anderer},
  title        = {Knowledge-Based and Generative-AI-Driven Pedagogical Conversational
                  Agents: {A} Comparative Study of Grice's Cooperative Principles
                  and Trust},
  journal      = {Big Data Cogn. Comput.},
  volume       = {8},
  number       = {1},
  pages        = {2},
  year         = {2024}
}

@article{agent2,
  author       = {Ha Nguyen},
  title        = {Role design considerations of conversational agents to facilitate
                  discussion and systems thinking},
  journal      = {Comput. Educ.},
  volume       = {192},
  pages        = {104661},
  year         = {2023}
}



@article{vary,
  author       = {Haoran Wei and
                  Lingyu Kong and
                  Jinyue Chen and
                  Liang Zhao and
                  Zheng Ge and
                  Jinrong Yang and
                  Jianjian Sun and
                  Chunrui Han and
                  Xiangyu Zhang},
  title        = {Vary: Scaling up the Vision Vocabulary for Large Vision-Language Models},
  journal      = {CoRR},
  volume       = {abs/2312.06109},
  year         = {2023}
}

@article{auto1,
  author       = {Wilko Schwarting and
                  Javier Alonso{-}Mora and
                  Daniela Rus},
  title        = {Planning and Decision-Making for Autonomous Vehicles},
  journal      = {Annu. Rev. Control. Robotics Auton. Syst.},
  volume       = {1},
  pages        = {187--210},
  year         = {2018}
}


@article{auto2,
  author       = {Yisong Wang and
                  Chunyan Wang and
                  Wanzhong Zhao and
                  Can Xu},
  title        = {Decision-Making and Planning Method for Autonomous Vehicles Based
                  on Motivation and Risk Assessment},
  journal      = {{IEEE} Trans. Veh. Technol.},
  volume       = {70},
  number       = {1},
  pages        = {107--120},
  year         = {2021}
}

@article{auto3,
  author       = {Joel Janai and
                  Fatma G{\"{u}}ney and
                  Aseem Behl and
                  Andreas Geiger},
  title        = {Computer Vision for Autonomous Vehicles: Problems, Datasets and State
                  of the Art},
  journal      = {Found. Trends Comput. Graph. Vis.},
  volume       = {12},
  number       = {1-3},
  pages        = {1--308},
  year         = {2020}
}


@article{mathz1,
  author       = {Karl Cobbe and
                  Vineet Kosaraju and
                  Mohammad Bavarian and
                  Mark Chen and
                  Heewoo Jun and
                  Lukasz Kaiser and
                  Matthias Plappert and
                  Jerry Tworek and
                  Jacob Hilton and
                  Reiichiro Nakano and
                  Christopher Hesse and
                  John Schulman},
  title        = {Training Verifiers to Solve Math Word Problems},
  journal      = {CoRR},
  volume       = {abs/2110.14168},
  year         = {2021}
}

@article{mathz2,
  author       = {Wenhao Shi and
                  Zhiqiang Hu and
                  Yi Bin and
                  Junhua Liu and
                  Yang Yang and
                  See{-}Kiong Ng and
                  Lidong Bing and
                  Roy Ka{-}Wei Lee},
  title        = {Math-LLaVA: Bootstrapping Mathematical Reasoning for Multimodal Large
                  Language Models},
  journal      = {CoRR},
  volume       = {abs/2406.17294},
  year         = {2024}
}

@article{inferz1,
  author       = {Han Zhao and
                  Min Zhang and
                  Wei Zhao and
                  Pengxiang Ding and
                  Siteng Huang and
                  Donglin Wang},
  title        = {Cobra: Extending Mamba to Multi-Modal Large Language Model for Efficient
                  Inference},
  journal      = {CoRR},
  volume       = {abs/2403.14520},
  year         = {2024}
}


@article{inferz2,
  author       = {Yiqi Wang and
                  Wentao Chen and
                  Xiaotian Han and
                  Xudong Lin and
                  Haiteng Zhao and
                  Yongfei Liu and
                  Bohan Zhai and
                  Jianbo Yuan and
                  Quanzeng You and
                  Hongxia Yang},
  title        = {Exploring the Reasoning Abilities of Multimodal Large Language Models
                  (MLLMs): {A} Comprehensive Survey on Emerging Trends in Multimodal
                  Reasoning},
  journal      = {CoRR},
  volume       = {abs/2401.06805},
  year         = {2024}
}


@inproceedings{dpoiter,
  author       = {Shusheng Xu and
                  Wei Fu and
                  Jiaxuan Gao and
                  Wenjie Ye and
                  Weilin Liu and
                  Zhiyu Mei and
                  Guangju Wang and
                  Chao Yu and
                  Yi Wu},
  title        = {Is {DPO} Superior to {PPO} for {LLM} Alignment? {A} Comprehensive
                  Study},
  booktitle    = {{ICML}},
  publisher    = {OpenReview.net},
  year         = {2024}
}

@inproceedings{negs1,
  author       = {Tianqi Liu and
                  Yao Zhao and
                  Rishabh Joshi and
                  Misha Khalman and
                  Mohammad Saleh and
                  Peter J. Liu and
                  Jialu Liu},
  title        = {Statistical Rejection Sampling Improves Preference Optimization},
  booktitle    = {{ICLR}},
  publisher    = {OpenReview.net},
  year         = {2024}
}

@inproceedings{negs2,
  author       = {Saeed Khaki and
                  JinJin Li and
                  Lan Ma and
                  Liu Yang and
                  Prathap Ramachandra},
  title        = {{RS-DPO:} {A} Hybrid Rejection Sampling and Direct Preference Optimization
                  Method for Alignment of Large Language Models},
  booktitle    = {{NAACL-HLT} (Findings)},
  pages        = {1665--1680},
  publisher    = {Association for Computational Linguistics},
  year         = {2024}
}



@misc{claude,
    author = {Anthropic.},
    title = {Claude 3.5 sonnet},
    year = {2024},
    howpublished = {\url{https://anthropic.com/news/claude-3-5-sonnet}},
    
}


@misc{gpt4o,
    author = {OpenAI.},
    title = {Hello gpt-4o},
    year = {2024},
    howpublished = {\url{https://openai.com/index/hello-gpt-4o}},
    
}


@misc{sharegpt111,
    title = {ShareGPT},
    year = {2023},
    howpublished = {\url{https://sharegpt.com/}},
    
}

@misc{IDEFICS111,
  author = {IDEFICS.},
  title = {Introducing idefics: An open reproduction
of state-of-the-art visual language model},
    year = {2023},
    howpublished = {\url{https://huggingface.co/blog/idefics}},
}

@inproceedings{brainthink,
  author       = {Saeed Khaki and
                  JinJin Li and
                  Lan Ma and
                  Liu Yang and
                  Prathap Ramachandra},
  title        = {{RS-DPO:} {A} Hybrid Rejection Sampling and Direct Preference Optimization
                  Method for Alignment of Large Language Models},
  booktitle    = {{NAACL-HLT} (Findings)},
  pages        = {1665--1680},
  publisher    = {Association for Computational Linguistics},
  year         = {2024}
}

@article{visualthink,
  author       = {Hikaru Shindo and
                  Viktor Pfanschilling and
                  Devendra Singh Dhami and
                  Kristian Kersting},
  title        = {{\(\alpha\)}ILP: thinking visual scenes as differentiable logic programs},
  journal      = {Mach. Learn.},
  volume       = {112},
  number       = {5},
  pages        = {1465--1497},
  year         = {2023}
}

@article{weakdetection,
  author       = {Junbum Cha and
                  Wooyoung Kang and
                  Jonghwan Mun and
                  Byungseok Roh},
  title        = {Honeybee: Locality-enhanced Projector for Multimodal {LLM}},
  journal      = {CoRR},
  volume       = {abs/2312.06742},
  year         = {2023}
}

@article{weakocclusion,
  author       = {Yixuan Wu and
                  Yizhou Wang and
                  Shixiang Tang and
                  Wenhao Wu and
                  Tong He and
                  Wanli Ouyang and
                  Jian Wu and
                  Philip Torr},
  title        = {DetToolChain: {A} New Prompting Paradigm to Unleash Detection Ability
                  of {MLLM}},
  journal      = {CoRR},
  volume       = {abs/2403.12488},
  year         = {2024}
}


@article{weaksmallobject,
  author       = {Han Wang and
                  Yanjie Wang and
                  Yongjie Ye and
                  Yuxiang Nie and
                  Can Huang},
  title        = {Elysium: Exploring Object-level Perception in Videos via {MLLM}},
  journal      = {CoRR},
  volume       = {abs/2403.16558},
  year         = {2024}
}

@article{llavaonevision,
  author       = {Bo Li and
                  Yuanhan Zhang and
                  Dong Guo and
                  Renrui Zhang and
                  Feng Li and
                  Hao Zhang and
                  Kaichen Zhang and
                  Yanwei Li and
                  Ziwei Liu and
                  Chunyuan Li},
  title        = {LLaVA-OneVision: Easy Visual Task Transfer},
  journal      = {CoRR},
  volume       = {abs/2408.03326},
  year         = {2024}
}

@article{varytoy,
  author       = {Haoran Wei and
                  Lingyu Kong and
                  Jinyue Chen and
                  Liang Zhao and
                  Zheng Ge and
                  En Yu and
                  Jianjian Sun and
                  Chunrui Han and
                  Xiangyu Zhang},
  title        = {Small Language Model Meets with Reinforced Vision Vocabulary},
  journal      = {CoRR},
  volume       = {abs/2401.12503},
  year         = {2024}
}


@inproceedings{mmvet,
  author       = {Weihao Yu and
                  Zhengyuan Yang and
                  Linjie Li and
                  Jianfeng Wang and
                  Kevin Lin and
                  Zicheng Liu and
                  Xinchao Wang and
                  Lijuan Wang},
  title        = {MM-Vet: Evaluating Large Multimodal Models for Integrated Capabilities},
  booktitle    = {{ICML}},
  publisher    = {OpenReview.net},
  year         = {2024}
}


@inproceedings{mmbench,
  author       = {Yuan Liu and
                  Haodong Duan and
                  Yuanhan Zhang and
                  Bo Li and
                  Songyang Zhang and
                  Wangbo Zhao and
                  Yike Yuan and
                  Jiaqi Wang and
                  Conghui He and
                  Ziwei Liu and
                  Kai Chen and
                  Dahua Lin},
  title        = {MMBench: Is Your Multi-modal Model an All-Around Player?},
  booktitle    = {{ECCV} {(6)}},
  series       = {Lecture Notes in Computer Science},
  volume       = {15064},
  pages        = {216--233},
  publisher    = {Springer},
  year         = {2024}
}


@inproceedings{mmmu,
  author       = {Xiang Yue and
                  Yuansheng Ni and
                  Tianyu Zheng and
                  Kai Zhang and
                  Ruoqi Liu and
                  Ge Zhang and
                  Samuel Stevens and
                  Dongfu Jiang and
                  Weiming Ren and
                  Yuxuan Sun and
                  Cong Wei and
                  Botao Yu and
                  Ruibin Yuan and
                  Renliang Sun and
                  Ming Yin and
                  Boyuan Zheng and
                  Zhenzhu Yang and
                  Yibo Liu and
                  Wenhao Huang and
                  Huan Sun and
                  Yu Su and
                  Wenhu Chen},
  title        = {{MMMU:} {A} Massive Multi-Discipline Multimodal Understanding and
                  Reasoning Benchmark for Expert {AGI}},
  booktitle    = {{CVPR}},
  pages        = {9556--9567},
  publisher    = {{IEEE}},
  year         = {2024}
}



@inproceedings{vqav2,
  author       = {Yash Goyal and
                  Tejas Khot and
                  Douglas Summers{-}Stay and
                  Dhruv Batra and
                  Devi Parikh},
  title        = {Making the {V} in {VQA} Matter: Elevating the Role of Image Understanding
                  in Visual Question Answering},
  booktitle    = {{CVPR}},
  pages        = {6325--6334},
  publisher    = {{IEEE} Computer Society},
  year         = {2017}
}


@article{got,
  title={General OCR Theory: Towards OCR-2.0 via a Unified End-to-end Model},
  author={Wei, Haoran and Liu, Chenglong and Chen, Jinyue and Wang, Jia and Kong, Lingyu and Xu, Yanming and Ge, Zheng and Zhao, Liang and Sun, Jianjian and Peng, Yuang and others},
  journal={arXiv preprint arXiv:2409.01704},
  year={2024}
}

@article{slowperception,
  title={Slow Perception: Let's Perceive Geometric Figures Step-by-step},
  author={Wei, Haoran and Yin, Youyang and Li, Yumeng and Wang, Jia and Zhao, Liang and Sun, Jianjian and Ge, Zheng and Zhang, Xiangyu},
  journal={arXiv preprint arXiv:2412.20631},
  year={2024}
}

@article{lin2017focal,
  title={Focal Loss for Dense Object Detection},
  author={Lin, T},
  journal={arXiv preprint arXiv:1708.02002},
  year={2017}
}