@article{2020Learning,
  title={Learning to summarize from human feedback},
  author={ Stiennon, Nisan  and  Ouyang, Long  and  Wu, Jeff  and  Ziegler, Daniel M.  and  Christiano, Paul },
  year={2020},
}

@article{agent1,
  author       = {Matthias W{\"{o}}lfel and
                  Mehrnoush Barani Shirzad and
                  Andreas Reich and
                  Katharina Anderer},
  title        = {Knowledge-Based and Generative-AI-Driven Pedagogical Conversational
                  Agents: {A} Comparative Study of Grice's Cooperative Principles
                  and Trust},
  journal      = {Big Data Cogn. Comput.},
  volume       = {8},
  number       = {1},
  pages        = {2},
  year         = {2024}
}

@article{agent2,
  author       = {Ha Nguyen},
  title        = {Role design considerations of conversational agents to facilitate
                  discussion and systems thinking},
  journal      = {Comput. Educ.},
  volume       = {192},
  pages        = {104661},
  year         = {2023}
}

@article{amirloo2024understanding,
  title={Understanding Alignment in Multimodal LLMs: A Comprehensive Study},
  author={Amirloo, Elmira and Fauconnier, Jean-Philippe and Roesmann, Christoph and Kerl, Christian and Boney, Rinu and Qian, Yusu and Wang, Zirui and Dehghan, Afshin and Yang, Yinfei and Gan, Zhe and others},
  journal={arXiv preprint arXiv:2407.02477},
  year={2024}
}

@article{auto1,
  author       = {Wilko Schwarting and
                  Javier Alonso{-}Mora and
                  Daniela Rus},
  title        = {Planning and Decision-Making for Autonomous Vehicles},
  journal      = {Annu. Rev. Control. Robotics Auton. Syst.},
  volume       = {1},
  pages        = {187--210},
  year         = {2018}
}

@article{auto2,
  author       = {Yisong Wang and
                  Chunyan Wang and
                  Wanzhong Zhao and
                  Can Xu},
  title        = {Decision-Making and Planning Method for Autonomous Vehicles Based
                  on Motivation and Risk Assessment},
  journal      = {{IEEE} Trans. Veh. Technol.},
  volume       = {70},
  number       = {1},
  pages        = {107--120},
  year         = {2021}
}

@article{auto3,
  author       = {Joel Janai and
                  Fatma G{\"{u}}ney and
                  Aseem Behl and
                  Andreas Geiger},
  title        = {Computer Vision for Autonomous Vehicles: Problems, Datasets and State
                  of the Art},
  journal      = {Found. Trends Comput. Graph. Vis.},
  volume       = {12},
  number       = {1-3},
  pages        = {1--308},
  year         = {2020}
}

@inproceedings{azar2024general,
  title={A general theoretical paradigm to understand learning from human preferences},
  author={Azar, Mohammad Gheshlaghi and Guo, Zhaohan Daniel and Piot, Bilal and Munos, Remi and Rowland, Mark and Valko, Michal and Calandriello, Daniele},
  booktitle={International Conference on Artificial Intelligence and Statistics},
  pages={4447--4455},
  year={2024},
  organization={PMLR}
}

@article{brown2020language,
  title={Language models are few-shot learners},
  author={Brown, Tom B},
  journal={arXiv preprint arXiv:2005.14165},
  year={2020}
}

@article{christiano2017deep,
  title={Deep reinforcement learning from human preferences},
  author={Christiano, Paul F and Leike, Jan and Brown, Tom and Martic, Miljan and Legg, Shane and Amodei, Dario},
  journal={Advances in neural information processing systems},
  volume={30},
  year={2017}
}

@inproceedings{detr,
  author       = {Xizhou Zhu and
                  Weijie Su and
                  Lewei Lu and
                  Bin Li and
                  Xiaogang Wang and
                  Jifeng Dai},
  title        = {Deformable {DETR:} Deformable Transformers for End-to-End Object Detection},
  booktitle    = {{ICLR}},
  publisher    = {OpenReview.net},
  year         = {2021}
}

@inproceedings{distask1,
  author       = {Shantanu Godbole and
                  Sunita Sarawagi},
  title        = {Discriminative Methods for Multi-labeled Classification},
  booktitle    = {{PAKDD}},
  series       = {Lecture Notes in Computer Science},
  volume       = {3056},
  pages        = {22--30},
  publisher    = {Springer},
  year         = {2004}
}

@inproceedings{distask2,
  author       = {Goutam Bhat and
                  Martin Danelljan and
                  Luc Van Gool and
                  Radu Timofte},
  title        = {Learning Discriminative Model Prediction for Tracking},
  booktitle    = {{ICCV}},
  pages        = {6181--6190},
  publisher    = {{IEEE}},
  year         = {2019}
}

@inproceedings{dreamllm,
  author       = {Runpei Dong and
                  Chunrui Han and
                  Yuang Peng and
                  Zekun Qi and
                  Zheng Ge and
                  Jinrong Yang and
                  Liang Zhao and
                  Jianjian Sun and
                  Hongyu Zhou and
                  Haoran Wei and
                  Xiangwen Kong and
                  Xiangyu Zhang and
                  Kaisheng Ma and
                  Li Yi},
  title        = {DreamLLM: Synergistic Multimodal Comprehension and Creation},
  booktitle    = {{ICLR}},
  publisher    = {OpenReview.net},
  year         = {2024}
}

@article{ethayarajh2024kto,
  title={Kto: Model alignment as prospect theoretic optimization},
  author={Ethayarajh, Kawin and Xu, Winnie and Muennighoff, Niklas and Jurafsky, Dan and Kiela, Douwe},
  journal={arXiv preprint arXiv:2402.01306},
  year={2024}
}

@article{hong2403orpo,
  title={Orpo: Monolithic preference optimization without reference model, 2024},
  author={Hong, Jiwoo and Lee, Noah and Thorne, James},
  journal={URL https://arxiv. org/abs/2403.07691},
  volume={2403}
}

@article{inferz1,
  author       = {Han Zhao and
                  Min Zhang and
                  Wei Zhao and
                  Pengxiang Ding and
                  Siteng Huang and
                  Donglin Wang},
  title        = {Cobra: Extending Mamba to Multi-Modal Large Language Model for Efficient
                  Inference},
  journal      = {CoRR},
  volume       = {abs/2403.14520},
  year         = {2024}
}

@article{inferz2,
  author       = {Yiqi Wang and
                  Wentao Chen and
                  Xiaotian Han and
                  Xudong Lin and
                  Haiteng Zhao and
                  Yongfei Liu and
                  Bohan Zhai and
                  Jianbo Yuan and
                  Quanzeng You and
                  Hongxia Yang},
  title        = {Exploring the Reasoning Abilities of Multimodal Large Language Models
                  (MLLMs): {A} Comprehensive Survey on Emerging Trends in Multimodal
                  Reasoning},
  journal      = {CoRR},
  volume       = {abs/2401.06805},
  year         = {2024}
}

@inproceedings{instructgpt,
  author       = {Long Ouyang and
                  Jeffrey Wu and
                  Xu Jiang and
                  Diogo Almeida and
                  Carroll L. Wainwright and
                  Pamela Mishkin and
                  Chong Zhang and
                  Sandhini Agarwal and
                  Katarina Slama and
                  Alex Ray and
                  John Schulman and
                  Jacob Hilton and
                  Fraser Kelton and
                  Luke Miller and
                  Maddie Simens and
                  Amanda Askell and
                  Peter Welinder and
                  Paul F. Christiano and
                  Jan Leike and
                  Ryan Lowe},
  title        = {Training language models to follow instructions with human feedback},
  booktitle    = {NeurIPS},
  year         = {2022}
}

@article{kim2024sdpo,
  title={sDPO: Don't Use Your Data All at Once},
  author={Kim, Dahyun and Kim, Yungi and Song, Wonho and Kim, Hyeonwoo and Kim, Yunsu and Kim, Sanghoon and Park, Chanjun},
  journal={arXiv preprint arXiv:2403.19270},
  year={2024}
}

@article{liu2024visual,
  title={Visual instruction tuning},
  author={Liu, Haotian and Li, Chunyuan and Wu, Qingyang and Lee, Yong Jae},
  journal={Advances in neural information processing systems},
  volume={36},
  year={2024}
}

@article{mathz1,
  author       = {Karl Cobbe and
                  Vineet Kosaraju and
                  Mohammad Bavarian and
                  Mark Chen and
                  Heewoo Jun and
                  Lukasz Kaiser and
                  Matthias Plappert and
                  Jerry Tworek and
                  Jacob Hilton and
                  Reiichiro Nakano and
                  Christopher Hesse and
                  John Schulman},
  title        = {Training Verifiers to Solve Math Word Problems},
  journal      = {CoRR},
  volume       = {abs/2110.14168},
  year         = {2021}
}

@article{mathz2,
  author       = {Wenhao Shi and
                  Zhiqiang Hu and
                  Yi Bin and
                  Junhua Liu and
                  Yang Yang and
                  See{-}Kiong Ng and
                  Lidong Bing and
                  Roy Ka{-}Wei Lee},
  title        = {Math-LLaVA: Bootstrapping Mathematical Reasoning for Multimodal Large
                  Language Models},
  journal      = {CoRR},
  volume       = {abs/2406.17294},
  year         = {2024}
}

@article{meng2024simpo,
  title={Simpo: Simple preference optimization with a reference-free reward},
  author={Meng, Yu and Xia, Mengzhou and Chen, Danqi},
  journal={arXiv preprint arXiv:2405.14734},
  year={2024}
}

@article{pal2024smaug,
  title={Smaug: Fixing failure modes of preference optimisation with dpo-positive},
  author={Pal, Arka and Karkhanis, Deep and Dooley, Samuel and Roberts, Manley and Naidu, Siddartha and White, Colin},
  journal={arXiv preprint arXiv:2402.13228},
  year={2024}
}

@article{radford2018improving,
  title={Improving language understanding by generative pre-training},
  author={Radford, Alec},
  year={2018}
}

@article{radford2019language,
  title={Language models are unsupervised multitask learners},
  author={Radford, Alec and Wu, Jeffrey and Child, Rewon and Luan, David and Amodei, Dario and Sutskever, Ilya and others},
  journal={OpenAI blog},
  volume={1},
  number={8},
  pages={9},
  year={2019}
}

@article{rafailov2024direct,
  title={Direct preference optimization: Your language model is secretly a reward model},
  author={Rafailov, Rafael and Sharma, Archit and Mitchell, Eric and Manning, Christopher D and Ermon, Stefano and Finn, Chelsea},
  journal={Advances in Neural Information Processing Systems},
  volume={36},
  year={2024}
}

@article{schulman2017proximal,
  title={Proximal policy optimization algorithms},
  author={Schulman, John and Wolski, Filip and Dhariwal, Prafulla and Radford, Alec and Klimov, Oleg},
  journal={arXiv preprint arXiv:1707.06347},
  year={2017}
}

@article{sun2023aligning,
  title={Aligning large multimodal models with factually augmented rlhf},
  author={Sun, Zhiqing and Shen, Sheng and Cao, Shengcao and Liu, Haotian and Li, Chunyuan and Shen, Yikang and Gan, Chuang and Gui, Liang-Yan and Wang, Yu-Xiong and Yang, Yiming and others},
  journal={arXiv preprint arXiv:2309.14525},
  year={2023}
}

@article{text-to-audio,
  author       = {Deepanway Ghosal and
                  Navonil Majumder and
                  Ambuj Mehrish and
                  Soujanya Poria},
  title        = {Text-to-Audio Generation using Instruction-Tuned {LLM} and Latent
                  Diffusion Model},
  journal      = {CoRR},
  volume       = {abs/2304.13731},
  year         = {2023}
}

@article{video-llava,
  author       = {Bin Lin and
                  Yang Ye and
                  Bin Zhu and
                  Jiaxi Cui and
                  Munan Ning and
                  Peng Jin and
                  Li Yuan},
  title        = {Video-LLaVA: Learning United Visual Representation by Alignment Before
                  Projection},
  journal      = {CoRR},
  volume       = {abs/2311.10122},
  year         = {2023}
}

@article{wang2024mdpo,
  title={mDPO: Conditional Preference Optimization for Multimodal Large Language Models},
  author={Wang, Fei and Zhou, Wenxuan and Huang, James Y and Xu, Nan and Zhang, Sheng and Poon, Hoifung and Chen, Muhao},
  journal={arXiv preprint arXiv:2406.11839},
  year={2024}
}

@article{xu2024survey,
  title={A Survey on Multilingual Large Language Models: Corpora, Alignment, and Bias},
  author={Xu, Yuemei and Hu, Ling and Zhao, Jiayi and Qiu, Zihan and Ye, Yuqi and Gu, Hanwen},
  journal={arXiv preprint arXiv:2404.00929},
  year={2024}
}

@article{yu2023merlin,
  title={Merlin: Empowering multimodal llms with foresight minds},
  author={Yu, En and Zhao, Liang and Wei, Yana and Yang, Jinrong and Wu, Dongming and Kong, Lingyu and Wei, Haoran and Wang, Tiancai and Ge, Zheng and Zhang, Xiangyu and others},
  journal={arXiv preprint arXiv:2312.00589},
  year={2023}
}

@inproceedings{yu2024rlhf,
  title={Rlhf-v: Towards trustworthy mllms via behavior alignment from fine-grained correctional human feedback},
  author={Yu, Tianyu and Yao, Yuan and Zhang, Haoye and He, Taiwen and Han, Yifeng and Cui, Ganqu and Hu, Jinyi and Liu, Zhiyuan and Zheng, Hai-Tao and Sun, Maosong and others},
  booktitle={Proceedings of the IEEE/CVF Conference on Computer Vision and Pattern Recognition},
  pages={13807--13816},
  year={2024}
}

@article{zhao2023beyond,
  title={Beyond hallucinations: Enhancing lvlms through hallucination-aware direct preference optimization},
  author={Zhao, Zhiyuan and Wang, Bin and Ouyang, Linke and Dong, Xiaoyi and Wang, Jiaqi and He, Conghui},
  journal={arXiv preprint arXiv:2311.16839},
  year={2023}
}

@article{zhu2024self,
  title={Self-Supervised Visual Preference Alignment},
  author={Zhu, Ke and Zhao, Liang and Ge, Zheng and Zhang, Xiangyu},
  journal={arXiv preprint arXiv:2404.10501},
  year={2024}
}

