@String{ACMPress   = "{ACM} Press" }
 @String{AddisonWesley  = "Addison-Wesley" }
 @String{CambridgePress = "Cambridge University Press" }
 @String{McGrawHill = "McGraw-Hill" }
 @String{MITress  = "{MIT} Press" }
 @String{OxfordPress= "Oxford University Press" }  %address Oxford or Lfondon?
 @String{Springer   = "Springer Berlin Heidelberg" }
 @String{IFAAMAS    = "IFAAMAS" }
 @String{pubAAAI    = "IJCAI/AAAI" }
 @String{Elsevier   = "Elsevier" }

% Journals % ------------------------------------------------- |
% First the Full Name is given, then the abbreviation used in the AMS Math
% Reviews, with an indication if it could not be found there.
% Note the 2nd overwrites the 1st, so swap them if you want the full name.

 %IEEE
 @String{IEEETransSG = "{IEEE} {T}ransactions on {S}mart {G}rid" }
 @String{IEEETransIT = "{IEEE} {T}ransactions on {I}nformation {T}heory" }
 @String{IEEETransPAMI  = "{IEEE} Transactions on {P}attern {A}nalysis and {M}achine {I}ntelligence" }

 % Artificial Intelligence % ------------------------------------------------ |
 @String{AIJ = "{A}rtificial {I}ntelligence" }
 @String{AImagazine = "{AI} {M}agazine" }
 @String{Constraints = "{C}onstraints" }
 @String{ComputerJ = "{C}omputer {J}ournal" }
 @String{ComputerCom = "{C}omputer {C}ommunications" }
 @String{JAIR = "{J}ournal of {A}rtificial {I}ntelligence {R}esearch" }
 @String{ESA = "{E}xpert {S}ystems with {A}pplications" }
 @String{TOPLAS = "{ACM} {T}ransactions on {P}rogramming {L}anguages and {S}ystems" }
 @String{TIST = "{ACM} {T}ransactions on {I}ntelligent {S}ystems and {T}echnology" }
 @String{JAAMAS = "{J}ournal of {A}utonomous {A}gents and {M}ulti-{A}gent {S}ystems" }
 @String{TPLP = "{T}heory and {P}ractice of {L}ogic {P}rogramming" }

% Conference Proceedings % -------------------------------------------------- |
 @String{AAAI  = "Proceedings of AAAI Conference on Artificial Intelligence (AAAI)" }
 @String{AAMAS = "Proceedings of International Conference on Agents and Multiagent Systems (AAMAS)" }
 @String{ADT   = "Proceedings of the International Conference on Algorithmic Decision Theory (ADT)" }
 @String{CP    = "Proceedings of the International Conference on Principles and Practice of Constraint Programming (CP)" }
 @String{ECAI  = "Proceedings of the European Conference on Artificial Intelligence (ECAI)" }
 @String{ECML  = "Proceedings of the European Conference on Machine Learning (ECML)" }
 @String{HCI   = "Proceedings of the International Conference on Human Computer Interaction (HCI)" }
 @String{IAT   = "Proceedings of the International Conference on Intelligent Agent Technology (IAT)" }
 @String{ICLP  = "Proceedings of the International Conference on Logic Programming (ICLP)" }
 @String{ICMAS = "Proceedings of the International Conference on Multi-Agent Systems (ICMAS)" }
 @String{ICAART= "Proceedings of the International Conference on Agents and Artificial Intelligence (ICAART)" }
 @String{IJCAI = "Proceedings of the International Joint Conference on Artificial Intelligence (IJCAI)" }
 @String{NIPS  = "Advances in Neural Information Processing Systems (NeurIPS)" }
 @String{PRIMA = "Proceedings of the Principles and Practice of Multi-Agent Systems (PRIMA)" }
 @String{PAAMS = "Proceedings of the Advances in Practical Applications of Heterogeneous Multi-Agent Systems (PAAMS)" }
 @String{PADL = "Proceedings of the Practical Aspects of Declarative Languages (PADL)"}
 @String{ICAPS = "Proceedings of the International Conference on Automated Planning and Scheduling (ICAPS)"}
 @String{SoCS = "Proceedings of the Symposium on Combinatorial Search (SoCS)"} 
 @String{UAI = "Proceedings of the Conference on Uncertainty in Artificial Intelligence (UAI)"}  
 @String{KR = "Proceedings of the International Conference on Knowledge Representation and Reasoning (KR)"} @String{IJCAR = "Proceedings of the International Joint Conference on Automated Reasoning"}  
 @String{COMMA = "Proceedings of the International Conference on Computational Models of Argument (COMMA)"}  
 

% IEEE
 @String{ICTAI   = "Proceedings of ICTAI"}
 @String{WIIAT   = "Proceedings of the International Joint Conferences on Web Intelligence and Intelligent Agent Technologies (WIIAT)"}
 @String{WCNC    = "Proceedings of the Wireless Communications and Networking Conference (WCNC)" }
 @String{ICRA    = "Proceedings of ICRA"}
 @String{AINTEC  = "In Proceedings of the Second Asian Internet Engineering Conference (AINTEC)"}

% Workshops with Proceedings % ---------------------------------------------- |
 @String{DCR       = "Proceedings of the International Workshop on Distributed Constraint Reasoning" }
 @String{OPTMASDCR = "Proceedings of the International Joint Workshop on Optimization In Multi-Agent Systems and Distributed Constraint Reasoning" }
 @String{OPTMAS    = "Proceedings of the International Workshop on Optimization In Multi-Agent Systems" }
 @String{MIWAI     = "Proceedings of the International Workshop on Multi-disciplinary Trends in Artificial Intelligence" }
 @String{SASOW     = "Proceedings of the International Conference on Self-Adaptive and Self-Organizing Systems Workshop" },
@STRING{PDP = {Proceedings of the Euromicro International Conference on Parallel, Distributed and network-based Processing}}



% Organization proceedings % ------------------------------------------------ |
 @String{IEEE  = "{IEEE}" }
% Encoding: ISO-8859-1


@article{ailon2012active,
  title={An Active Learning Algorithm for Ranking from Pairwise Preferences with an Almost Optimal Query Complexity},
  author={Ailon, Nir},
  journal={Journal of Machine Learning Research},
  volume={13},
  number={1},
pages = {137--164},
  year={2012}
}

@book{bacchus1991representing,
  title={Representing and Reasoning with Probabilistic Knowledge: A Logical Approach to Probabilities},
  author={Bacchus, Fahiem},
  year={1991},
  publisher={MIT press}
}


@article{besnard2014constructing,
  title={Constructing Argument Graphs with Deductive Arguments: A Tutorial},
  author={Besnard, Philippe and Hunter, Anthony},
  journal={Argument \& Computation},
  volume={5},
  number={1},
  pages={5--30},
  year={2014}
}

@inproceedings{biyik2022aprel,
  title={Aprel: A Library for Active Preference-based Reward Learning Algorithms},
  author={B{\i}y{\i}k, Erdem and Talati, Aditi and Sadigh, Dorsa},
  booktitle={Proceedings of the International Conference on Human-Robot Interaction (HRI)},
  pages={613--617},
  year={2022}
}

@inproceedings{black2014automated,
  title={Automated Planning of Simple Persuasion Dialogues},
  author={Black, Elizabeth and Coles, Amanda and Bernardini, Sara},
  booktitle={Proceedings of the International Workshop on Computational Logic in Multi-Agent Systems (CLIMA)},
  pages={87--104},
  year={2014},
}


@article{black2021argumentation,
  title={Argumentation-based Dialogue},
  author={Black, Elizabeth and Maudet, Nicolas and Parsons, Simon},
  journal={Handbook of Formal Argumentation},
  volume={2},
  year={2021},
}

@article{budan2020proximity,
  title={Proximity Semantics for Topic-based Abstract Argumentation},
  author={Bud{\'a}n, Maximiliano CD and Cobo, Maria Laura and Martinez, Diego C and Simari, Guillermo R},
  journal={Information Sciences},
  volume={508},
  pages={135--153},
  year={2020}
}

@book{camerer2011behavioral,
  title={Behavioral Game Theory: Experiments in Strategic Interaction},
  author={Camerer, Colin F},
  year={2011},
  publisher={Princeton University Press}
}


@inproceedings{collins2019towards,
  title={Towards an Argumentation-based Approach to Explainable Planning},
  author={Collins, Anna and Magazzeni, Daniele and Parsons, Simon},
  booktitle={Proceedings of the International Workshop on Explainable Planning (XAIP)},
  pages={16},
  year={2019}
}

@article{gordon1994,
  title={An Inquiry Dialogue System},
  author={Gordon, Thomas F.},
  journal={Artificial Intelligence and Law},
  volume={2},
  pages={239--292},
  year={1994}
}

@inproceedings{vcyras2021argumentative,
  title={Argumentative XAI: A Survey},
  author={{\v{C}}yras, Kristijonas and Rago, Antonio and Albini, Emanuele and Baroni, Pietro and Toni, Francesca and others},
  booktitle={Proceedings of the International Joint Conference on Artificial Intelligence (IJCAI)},
pages={4392--4399},
  year={2021}
}


@article{dennis2022explaining,
  title={Explaining BDI Agent Behaviour through Dialogue},
  author={Dennis, Louise A and Oren, Nir},
  journal={Autonomous Agents and Multi-Agent Systems},
  volume={36},
  number={2},
  pages={29},
  year={2022},
}

@inproceedings{fan2018on,
  author       = {Xiuyi Fan},
  title        = {On Generating Explainable Plans with Assumption-Based Argumentation},
  booktitle    = {Proceedings of the Principles and Practice of Multi-Agent Systems (PRIMA)},
pages={344--361},
  year         = {2018},
}

@inproceedings{fan2012agent,
  title={Agent Strategies for ABA-based Information-seeking and Inquiry Dialogues},
  author={Fan, Xiuyi and Toni, Francesca},
  booktitle={Proceedings of the European Conference on Artificial Intelligence (ECAI)},
pages={324--329},
  year={2012}
}

@inproceedings{fan2015computing,
  author    = {Xiuyi Fan and
               Francesca Toni},
  title     = {On Computing Explanations in Argumentation},
  booktitle = AAAI,
  pages={344--361},
  year      = {2015},
}

@book{furnkranz2010preference,
  title={Preference Learning},
  author={F{\"u}rnkranz, Johannes and H{\"u}llermeier, Eyke},
  year={2010},
  publisher={Springer Science \& Business Media}
}

@article{black2009inquiry,
  title={An Inquiry Dialogue System},
  author={Black, Elizabeth and Hunter, Anthony},
  journal={Autonomous Agents and Multi-Agent Systems},
  volume={19},
  pages={173--209},
  year={2009}
}

@article{gunning2019darpa,
  title={DARPAâ€™s Explainable Artificial Intelligence (XAI) Program},
  author={Gunning, David and Aha, David},
  journal={AI Magazine},
  volume={40},
  number={2},
  pages={44--58},
  year={2019}
}

@inproceedings{hadjinikolis2013opponent,
  title={Opponent Modelling in Persuasion Dialogues},
  author={Hadjinikolis, Christos and Siantos, Yiannis and Modgil, Sanjay and Black, Elizabeth and McBurney, Peter},
  booktitle=IJCAI,
pages={164--170},
  year={2013}
}

@inproceedings{hadoux2015optimization,
  title={Optimization of Probabilistic Argumentation with Markov Decision Models},
  author={Hadoux, Emmanuel and Beynier, Aur{\'e}lie and Maudet, Nicolas and Weng, Paul and Hunter, Anthony},
  booktitle=IJCAI,
pages={2004--2010},
  year={2015}
}

@article{HAMRICK20198,
title = {Analogues of Mental Simulation and Imagination in Deep Learning},
journal = {Current Opinion in Behavioral Sciences},
volume = {29},
pages = {8--16},
year = {2019},
author = {Jessica B Hamrick},
}


@article{hitchcock2017some,
  title={Some Principles of Rational Mutual Inquiry},
  author={Hitchcock, David and Hitchcock, David},
  journal={On Reasoning and Argument: Essays in Informal Logic and on Critical Thinking},
  pages={313--321},
  year={2017}
}

@article{hunter2013probabilistic,
  title={A Probabilistic Approach to Modelling Uncertain Logical Arguments},
  author={Hunter, Anthony},
  journal={International Journal of Approximate Reasoning},
  volume={54},
  number={1},
  pages={47--81},
  year={2013}
}

@inproceedings{hunter2015modelling,
  title={Modelling the Persuadee in Asymmetric Argumentation Dialogues for Persuasion},
  author={Hunter, Anthony},
  booktitle=IJCAI,
pages={3055--3061},
  year={2015}
}

@inproceedings{hunter2016persuasion,
  title={Persuasion Dialogues via Restricted Interfaces using Probabilistic Argumentation},
  author={Hunter, Anthony},
  booktitle={Proceedings of the Scalable Uncertainty Management (SUM)},
pages={184--198},
  year={2016}
}

@article{kahneman1979prospect,
  title={Prospect Theory: An Analysis of Decision Under Risk},
  author={Kahneman, Daniel and Tversi, Amos},
  journal={Econometrica},
  volume={47},
  number={2},
  pages={263--292},
  year={1979}
}

@article{lake2017building,
  title={Building Machines that Learn and Think Like People},
  author={Lake, Brenden M and Ullman, Tomer D and Tenenbaum, Joshua B and Gershman, Samuel J},
  journal={Behavioral and Brain Sciences},
  volume={40},
  pages={e253},
  year={2017},
}

@article{palan2018prolific,
  title={Prolific.ac -- A Subject Pool for Online Experiments},
  author={Palan, Stefan and Schitter, Christian},
  journal={Journal of Behavioral and Experimental Finance},
  volume={17},
  pages={22--27},
  year={2018}
}

@article{parsons2003properties,
  title={Properties and Complexity of Some Formal Inter-Agent Dialogues},
  author={Parsons, Simon and Wooldridge, Michael and Amgoud, Leila},
  journal={Journal of Logic and Computation},
  volume={13},
  number={3},
  pages={347--376},
  year={2003}
}

@article{prakken2006formal,
  title={Formal Systems for Persuasion Dialogue},
  author={Prakken, Henry},
  journal={The Knowledge Engineering Review},
  volume={21},
  number={2},
  pages={163--188},
  year={2006}
}

@inproceedings{Rago_23,
  author       = {Antonio Rago and
                  Hengzhi Li and
                  Francesca Toni},
  title        = {Interactive Explanations by Conflict Resolution via Argumentative
                  Exchanges},
  booktitle    = KR,
pages={582--592},
  year         = {2023},
}

@inproceedings{rienstra2013opponent,
  title={Opponent Models with Uncertainty for Strategic Argumentation},
  author={Rienstra, Tjitze and Thimm, Matthias and Oren, Nir},
  booktitle=IJCAI,
pages={332--338},
  year={2013}
}

@book{russell2019humancompatible,
  title={Human Compatible: Artificial Intelligence and the Problem of Control},
  author={Stuart Russell},
  year={2019},
  publisher={Pearson},
}

@inproceedings{shams2016normative,
  title={Normative Practical Reasoning via Argumentation and Dialogue},
  author={Shams, Zohreh and De Vos, Marina and Oren, Nir and Padget, Julian},
  booktitle=IJCAI,
pages={1244--1250},
  year={2016},
}

@article{spearmancorr,
 author = {C. Spearman},
 journal = {The American Journal of Psychology},
 number = {1},
 pages = {72--101},
 title = {The Proof and Measurement of Association between Two Things},
 volume = {15},
 year = {1904}
}

@inproceedings{sreedharan2018handling,
  title={Handling Model Uncertainty and Multiplicity in Explanations via Model Reconciliation},
  author={Sarath Sreedharan and
               Tathagata Chakraborti and
               Subbarao Kambhampati},
  booktitle=ICAPS,
pages={518--526},
  year={2018}
}

@inproceedings{vas21,
  title={On Exploiting Hitting Sets for Model Reconciliation},
  author={Vasileiou, Stylianos Loukas and Previti, Alessandro and Yeoh, William},
  booktitle=AAAI,
  pages = {6514--6521},
  year={2021}
}  
@article{vasileioulogic,
  title={A Logic-based Explanation Generation Framework for Classical and Hybrid Planning Problems},
  author={Vasileiou, Stylianos Loukas and Yeoh, William and Son, Tran Cao and Kumar, Ashwin and Cashmore, Michael and Magazzeni, Daniele},
  journal={Journal of Artificial Intelligence Research},
  volume={73},
  pages={1473-1534},
  year={2022}
}


@inproceedings{ijcai2019,
  title     = {Model-Free Model Reconciliation},
  author    = {Sreedharan, Sarath and Hernandez, Alberto Olmo and Mishra, Aditya Prasad and Kambhampati, Subbarao},
  booktitle = {IJCAI},
  pages     = {587--594},
  year      = {2019},

}

@article{sreedharan2021foundations,
  title={Foundations of Explanations as Model Reconciliation},
  author={Sreedharan, Sarath and Chakraborti, Tathagata and Kambhampati, Subbarao},
  journal={Artificial Intelligence},
  volume={301},
  pages={103558},
  year={2021},
}


@inproceedings{ijcai2018-671,
  title     = {Hierarchical Expertise Level Modeling for User Specific Contrastive Explanations},
  author    = {Sarath Sreedharan and Siddharth Srivastava and Subbarao Kambhampati},
  booktitle = IJCAI,
pages={4829--4836},
  year      = {2018},
}

@article{tversky1992advances,
  title={Advances in Prospect Theory: Cumulative Representation of Uncertainty},
  author={Tversky, Amos and Kahneman, Daniel},
  journal={Journal of Risk and Uncertainty},
  volume={5},
  number={4},
  pages={297--323},
  year={1992}
}

@inproceedings{vasileiouplease,
  title={PLEASE: Generating Personalized Explanations in Human-Aware Planning},
  author={Vasileiou, Stylianos Loukas and Yeoh, William},
  booktitle={Proceedings of the European Conference on Artificial Intelligence (ECAI)},
pages={2411--2418},
  year={2023} 
}

@inproceedings{vasileioua2023lasp,
  title={A Logic-based Framework for Explainable Agent Scheduling Problems},
  author={Vasileiou, Stylianos Loukas and Xu, Borong and Yeoh, William},
  booktitle={Proceedings of the European Conference on Artificial Intelligence (ECAI)},
    pages={2402-2410},
  year={2023}  
}

@inproceedings{pozanco2022explaining,
  title={Explaining Preference-driven Schedules: The EXPRES Framework},
  author={Pozanco, Alberto and Mosca, Francesca and Zehtabi, Parisa and Magazzeni, Daniele and Kraus, Sarit},
  booktitle={Proceedings of the International Conference on Automated Planning and Scheduling (ICAPS)},
  pages={710--718},
year = {2022}
}

@inproceedings{vcyras2019argumentation,
  title={Argumentation for Explainable Scheduling},
  author={{\v{C}}yras, Kristijonas and Letsios, Dimitrios and Misener, Ruth and Toni, Francesca},
  booktitle=AAAI,
  pages={2752--2759},
  year={2019}
}

@article{fox2017explainable,
  title={Explainable Planning},
  author={Fox, Maria and Long, Derek and Magazzeni, Daniele},
  journal={arXiv preprint arXiv:1709.10256},
  year={2017}
}

@article{agrawal2020using,
  title={Using Explainable Scheduling for the Mars 2020 Rover Mission},
  author={Agrawal, Jagriti and Yelamanchili, Amruta and Chien, Steve},
  journal={arXiv preprint arXiv:2011.08733},
  year={2020}
}

@article{vasileiou2023dr,
  title={DR-HAI: Argumentation-based Dialectical Reconciliation in Human-AI Interactions},
  author={Vasileiou, Stylianos Loukas and Kumar, Ashwin and Yeoh, William and Son, Tran Cao and Toni, Francesca},
  journal={arXiv preprint arXiv:2306.14694},
  year={2023}
}

@inproceedings{vasileiou_DR,
    title     = {Dialectical Reconciliation via Structured Argumentative Dialogues},
    author    = {Vasileiou, Stylianos Loukas and Kumar, Ashwin and Yeoh, William and Son, Tran Cao and Toni, Francesca},
    booktitle = {Proceedings of the International Conference on Principles of Knowledge Representation and Reasoning (KR)},
    pages     = {777--787},
    year      = {2024}
  }

@inproceedings{sreedharan2020emerging,
  title={The Emerging Landscape of Explainable Automated Planning \& Decision Making},
  author={Sreedharan, Sarath and Chakraborti, Tathagata and Kambhampati, Subbarao},
  booktitle=IJCAI,
  pages={4803--4811},
  year={2020}
}


@inproceedings{chakraborti2017plan,
  title={Plan Explanations as Model Reconciliation: Moving Beyond Explanation as Soliloquy},
  author={Chakraborti, Tathagata and Sreedharan, Sarath and Zhang, Yu and Kambhampati, Subbarao},
  booktitle=IJCAI,
  pages={156--163},
  year={2017}
}

@book{walton1995commitment,
  title={Commitment in Dialogue: Basic Concepts of Interpersonal Reasoning},
  author={Walton, Douglas and Krabbe, Erik CW},
  year={1995},
  publisher={SUNY Press}
}


@inproceedings{wilson2012bayesian,
  title={A Bayesian Approach for Policy Learning from Trajectory Preference Queries},
  author={Wilson, Aaron and Fern, Alan and Tadepalli, Prasad},
  booktitle = NIPS,
pages = {1133--1141},
  year={2012}
}


@article{wirth2017survey,
  title={A survey of Preference-based Reinforcement Learning Methods},
  author={Wirth, Christian and Akrour, Riad and Neumann, Gerhard and F{\"u}rnkranz, Johannes},
  journal={Journal of Machine Learning Research},
  volume={18},
  number={136},
  pages={1--46},
  year={2017}
}

@article{yoshida2008game,
  title={Game Theory of Mind},
  author={Yoshida, Wako and Dolan, Ray J and Friston, Karl J},
  journal={PLoS Computational Biology},
  volume={4},
  number={12},
pages = {e1000254},
  year={2008}
}

