@article{HAMRICK20198,
title = {Analogues of Mental Simulation and Imagination in Deep Learning},
journal = {Current Opinion in Behavioral Sciences},
volume = {29},
pages = {8--16},
year = {2019},
author = {Jessica B Hamrick},
}

@inproceedings{Rago_23,
  author       = {Antonio Rago and
                  Hengzhi Li and
                  Francesca Toni},
  title        = {Interactive Explanations by Conflict Resolution via Argumentative
                  Exchanges},
  booktitle    = KR,
pages={582--592},
  year         = {2023},
}

@inproceedings{biyik2022aprel,
  title={Aprel: A Library for Active Preference-based Reward Learning Algorithms},
  author={B{\i}y{\i}k, Erdem and Talati, Aditi and Sadigh, Dorsa},
  booktitle={Proceedings of the International Conference on Human-Robot Interaction (HRI)},
  pages={613--617},
  year={2022}
}

@article{black2009inquiry,
  title={An Inquiry Dialogue System},
  author={Black, Elizabeth and Hunter, Anthony},
  journal={Autonomous Agents and Multi-Agent Systems},
  volume={19},
  pages={173--209},
  year={2009}
}

@inproceedings{black2014automated,
  title={Automated Planning of Simple Persuasion Dialogues},
  author={Black, Elizabeth and Coles, Amanda and Bernardini, Sara},
  booktitle={Proceedings of the International Workshop on Computational Logic in Multi-Agent Systems (CLIMA)},
  pages={87--104},
  year={2014},
}

@article{black2021argumentation,
  title={Argumentation-based Dialogue},
  author={Black, Elizabeth and Maudet, Nicolas and Parsons, Simon},
  journal={Handbook of Formal Argumentation},
  volume={2},
  year={2021},
}

@article{budan2020proximity,
  title={Proximity Semantics for Topic-based Abstract Argumentation},
  author={Bud{\'a}n, Maximiliano CD and Cobo, Maria Laura and Martinez, Diego C and Simari, Guillermo R},
  journal={Information Sciences},
  volume={508},
  pages={135--153},
  year={2020}
}

@book{camerer2011behavioral,
  title={Behavioral Game Theory: Experiments in Strategic Interaction},
  author={Camerer, Colin F},
  year={2011},
  publisher={Princeton University Press}
}

@inproceedings{collins2019towards,
  title={Towards an Argumentation-based Approach to Explainable Planning},
  author={Collins, Anna and Magazzeni, Daniele and Parsons, Simon},
  booktitle={Proceedings of the International Workshop on Explainable Planning (XAIP)},
  pages={16},
  year={2019}
}

@article{dennis2022explaining,
  title={Explaining BDI Agent Behaviour through Dialogue},
  author={Dennis, Louise A and Oren, Nir},
  journal={Autonomous Agents and Multi-Agent Systems},
  volume={36},
  number={2},
  pages={29},
  year={2022},
}

@inproceedings{fan2012agent,
  title={Agent Strategies for ABA-based Information-seeking and Inquiry Dialogues},
  author={Fan, Xiuyi and Toni, Francesca},
  booktitle={Proceedings of the European Conference on Artificial Intelligence (ECAI)},
pages={324--329},
  year={2012}
}

@inproceedings{fan2015computing,
  author    = {Xiuyi Fan and
               Francesca Toni},
  title     = {On Computing Explanations in Argumentation},
  booktitle = AAAI,
  pages={344--361},
  year      = {2015},
}

@inproceedings{fan2018on,
  author       = {Xiuyi Fan},
  title        = {On Generating Explainable Plans with Assumption-Based Argumentation},
  booktitle    = {Proceedings of the Principles and Practice of Multi-Agent Systems (PRIMA)},
pages={344--361},
  year         = {2018},
}

@book{furnkranz2010preference,
  title={Preference Learning},
  author={F{\"u}rnkranz, Johannes and H{\"u}llermeier, Eyke},
  year={2010},
  publisher={Springer Science \& Business Media}
}

@article{gordon1994,
  title={An Inquiry Dialogue System},
  author={Gordon, Thomas F.},
  journal={Artificial Intelligence and Law},
  volume={2},
  pages={239--292},
  year={1994}
}

@inproceedings{hadjinikolis2013opponent,
  title={Opponent Modelling in Persuasion Dialogues},
  author={Hadjinikolis, Christos and Siantos, Yiannis and Modgil, Sanjay and Black, Elizabeth and McBurney, Peter},
  booktitle=IJCAI,
pages={164--170},
  year={2013}
}

@inproceedings{hadoux2015optimization,
  title={Optimization of Probabilistic Argumentation with Markov Decision Models},
  author={Hadoux, Emmanuel and Beynier, Aur{\'e}lie and Maudet, Nicolas and Weng, Paul and Hunter, Anthony},
  booktitle=IJCAI,
pages={2004--2010},
  year={2015}
}

@article{hitchcock2017some,
  title={Some Principles of Rational Mutual Inquiry},
  author={Hitchcock, David and Hitchcock, David},
  journal={On Reasoning and Argument: Essays in Informal Logic and on Critical Thinking},
  pages={313--321},
  year={2017}
}

@article{hunter2013probabilistic,
  title={A Probabilistic Approach to Modelling Uncertain Logical Arguments},
  author={Hunter, Anthony},
  journal={International Journal of Approximate Reasoning},
  volume={54},
  number={1},
  pages={47--81},
  year={2013}
}

@inproceedings{hunter2015modelling,
  title={Modelling the Persuadee in Asymmetric Argumentation Dialogues for Persuasion},
  author={Hunter, Anthony},
  booktitle=IJCAI,
pages={3055--3061},
  year={2015}
}

@inproceedings{hunter2016persuasion,
  title={Persuasion Dialogues via Restricted Interfaces using Probabilistic Argumentation},
  author={Hunter, Anthony},
  booktitle={Proceedings of the Scalable Uncertainty Management (SUM)},
pages={184--198},
  year={2016}
}

@inproceedings{ijcai2018-671,
  title     = {Hierarchical Expertise Level Modeling for User Specific Contrastive Explanations},
  author    = {Sarath Sreedharan and Siddharth Srivastava and Subbarao Kambhampati},
  booktitle = IJCAI,
pages={4829--4836},
  year      = {2018},
}

@article{lake2017building,
  title={Building Machines that Learn and Think Like People},
  author={Lake, Brenden M and Ullman, Tomer D and Tenenbaum, Joshua B and Gershman, Samuel J},
  journal={Behavioral and Brain Sciences},
  volume={40},
  pages={e253},
  year={2017},
}

@article{parsons2003properties,
  title={Properties and Complexity of Some Formal Inter-Agent Dialogues},
  author={Parsons, Simon and Wooldridge, Michael and Amgoud, Leila},
  journal={Journal of Logic and Computation},
  volume={13},
  number={3},
  pages={347--376},
  year={2003}
}

@article{prakken2006formal,
  title={Formal Systems for Persuasion Dialogue},
  author={Prakken, Henry},
  journal={The Knowledge Engineering Review},
  volume={21},
  number={2},
  pages={163--188},
  year={2006}
}

@inproceedings{rienstra2013opponent,
  title={Opponent Models with Uncertainty for Strategic Argumentation},
  author={Rienstra, Tjitze and Thimm, Matthias and Oren, Nir},
  booktitle=IJCAI,
pages={332--338},
  year={2013}
}

@inproceedings{shams2016normative,
  title={Normative Practical Reasoning via Argumentation and Dialogue},
  author={Shams, Zohreh and De Vos, Marina and Oren, Nir and Padget, Julian},
  booktitle=IJCAI,
pages={1244--1250},
  year={2016},
}

@inproceedings{sreedharan2018handling,
  title={Handling Model Uncertainty and Multiplicity in Explanations via Model Reconciliation},
  author={Sarath Sreedharan and
               Tathagata Chakraborti and
               Subbarao Kambhampati},
  booktitle=ICAPS,
pages={518--526},
  year={2018}
}

@inproceedings{vasileiou_DR,
    title     = {Dialectical Reconciliation via Structured Argumentative Dialogues},
    author    = {Vasileiou, Stylianos Loukas and Kumar, Ashwin and Yeoh, William and Son, Tran Cao and Toni, Francesca},
    booktitle = {Proceedings of the International Conference on Principles of Knowledge Representation and Reasoning (KR)},
    pages     = {777--787},
    year      = {2024}
  }

@book{walton1995commitment,
  title={Commitment in Dialogue: Basic Concepts of Interpersonal Reasoning},
  author={Walton, Douglas and Krabbe, Erik CW},
  year={1995},
  publisher={SUNY Press}
}

@inproceedings{wilson2012bayesian,
  title={A Bayesian Approach for Policy Learning from Trajectory Preference Queries},
  author={Wilson, Aaron and Fern, Alan and Tadepalli, Prasad},
  booktitle = NIPS,
pages = {1133--1141},
  year={2012}
}

@article{wirth2017survey,
  title={A survey of Preference-based Reinforcement Learning Methods},
  author={Wirth, Christian and Akrour, Riad and Neumann, Gerhard and F{\"u}rnkranz, Johannes},
  journal={Journal of Machine Learning Research},
  volume={18},
  number={136},
  pages={1--46},
  year={2017}
}

@article{yoshida2008game,
  title={Game Theory of Mind},
  author={Yoshida, Wako and Dolan, Ray J and Friston, Karl J},
  journal={PLoS Computational Biology},
  volume={4},
  number={12},
pages = {e1000254},
  year={2008}
}

