@inproceedings{huang2019visual,
  title={Visual-inertial navigation: A concise review},
  author={Huang, Guoquan},
  booktitle={2019 international conference on robotics and automation (ICRA)},
  pages={9572--9582},
  year={2019},
  organization={IEEE}
}

@inproceedings{zhang2014loam,
  title={LOAM: Lidar odometry and mapping in real-time.},
  author={Zhang, Ji and Singh, Sanjiv and others},
  booktitle={Robotics: Science and systems},
  volume={2},
  number={9},
  pages={1--9},
  year={2014},
  organization={Berkeley, CA}
}

@article{geneva2020openvins,
  title={Openvins: A research platform for visual-inertial estimation},
  author={Geneva, Patrick and Eckenhoff, Kevin and Lee, Woosik and Yang, Yulin and Huang, Guoquan},
  booktitle={2020 IEEE International Conference on Robotics and Automation (ICRA)},
  pages={4666--4672},
  year={2020},
  organization={IEEE}
}

@INPROCEEDINGS{DoerMFI2020, 
  author={Doer, Christopher and Trommer, Gert F.},
  booktitle={2020 IEEE International Conference on Multisensor Fusion and Integration for Intelligent Systems (MFI)}, 
  title={An EKF Based Approach to Radar Inertial Odometry}, 
  year={2020},
  pages={152-159},
  doi={10.1109/MFI49285.2020.9235254}}

@INPROCEEDINGS{DoerENC2020,
  author={Doer, Christopher and Trommer, Gert F.},
  booktitle={2020 European Navigation Conference (ENC)}, 
  title={Radar Inertial Odometry with Online Calibration}, 
  year={2020},
  pages={1-10},
  doi={10.23919/ENC48637.2020.9317343}}

@article{kubelka2023we,
  title={Do we need scan-matching in radar odometry?},
  author={Kubelka, Vladim{\'\i}r and Fritz, Emil and Magnusson, Martin},
  journal={arXiv preprint arXiv:2310.18117},
  year={2023}
}

@inproceedings{yoon2023need,
  title={Need for speed: Fast correspondence-free LiDAR-inertial odometry using doppler velocity},
  author={Yoon, David J and Burnett, Keenan and Laconte, Johann and Chen, Yi and Vhavle, Heethesh and Kammel, Soeren and Reuther, James and Barfoot, Timothy D},
  booktitle={2023 IEEE/RSJ International Conference on Intelligent Robots and Systems (IROS)},
  pages={5304--5310},
  year={2023},
  organization={IEEE}
}

@article{hexsel2022dicp,
  title={DICP: Doppler iterative closest point algorithm},
  author={Hexsel, Bruno and Vhavle, Heethesh and Chen, Yi},
  journal={arXiv preprint arXiv:2201.11944},
  year={2022}
}

@inproceedings{zhang20234dradarslam,
  title={4dradarslam: A 4d imaging radar slam system for large-scale environments based on pose graph optimization},
  author={Zhang, Jun and Zhuge, Huayang and Wu, Zhenyu and Peng, Guohao and Wen, Mingxing and Liu, Yiyao and Wang, Danwei},
  booktitle={2023 IEEE International Conference on Robotics and Automation (ICRA)},
  pages={8333--8340},
  year={2023},
  organization={IEEE}
}

@inproceedings{kim2018scan,
  title={Scan context: Egocentric spatial descriptor for place recognition within 3d point cloud map},
  author={Kim, Giseop and Kim, Ayoung},
  booktitle={2018 IEEE/RSJ International Conference on Intelligent Robots and Systems (IROS)},
  pages={4802--4809},
  year={2018},
  organization={IEEE}
}

@article{zhuang20234d,
  title={4d iriom: 4d imaging radar inertial odometry and mapping},
  author={Zhuang, Yuan and Wang, Binliang and Huai, Jianzhu and Li, Miao},
  journal={IEEE Robotics and Automation Letters},
  volume={8},
  number={6},
  pages={3246--3253},
  year={2023},
  publisher={IEEE}
}

@inproceedings{michalczyk2022tightly,
  title={Tightly-coupled ekf-based radar-inertial odometry},
  author={Michalczyk, Jan and Jung, Roland and Weiss, Stephan},
  booktitle={2022 IEEE/RSJ International Conference on Intelligent Robots and Systems (IROS)},
  pages={12336--12343},
  year={2022},
  organization={IEEE}
}

@article{huang2024less,
  title={Less is More: Physical-enhanced Radar-Inertial Odometry},
  author={Huang, Qiucan and Liang, Yuchen and Qiao, Zhijian and Shen, Shaojie and Yin, Huan},
  journal={arXiv preprint arXiv:2402.02200},
  year={2024}
}

@article{xu2024modeling,
  title={Modeling Point Uncertainty in Radar SLAM},
  author={Xu, Yang and Huang, Qiucan and Shen, Shaojie and Yin, Huan},
  journal={arXiv preprint arXiv:2402.16082},
  year={2024}
}

@article{cai2021ikd,
  title={ikd-Tree: An Incremental KD Tree for Robotic Applications},
  author={Cai, Yixi and Xu, Wei and Zhang, Fu},
  journal={arXiv preprint arXiv:2102.10808},
  year={2021}
}

@article{xu2021fast,
  title={Fast-lio: A fast, robust lidar-inertial odometry package by tightly-coupled iterated kalman filter},
  author={Xu, Wei and Zhang, Fu},
  journal={IEEE Robotics and Automation Letters},
  volume={6},
  number={2},
  pages={3317--3324},
  year={2021},
  publisher={IEEE}
}


@ARTICLE{10015694,
  author={Vizzo, Ignacio and Guadagnino, Tiziano and Mersch, Benedikt and Wiesmann, Louis and Behley, Jens and Stachniss, Cyrill},
  journal={IEEE Robotics and Automation Letters}, 
  title={KISS-ICP: In Defense of Point-to-Point ICP – Simple, Accurate, and Robust Registration If Done the Right Way}, 
  year={2023},
  volume={8},
  number={2},
  pages={1029-1036},
  keywords={Laser radar;Sensors;Estimation;Point cloud compression;Three-dimensional displays;Sensor systems;Optimization;Mapping;localization;SLAM},
  doi={10.1109/LRA.2023.3236571}}

@ARTICLE{9697912,
  author={Xu, Wei and Cai, Yixi and He, Dongjiao and Lin, Jiarong and Zhang, Fu},
  journal={IEEE Transactions on Robotics}, 
  title={FAST-LIO2: Fast Direct LiDAR-Inertial Odometry}, 
  year={2022},
  volume={38},
  number={4},
  pages={2053-2073},
  keywords={Laser radar;Robots;Real-time systems;Feature extraction;Data structures;Point cloud compression;Kalman filters;Aerial systems;sensor fusion;simultaneous localization and mapping (SLAM)},
  doi={10.1109/TRO.2022.3141876}}

@article{he2021kalman,
  title={Kalman filters on differentiable manifolds},
  author={He, Dongjiao and Xu, Wei and Zhang, Fu},
  journal={arXiv preprint arXiv:2102.03804},
  year={2021}
}

@INPROCEEDINGS{DoerJGN2022,
author = {Doer, Christopher and Trommer, Gert F.},
year = {2022},
month = {02},
pages = {329-339},
title = {x-RIO: Radar Inertial Odometry with Multiple Radar Sensors and Yaw Aiding},
volume = {12},
journal = {Gyroscopy and Navigation}
}

@article{wu2022picking,
  title={Picking up speed: Continuous-time lidar-only odometry using doppler velocity measurements},
  author={Wu, Yuchen and Yoon, David J and Burnett, Keenan and Kammel, Soeren and Chen, Yi and Vhavle, Heethesh and Barfoot, Timothy D},
  journal={IEEE Robotics and Automation Letters},
  volume={8},
  number={1},
  pages={264--271},
  year={2022},
  publisher={IEEE}
}

@article{nissov2024degradation,
  title={Degradation Resilient LiDAR-Radar-Inertial Odometry},
  author={Nissov, Morten and Khedekar, Nikhil and Alexis, Kostas},
  journal={arXiv preprint arXiv:2403.05332},
  year={2024}
}

@inproceedings{kramer2020radar,
  title={Radar-inertial ego-velocity estimation for visually degraded environments},
  author={Kramer, Andrew and Stahoviak, Carl and Santamaria-Navarro, Angel and Agha-Mohammadi, Ali-Akbar and Heckman, Christoffer},
  booktitle={2020 IEEE International Conference on Robotics and Automation (ICRA)},
  pages={5739--5746},
  year={2020},
  organization={IEEE}
}

@inproceedings{michalczyk2023multi,
  title={Multi-state tightly-coupled ekf-based radar-inertial odometry with persistent landmarks},
  author={Michalczyk, Jan and Jung, Roland and Brommer, Christian and Weiss, Stephan},
  booktitle={2023 IEEE International Conference on Robotics and Automation (ICRA)},
  pages={4011--4017},
  year={2023},
  organization={IEEE}
}

@inproceedings{huang2024multi,
  title={Multi-radar inertial odometry for 3d state estimation using mmwave imaging radar},
  author={Huang, Jui-Te and Xu, Ruoyang and Hinduja, Akshay and Kaess, Michael},
  booktitle={2024 IEEE International Conference on Robotics and Automation (ICRA)},
  pages={12006--12012},
  year={2024},
  organization={IEEE}
}

@article{hong2021radar,
  title={Radar SLAM: A robust SLAM system for all weather conditions},
  author={Hong, Ziyang and Petillot, Yvan and Wallace, Andrew and Wang, Sen},
  journal={arXiv preprint arXiv:2104.05347},
  year={2021}
}

@article{loeliger2004introduction,
  title={An introduction to factor graphs},
  author={Loeliger, H-A},
  journal={IEEE Signal Processing Magazine},
  volume={21},
  number={1},
  pages={28--41},
  year={2004},
  publisher={IEEE}
}

@inproceedings{lu2020milliego,
  title={milliEgo: single-chip mmWave radar aided egomotion estimation via deep sensor fusion},
  author={Lu, Chris Xiaoxuan and Saputra, Muhamad Risqi U and Zhao, Peijun and Almalioglu, Yasin and De Gusmao, Pedro PB and Chen, Changhao and Sun, Ke and Trigoni, Niki and Markham, Andrew},
  booktitle={Proceedings of the 18th Conference on Embedded Networked Sensor Systems},
  pages={109--122},
  year={2020}
}

@inproceedings{ng2021continuous,
  title={Continuous-time radar-inertial odometry for automotive radars},
  author={Ng, Yin Zhi and Choi, Benjamin and Tan, Robby and Heng, Lionel},
  booktitle={2021 IEEE/RSJ International Conference on Intelligent Robots and Systems (IROS)},
  pages={323--330},
  year={2021},
  organization={IEEE}
}

@INPROCEEDINGS{10160681,
  author={Safa, Ali and Verbelen, Tim and Ocket, Ilja and Bourdoux, André and Sahli, Hichem and Catthoor, Francky and Gielen, Georges},
  booktitle={2023 IEEE International Conference on Robotics and Automation (ICRA)}, 
  title={Fusing Event-based Camera and Radar for SLAM Using Spiking Neural Networks with Continual STDP Learning}, 
  year={2023},
  volume={},
  number={},
  pages={2782-2788},
  keywords={Training;Simultaneous localization and mapping;Program processors;Navigation;Lighting;Cameras;Robustness},
  doi={10.1109/ICRA48891.2023.10160681}}

@article{yin2021rall,
  title={Rall: end-to-end radar localization on lidar map using differentiable measurement model},
  author={Yin, Huan and Chen, Runjian and Wang, Yue and Xiong, Rong},
  journal={IEEE Transactions on Intelligent Transportation Systems},
  volume={23},
  number={7},
  pages={6737--6750},
  year={2021},
  publisher={IEEE}
}