@inproceedings{anunrojwong2022robustness,
  title={On the robustness of second-price auctions in prior-independent mechanism design},
  author={Anunrojwong, Jerry and Balseiro, Santiago and Besbes, Omar},
  booktitle={Proceedings of the 23rd ACM Conference on Economics and Computation},
  pages={151--152},
  year={2022}
}

@article{anunrojwong2023robust,
  title={Robust auction design with support information},
  author={Anunrojwong, Jerry and Balseiro, Santiago R and Besbes, Omar},
  journal={arXiv preprint arXiv:2305.09065},
  year={2023}
}

@inproceedings{badanidiyuru2023learning,
  title={Learning to Bid in Contextual First Price Auctions},
  author={Badanidiyuru, Ashwinkumar and Feng, Zhe and Guruganesh, Guru},
  booktitle={Proceedings of the ACM Web Conference 2023},
  pages={3489--3497},
  year={2023}
}

@article{balseiro2022contextual,
  title={Contextual Bandits with Cross-Learning},
  author={Balseiro, Santiago and Golrezaei, Negin and Mahdian, Mohammad and Mirrokni, Vahab and Schneider, Jon},
  journal={Mathematics of Operations Research},
  year={2022},
  publisher={INFORMS}
}

@article{bergemann2011robust,
  title={Robust monopoly pricing},
  author={Bergemann, Dirk and Schlag, Karl},
  journal={Journal of Economic Theory},
  volume={146},
  number={6},
  pages={2527--2543},
  year={2011},
  publisher={Elsevier}
}

@article{han2020learning,
  title={Learning to bid optimally and efficiently in adversarial first-price auctions},
  author={Han, Yanjun and Zhou, Zhengyuan and Flores, Aaron and Ordentlich, Erik and Weissman, Tsachy},
  journal={arXiv preprint arXiv:2007.04568},
  year={2020}
}

@article{han2020optimal,
  title={Optimal no-regret learning in repeated first-price auctions},
  author={Han, Yanjun and Zhou, Zhengyuan and Weissman, Tsachy},
  journal={arXiv preprint arXiv:2003.09795},
  year={2020}
}

@article{kasberger2023robust,
  title={Robust bidding in first-price auctions: How to bid without knowing what others are doing},
  author={Kasberger, Bernhard and Schlag, Karl H},
  journal={Management Science},
  year={2023},
  publisher={INFORMS}
}

@book{krishna2009auction,
  title={Auction theory},
  author={Krishna, Vijay},
  year={2009},
  publisher={Academic press}
}

@inproceedings{kumar2024strategically,
author = {Kumar, Rachitesh and Schneider, Jon and Sivan, Balasubramanian},
title = {Strategically-Robust Learning Algorithms for Bidding in First-Price Auctions},
year = {2024},
isbn = {9798400707049},
publisher = {Association for Computing Machinery},
address = {New York, NY, USA},
url = {https://doi.org/10.1145/3670865.3673514},
doi = {10.1145/3670865.3673514},
booktitle = {Proceedings of the 25th ACM Conference on Economics and Computation},
pages = {893},
numpages = {1},
keywords = {auctions, gradient descent, convex formulation},
location = {New Haven, CT, USA},
series = {EC '24}
}

@book{milgrom2004putting,
  title={Putting auction theory to work},
  author={Milgrom, Paul Robert},
  year={2004},
  publisher={Cambridge University Press}
}

@article{perakis2008regret,
  title={Regret in the newsvendor model with partial information},
  author={Perakis, Georgia and Roels, Guillaume},
  journal={Operations research},
  volume={56},
  number={1},
  pages={188--203},
  year={2008},
  publisher={INFORMS}
}

@article{qu2024double,
  title={Double Distributionally Robust Bid Shading for First Price Auctions},
  author={Qu, Yanlin and Kant, Ravi and Chen, Yan and Kitts, Brendan and Gultekin, San and Flores, Aaron and Blanchet, Jose},
  journal={arXiv preprint arXiv:2410.14864},
  year={2024}
}

@article{schneider2024optimal,
  title={Optimal cross-learning for contextual bandits with unknown context distributions},
  author={Schneider, Jon and Zimmert, Julian},
  journal={arXiv preprint arXiv:2401.01857},
  year={2024}
}

@article{vickrey1961counterspeculation,
  title={Counterspeculation, auctions, and competitive sealed tenders},
  author={Vickrey, William},
  journal={The Journal of finance},
  volume={16},
  number={1},
  pages={8--37},
  year={1961},
  publisher={JSTOR}
}

@article{zhang2022leveraging,
  title={Leveraging the hints: Adaptive bidding in repeated first-price auctions},
  author={Zhang, Wei and Han, Yanjun and Zhou, Zhengyuan and Flores, Aaron and Weissman, Tsachy},
  journal={Advances in Neural Information Processing Systems},
  volume={35},
  pages={21329--21341},
  year={2022}
}

