@inproceedings{gaitonde2023budget,
  title={Budget Pacing in Repeated Auctions: Regret and Efficiency Without Convergence},
  author={Gaitonde, Jason and Li, Yingkai and Light, Bar and Lucier, Brendan and Slivkins, Aleksandrs},
  booktitle={14th Innovations in Theoretical Computer Science Conference (ITCS 2023)},
  volume={251},
  pages={52},
  year={2023},
  organization={Schloss Dagstuhl--Leibniz-Zentrum f $\{$$\backslash$" u$\}$ r Informatik}
}

@article{fikioris2024liquid,
  title={Liquid Welfare Guarantees for No-Regret Learning in Sequential Budgeted Auctions},
  author={Fikioris, Giannis and Tardos, {\'E}va},
  journal={Mathematics of Operations Research},
  year={2024},
  publisher={INFORMS}
}

@article{filiz2007auctions,
  title={Auctions with anticipated regret: Theory and experiment},
  author={Filiz-Ozbay, Emel and Ozbay, Erkut Y},
  journal={American Economic Review},
  volume={97},
  number={4},
  pages={1407--1418},
  year={2007},
  publisher={American Economic Association}
}

@article{bajari2005structural,
  title={Are structural estimates of auction models reasonable? Evidence from experimental data},
  author={Bajari, Patrick and Hortacsu, Ali},
  journal={Journal of Political economy},
  volume={113},
  number={4},
  pages={703--741},
  year={2005},
  publisher={The University of Chicago Press}
}

@inproceedings{gummadi2012repeated,
  title={Repeated auctions under budget constraints: Optimal bidding strategies and equilibria},
  author={Gummadi, Ramakrishna and Key, Peter and Proutiere, Alexandre},
  booktitle={the Eighth Ad Auction Workshop},
  volume={4},
  year={2012}
}

@article{balseiro2015repeated,
  title={Repeated auctions with budgets in ad exchanges: Approximations and design},
  author={Balseiro, Santiago R and Besbes, Omar and Weintraub, Gabriel Y},
  journal={Management Science},
  volume={61},
  number={4},
  pages={864--884},
  year={2015},
  publisher={INFORMS}
}

@article{balseiro2021budget,
  title={Budget-Management Strategies in Repeated Auctions},
  author={Balseiro, Santiago and Kim, Anthony and Mahdian, Mohammad and Mirrokni, Vahab},
  journal={Operations Research},
  volume={69},
  number={3},
  pages={859--876},
  year={2021},
  publisher={INFORMS}
}

@article{abhishek2013optimal,
  title={Optimal bidding in multi-item multislot sponsored search auctions},
  author={Abhishek, Vibhanshu and Hosanagar, Kartik},
  journal={Operations research},
  volume={61},
  number={4},
  pages={855--873},
  year={2013},
  publisher={INFORMS}
}

@inproceedings{feng2021convergence,
  title={Convergence analysis of no-regret bidding algorithms in repeated auctions},
  author={Feng, Zhe and Guruganesh, Guru and Liaw, Christopher and Mehta, Aranyak and Sethi, Abhishek},
  booktitle={Proceedings of the AAAI Conference on Artificial Intelligence},
  volume={35},
  number={6},
  pages={5399--5406},
  year={2021}
}

@article{anunrojwong2023robust,
  title={Robust auction design with support information},
  author={Anunrojwong, Jerry and Balseiro, Santiago R and Besbes, Omar},
  journal={arXiv preprint arXiv:2305.09065},
  year={2023}
}

@inproceedings{anunrojwong2022robustness,
  title={On the robustness of second-price auctions in prior-independent mechanism design},
  author={Anunrojwong, Jerry and Balseiro, Santiago and Besbes, Omar},
  booktitle={Proceedings of the 23rd ACM Conference on Economics and Computation},
  pages={151--152},
  year={2022}
}

@article{perakis2008regret,
  title={Regret in the newsvendor model with partial information},
  author={Perakis, Georgia and Roels, Guillaume},
  journal={Operations research},
  volume={56},
  number={1},
  pages={188--203},
  year={2008},
  publisher={INFORMS}
}

@article{bergemann2011robust,
  title={Robust monopoly pricing},
  author={Bergemann, Dirk and Schlag, Karl},
  journal={Journal of Economic Theory},
  volume={146},
  number={6},
  pages={2527--2543},
  year={2011},
  publisher={Elsevier}
}

@article{savage1951theory,
  title={The theory of statistical decision},
  author={Savage, Leonard J},
  journal={Journal of the American Statistical association},
  volume={46},
  number={253},
  pages={55--67},
  year={1951},
  publisher={Taylor \& Francis}
}

@article{kasberger2023robust,
  title={Robust bidding in first-price auctions: How to bid without knowing what others are doing},
  author={Kasberger, Bernhard and Schlag, Karl H},
  journal={Management Science},
  year={2023},
  publisher={INFORMS}
}

@book{aliprantis2006infinite,
    author = {Aliprantis, Charalambos D and Border, Kim C},
    title = {Infinite Dimensional Analysis},
    publisher = {Springer Berlin, Heidelberg},
    year = {2006}
}


@article{biles1997caratheodory,
  title={On Carath{\'e}odoryâ€™s conditions for the initial value problem},
  author={Biles, D and Binding, P},
  journal={Proceedings of the American Mathematical Society},
  volume={125},
  number={5},
  pages={1371--1376},
  year={1997}
}

@article{biles2000solvability,
  title={Solvability of a finite or infinite system of discontinuous quasimonotone differential equations},
  author={Biles, Daniel and Schechter, Eric},
  journal={Proceedings of the American Mathematical Society},
  volume={128},
  number={11},
  pages={3349--3360},
  year={2000}
}

@article{kolumbus2022and,
  title={How and why to manipulate your own agent: On the incentives of users of learning agents},
  author={Kolumbus, Yoav and Nisan, Noam},
  journal={Advances in Neural Information Processing Systems},
  volume={35},
  pages={28080--28094},
  year={2022}
}

@article{RZ24,
  author       = {Aviad Rubinstein and
                  Junyao Zhao},
  title        = {Strategizing against No-Regret Learners in First-Price Auctions},
  journal      = {CoRR},
  volume       = {abs/2402.08637},
  year         = {2024},
  eprinttype    = {arXiv},
  eprint       = {2402.08637},
}



@inproceedings{kolumbus2022auctions,
  title={Auctions between regret-minimizing agents},
  author={Kolumbus, Yoav and Nisan, Noam},
  booktitle={Proceedings of the ACM Web Conference 2022},
  pages={100--111},
  year={2022}
}

@article{chen2023persuading,
  title={Persuading a Behavioral Agent: Approximately Best Responding and Learning},
  author={Chen, Yiling and Lin, Tao},
  journal={arXiv preprint arXiv:2302.03719},
  year={2023}
}

@article{guruganesh2024contracting,
  title={Contracting with a Learning Agent},
  author={Guruganesh, Guru and Kolumbus, Yoav and Schneider, Jon and Talgam-Cohen, Inbal and Vlatakis-Gkaragkounis, Emmanouil-Vasileios and Wang, Joshua R and Weinberg, S Matthew},
  journal={arXiv preprint arXiv:2401.16198},
  year={2024}
}

@inproceedings{cai2023selling,
  title={Selling to multiple no-regret buyers},
  author={Cai, Linda and Weinberg, S Matthew and Wildenhain, Evan and Zhang, Shirley},
  booktitle={International Conference on Web and Internet Economics},
  pages={113--129},
  year={2023},
  organization={Springer}
}

@article{deng2019prior,
  title={Prior-free dynamic auctions with low regret buyers},
  author={Deng, Yuan and Schneider, Jon and Sivan, Balasubramanian},
  journal={Advances in Neural Information Processing Systems},
  volume={32},
  year={2019}
}
@inproceedings{brown2023is,
    title={Is Learning in Games Good for the Learners?},
    author={William Brown and Jon Schneider and Kiran Vodrahalli},
    booktitle={Thirty-seventh Conference on Neural Information Processing Systems},
    year={2023},
    url={https://openreview.net/forum?id=jR2FkqW6GB}
}

@article{DSSstrat,
  title={Strategizing against no-regret learners},
  author={Deng, Yuan and Schneider, Jon and Sivan, Balasubramanian},
  journal={Advances in Neural Information Processing Systems},
  volume={32},
  year={2019}
}


@inproceedings{MMSSbayesian,
  title={Strategizing against learners in bayesian games},
  author={Mansour, Yishay and Mohri, Mehryar and Schneider, Jon and Sivan, Balasubramanian},
  booktitle={Conference on Learning Theory},
  pages={5221--5252},
  year={2022},
  organization={PMLR}
}

@article{schneider2024optimal,
  title={Optimal cross-learning for contextual bandits with unknown context distributions},
  author={Schneider, Jon and Zimmert, Julian},
  journal={arXiv preprint arXiv:2401.01857},
  year={2024}
}


@article{embrechts2013note,
  title={A note on generalized inverses},
  author={Embrechts, Paul and Hofert, Marius},
  journal={Mathematical Methods of Operations Research},
  volume={77},
  pages={423--432},
  year={2013},
  publisher={Springer}
}


@inproceedings{braverman2018selling,
  title={Selling to a no-regret buyer},
  author={Braverman, Mark and Mao, Jieming and Schneider, Jon and Weinberg, Matt},
  booktitle={Proceedings of the 2018 ACM Conference on Economics and Computation},
  pages={523--538},
  year={2018}
}

@misc{Google,
  title = {Moving AdSense to a first-price auction},
  author={Wong, Matt},
  year={2021},
  howpublished = {\url{https://blog.google/products/adsense/our-move-to-a-first-price-auction/}},
  note = {Accessed: 2024-01-22}
}

@article{shalev2012online,
  title={Online learning and online convex optimization},
  author={Shalev-Shwartz, Shai},
  journal={Foundations and Trends{\textregistered} in Machine Learning},
  volume={4},
  number={2},
  pages={107--194},
  year={2012},
  publisher={Now Publishers, Inc.}
}

@article{hazan2016introduction,
  title={Introduction to online convex optimization},
  author={Hazan, Elad},
  journal={Foundations and Trends{\textregistered} in Optimization},
  volume={2},
  number={3-4},
  pages={157--325},
  year={2016},
  publisher={Now Publishers, Inc.}
}

@book{krishna2009auction,
  title={Auction theory},
  author={Krishna, Vijay},
  year={2009},
  publisher={Academic press}
}


@article{han2020optimal,
  title={Optimal no-regret learning in repeated first-price auctions},
  author={Han, Yanjun and Zhou, Zhengyuan and Weissman, Tsachy},
  journal={arXiv preprint arXiv:2003.09795},
  year={2020}
}


@article{han2020learning,
  title={Learning to bid optimally and efficiently in adversarial first-price auctions},
  author={Han, Yanjun and Zhou, Zhengyuan and Flores, Aaron and Ordentlich, Erik and Weissman, Tsachy},
  journal={arXiv preprint arXiv:2007.04568},
  year={2020}
}

@article{zhang2022leveraging,
  title={Leveraging the hints: Adaptive bidding in repeated first-price auctions},
  author={Zhang, Wei and Han, Yanjun and Zhou, Zhengyuan and Flores, Aaron and Weissman, Tsachy},
  journal={Advances in Neural Information Processing Systems},
  volume={35},
  pages={21329--21341},
  year={2022}
}

@article{balseiro2022contextual,
  title={Contextual Bandits with Cross-Learning},
  author={Balseiro, Santiago and Golrezaei, Negin and Mahdian, Mohammad and Mirrokni, Vahab and Schneider, Jon},
  journal={Mathematics of Operations Research},
  year={2022},
  publisher={INFORMS}
}


@inproceedings{wang2023learning,
author = {Wang, Qian and Yang, Zongjun and Deng, Xiaotie and Kong, Yuqing},
title = {Learning to bid in repeated first-price auctions with budgets},
year = {2023},
publisher = {JMLR.org},
articleno = {1518},
numpages = {20},
location = {Honolulu, Hawaii, USA},
series = {ICML'23}
}

@inproceedings{badanidiyuru2023learning,
  title={Learning to Bid in Contextual First Price Auctions},
  author={Badanidiyuru, Ashwinkumar and Feng, Zhe and Guruganesh, Guru},
  booktitle={Proceedings of the ACM Web Conference 2023},
  pages={3489--3497},
  year={2023}
}

@article{kinnear2022convexity,
  title={Convexity and Duality in Optimum Real-time Bidding and Related Problems},
  author={Kinnear, Ryan J and Mazumdar, Ravi R and Marbach, Peter},
  journal={arXiv preprint arXiv:2206.12408},
  year={2022}
}

@article{myerson1981optimal,
  title={Optimal auction design},
  author={Myerson, Roger B},
  journal={Mathematics of operations research},
  volume={6},
  number={1},
  pages={58--73},
  year={1981},
  publisher={INFORMS}
}


@article{guerre2000optimal,
  title={Optimal nonparametric estimation of first-price auctions},
  author={Guerre, Emmanuel and Perrigne, Isabelle and Vuong, Quang},
  journal={Econometrica},
  volume={68},
  number={3},
  pages={525--574},
  year={2000},
  publisher={Wiley Online Library}
}

@book{milgrom2004putting,
  title={Putting auction theory to work},
  author={Milgrom, Paul Robert},
  year={2004},
  publisher={Cambridge University Press}
}

@article{vickrey1961counterspeculation,
  title={Counterspeculation, auctions, and competitive sealed tenders},
  author={Vickrey, William},
  journal={The Journal of finance},
  volume={16},
  number={1},
  pages={8--37},
  year={1961},
  publisher={JSTOR}
}


@inproceedings{feng2018learning,
  title={Learning to bid without knowing your value},
  author={Feng, Zhe and Podimata, Chara and Syrgkanis, Vasilis},
  booktitle={Proceedings of the 2018 ACM Conference on Economics and Computation},
  pages={505--522},
  year={2018}
}



@inproceedings{chen2023complexity,
author = {Chen, Xi and Peng, Binghui},
title = {Complexity of Equilibria in First-Price Auctions under General Tie-Breaking Rules},
year = {2023},
isbn = {9781450399135},
publisher = {Association for Computing Machinery},
address = {New York, NY, USA},
url = {https://doi.org/10.1145/3564246.3585195},
doi = {10.1145/3564246.3585195},
booktitle = {Proceedings of the 55th Annual ACM Symposium on Theory of Computing},
pages = {698â€“709},
numpages = {12},
keywords = {First-price auction, Equilibrium computation},
location = {Orlando, FL, USA},
series = {STOC 2023}
}


@article{balseiro2023contextual,
  title={Contextual standard auctions with budgets: Revenue equivalence and efficiency guarantees},
  author={Balseiro, Santiago and Kroer, Christian and Kumar, Rachitesh},
  journal={Management Science},
  year={2023},
  publisher={INFORMS}
}

@article{nedelec2022learning,
  title={Learning in repeated auctions},
  author={Nedelec, Thomas and Calauz{\`e}nes, Cl{\'e}ment and El Karoui, Noureddine and Perchet, Vianney and others},
  journal={Foundations and Trends{\textregistered} in Machine Learning},
  volume={15},
  number={3},
  pages={176--334},
  year={2022},
  publisher={Now Publishers, Inc.}
}

@article{freund1997decision,
  title={A decision-theoretic generalization of on-line learning and an application to boosting},
  author={Freund, Yoav and Schapire, Robert E},
  journal={Journal of computer and system sciences},
  volume={55},
  number={1},
  pages={119--139},
  year={1997},
  publisher={Elsevier}
}

@article{auer2002nonstochastic,
  title={The nonstochastic multiarmed bandit problem},
  author={Auer, Peter and Cesa-Bianchi, Nicolo and Freund, Yoav and Schapire, Robert E},
  journal={SIAM journal on computing},
  volume={32},
  number={1},
  pages={48--77},
  year={2002},
  publisher={SIAM}
}


@article{bulow1989simple,
  title={The simple economics of optimal auctions},
  author={Bulow, Jeremy and Roberts, John},
  journal={Journal of political economy},
  volume={97},
  number={5},
  pages={1060--1090},
  year={1989},
  publisher={The University of Chicago Press}
}


@inproceedings{hazan2006logarithmic,
  title={Logarithmic regret algorithms for online convex optimization},
  author={Hazan, Elad and Kalai, Adam and Kale, Satyen and Agarwal, Amit},
  booktitle={International Conference on Computational Learning Theory},
  pages={499--513},
  year={2006},
  organization={Springer}
}

@article{cesa2023role,
  title={The role of transparency in repeated first-price auctions with unknown valuations},
  author={Cesa-Bianchi, Nicol{\`o} and Cesari, Tommaso and Colomboni, Roberto and Fusco, Federico and Leonardi, Stefano},
  journal={arXiv preprint arXiv:2307.09478},
  year={2023}
}


@article{hartline2013mechanism,
  title={Mechanism design and approximation},
  author={Hartline, Jason D},
  journal={Book draft. October},
  volume={122},
  number={1},
  year={2013}
}

@article{van2002introduction,
  title={An introduction to monotone comparative statics},
  author={Van Zandt, Timothy},
  journal={Notes, INSEAD},
  volume={14},
  year={2002},
  publisher={Citeseer}
}

@inproceedings{kumar2024strategically,
author = {Kumar, Rachitesh and Schneider, Jon and Sivan, Balasubramanian},
title = {Strategically-Robust Learning Algorithms for Bidding in First-Price Auctions},
year = {2024},
isbn = {9798400707049},
publisher = {Association for Computing Machinery},
address = {New York, NY, USA},
url = {https://doi.org/10.1145/3670865.3673514},
doi = {10.1145/3670865.3673514},
booktitle = {Proceedings of the 25th ACM Conference on Economics and Computation},
pages = {893},
numpages = {1},
keywords = {auctions, gradient descent, convex formulation},
location = {New Haven, CT, USA},
series = {EC '24}
}

@article{qu2024double,
  title={Double Distributionally Robust Bid Shading for First Price Auctions},
  author={Qu, Yanlin and Kant, Ravi and Chen, Yan and Kitts, Brendan and Gultekin, San and Flores, Aaron and Blanchet, Jose},
  journal={arXiv preprint arXiv:2410.14864},
  year={2024}
}