@inproceedings{banerjee2005meteor,
  title={METEOR: An automatic metric for MT evaluation with improved correlation with human judgments},
  author={Banerjee, Satanjeev and Lavie, Alon},
  booktitle={Proceedings of the acl workshop on intrinsic and extrinsic evaluation measures for machine translation and/or summarization},
  pages={65--72},
  year={2005}
}

@article{bogaerts2020graph,
  title={A graph CNN-LSTM neural network for short and long-term traffic forecasting based on trajectory data},
  author={Bogaerts, Toon and Masegosa, Antonio D and Angarita-Zapata, Juan S and Onieva, Enrique and Hellinckx, Peter},
  journal={Transportation Research Part C: Emerging Technologies},
  volume={112},
  pages={62--77},
  year={2020},
  publisher={Elsevier}
}

@article{brown2020language,
  title={Language models are few-shot learners},
  author={Brown, Tom and Mann, Benjamin and Ryder, Nick and Subbiah, Melanie and Kaplan, Jared D and Dhariwal, Prafulla and Neelakantan, Arvind and Shyam, Pranav and Sastry, Girish and Askell, Amanda and others},
  journal={Advances in neural information processing systems},
  volume={33},
  pages={1877--1901},
  year={2020}
}

@article{chang2024llmscenario,
  title={LLMScenario: Large Language Model Driven Scenario Generation},
  author={Chang, Cheng and Wang, Siqi and Zhang, Jiawei and Ge, Jingwei and Li, Li},
  journal={IEEE Transactions on Systems, Man, and Cybernetics: Systems},
  year={2024},
  publisher={IEEE}
}

@article{chauhan2024novel,
  title={A Novel Confined Attention Mechanism Driven Bi-GRU Model for Traffic Flow Prediction},
  author={Chauhan, Nisha Singh and Kumar, Neetesh and Eskandarian, Azim},
  journal={IEEE Transactions on Intelligent Transportation Systems},
  year={2024},
  publisher={IEEE}
}

@article{cui2023drivellm,
  title={Drivellm: Charting the path toward full autonomous driving with large language models},
  author={Cui, Yaodong and Huang, Shucheng and Zhong, Jiaming and Liu, Zhenan and Wang, Yutong and Sun, Chen and Li, Bai and Wang, Xiao and Khajepour, Amir},
  journal={IEEE Transactions on Intelligent Vehicles},
  year={2023},
  publisher={IEEE}
}

@article{fabbri2021qafacteval,
  title={QAFactEval: Improved QA-based factual consistency evaluation for summarization},
  author={Fabbri, Alexander R and Wu, Chien-Sheng and Liu, Wenhao and Xiong, Caiming},
  journal={arXiv preprint arXiv:2112.08542},
  year={2021}
}

@inproceedings{fu2016using,
  title={Using LSTM and GRU neural network methods for traffic flow prediction},
  author={Fu, Rui and Zhang, Zuo and Li, Li},
  booktitle={2016 31st Youth academic annual conference of Chinese association of automation (YAC)},
  pages={324--328},
  year={2016},
  organization={IEEE}
}

@article{fu2023gptscore,
  title={Gptscore: Evaluate as you desire},
  author={Fu, Jinlan and Ng, See-Kiong and Jiang, Zhengbao and Liu, Pengfei},
  journal={arXiv preprint arXiv:2302.04166},
  year={2023}
}

@misc{guo2024responsiblereliabletrafficflow,
      title={Towards Responsible and Reliable Traffic Flow Prediction with Large Language Models}, 
      author={Xusen Guo and Qiming Zhang and Junyue Jiang and Mingxing Peng and Hao and Yang and Meixin Zhu},
      year={2024},
      eprint={2404.02937},
      archivePrefix={arXiv},
      primaryClass={cs.LG},
      url={https://arxiv.org/abs/2404.02937}, 
}

@article{haydari2024mobilitygpt,
  title={Mobilitygpt: Enhanced human mobility modeling with a gpt model},
  author={Haydari, Ammar and Chen, Dongjie and Lai, Zhengfeng and Chuah, Chen-Nee},
  journal={arXiv preprint arXiv:2402.03264},
  year={2024}
}

@inproceedings{kim2023prometheus,
  title={Prometheus: Inducing fine-grained evaluation capability in language models},
  author={Kim, Seungone and Shin, Jamin and Cho, Yejin and Jang, Joel and Longpre, Shayne and Lee, Hwaran and Yun, Sangdoo and Shin, Seongjin and Kim, Sungdong and Thorne, James and others},
  booktitle={The Twelfth International Conference on Learning Representations},
  year={2023}
}

@article{li2024chatgpt,
  title={ChatGPT-based scenario engineer: A new framework on scenario generation for trajectory prediction},
  author={Li, Xuan and Liu, Enlu and Shen, Tianyu and Huang, Jun and Wang, Fei-Yue},
  journal={IEEE Transactions on Intelligent Vehicles},
  year={2024},
  publisher={IEEE}
}

@article{li2024urbangpt,
  title={Urbangpt: Spatio-temporal large language models},
  author={Li, Zhonghang and Xia, Lianghao and Tang, Jiabin and Xu, Yong and Shi, Lei and Xia, Long and Yin, Dawei and Huang, Chao},
  journal={arXiv preprint arXiv:2403.00813},
  year={2024}
}

@inproceedings{lin2004rouge,
  title={Rouge: A package for automatic evaluation of summaries},
  author={Lin, Chin-Yew},
  booktitle={Text summarization branches out},
  pages={74--81},
  year={2004}
}

@article{liu2023g,
  title={G-eval: Nlg evaluation using gpt-4 with better human alignment},
  author={Liu, Yang and Iter, Dan and Xu, Yichong and Wang, Shuohang and Xu, Ruochen and Zhu, Chenguang},
  journal={arXiv preprint arXiv:2303.16634},
  year={2023}
}

@article{liu2024spatial,
  title={Spatial-temporal large language model for traffic prediction},
  author={Liu, Chenxi and Yang, Sun and Xu, Qianxiong and Li, Zhishuai and Long, Cheng and Li, Ziyue and Zhao, Rui},
  journal={arXiv preprint arXiv:2401.10134},
  year={2024}
}

@article{long2024llms,
  title={On llms-driven synthetic data generation, curation, and evaluation: A survey},
  author={Long, Lin and Wang, Rui and Xiao, Ruixuan and Zhao, Junbo and Ding, Xiao and Chen, Gang and Wang, Haobo},
  journal={arXiv preprint arXiv:2406.15126},
  year={2024}
}

@article{lv2014traffic,
  title={Traffic flow prediction with big data: A deep learning approach},
  author={Lv, Yisheng and Duan, Yanjie and Kang, Wenwen and Li, Zhengxi and Wang, Fei-Yue},
  journal={Ieee transactions on intelligent transportation systems},
  volume={16},
  number={2},
  pages={865--873},
  year={2014},
  publisher={IEEE}
}

@article{ma2015long,
  title={Long short-term memory neural network for traffic speed prediction using remote microwave sensor data},
  author={Ma, Xiaolei and Tao, Zhimin and Wang, Yinhai and Yu, Haiyang and Wang, Yunpeng},
  journal={Transportation Research Part C: Emerging Technologies},
  volume={54},
  pages={187--197},
  year={2015},
  publisher={Elsevier}
}

@article{ma2020daily,
  title={Daily traffic flow forecasting through a contextual convolutional recurrent neural network modeling inter-and intra-day traffic patterns},
  author={Ma, Dongfang and Song, Xiang and Li, Pu},
  journal={IEEE Transactions on Intelligent Transportation Systems},
  volume={22},
  number={5},
  pages={2627--2636},
  year={2020},
  publisher={IEEE}
}

@article{ma2021short,
  title={Short-term traffic flow prediction for urban road sections based on time series analysis and LSTM\_BILSTM method},
  author={Ma, Changxi and Dai, Guowen and Zhou, Jibiao},
  journal={IEEE Transactions on Intelligent Transportation Systems},
  volume={23},
  number={6},
  pages={5615--5624},
  year={2021},
  publisher={IEEE}
}

@inproceedings{papineni2002bleu,
  title={Bleu: a method for automatic evaluation of machine translation},
  author={Papineni, Kishore and Roukos, Salim and Ward, Todd and Zhu, Wei-Jing},
  booktitle={Proceedings of the 40th annual meeting of the Association for Computational Linguistics},
  pages={311--318},
  year={2002}
}

@ARTICLE{qingyi2024prob,
  author={Wang, Qingyi and Wang, Shenhao and Zhuang, Dingyi and Koutsopoulos, Haris and Zhao, Jinhua},
  journal={IEEE Transactions on Intelligent Transportation Systems}, 
  title={Uncertainty Quantification of Spatiotemporal Travel Demand With Probabilistic Graph Neural Networks}, 
  year={2024},
  volume={},
  number={},
  pages={1-12},
  keywords={Uncertainty;Probabilistic logic;Deep learning;Spatiotemporal phenomena;Data models;Predictive models;Neural networks;Probabilistic graph neural networks;uncertainty quantification;travel demand prediction},
  doi={10.1109/TITS.2024.3367779}}

@article{ren2024tpllm,
  title={TPLLM: A traffic prediction framework based on pretrained large language models},
  author={Ren, Yilong and Chen, Yue and Liu, Shuai and Wang, Boyue and Yu, Haiyang and Cui, Zhiyong},
  journal={arXiv preprint arXiv:2403.02221},
  year={2024}
}

@book{russell2016artificial,
  title={Artificial intelligence: a modern approach},
  author={Russell, Stuart J and Norvig, Peter},
  year={2016},
  publisher={Pearson}
}

@article{shin2024pgcn,
  title={PGCN: Progressive graph convolutional networks for spatial--temporal traffic forecasting},
  author={Shin, Yuyol and Yoon, Yoonjin},
  journal={IEEE Transactions on Intelligent Transportation Systems},
  year={2024},
  publisher={IEEE}
}

@article{sun2021joint,
  title={Joint prediction of next location and travel time from urban vehicle trajectories using long short-term memory neural networks},
  author={Sun, Jie and Kim, Jiwon},
  journal={Transportation Research Part C: Emerging Technologies},
  volume={128},
  pages={103114},
  year={2021},
  publisher={Elsevier}
}

@ARTICLE{tanwi2024ensemble,
  author={Mallick, Tanwi and Macfarlane, Jane and Balaprakash, Prasanna},
  journal={IEEE Transactions on Intelligent Transportation Systems}, 
  title={Uncertainty Quantification for Traffic Forecasting Using Deep-Ensemble-Based Spatiotemporal Graph Neural Networks}, 
  year={2024},
  volume={},
  number={},
  pages={1-12},
  keywords={Uncertainty;Forecasting;Spatiotemporal phenomena;Predictive models;Bayes methods;Graph neural networks;Data models;Traffic forecasting;uncertainty quantification;deep ensemble;spatiotemporal graph neural network},
  doi={10.1109/TITS.2024.3381099}}

@inproceedings{wu2020connecting,
  title={Connecting the dots: Multivariate time series forecasting with graph neural networks},
  author={Wu, Zonghan and Pan, Shirui and Long, Guodong and Jiang, Jing and Chang, Xiaojun and Zhang, Chengqi},
  booktitle={Proceedings of the 26th ACM SIGKDD international conference on knowledge discovery \& data mining},
  pages={753--763},
  year={2020}
}

@article{yu2017spatiotemporal,
  title={Spatiotemporal recurrent convolutional networks for traffic prediction in transportation networks},
  author={Yu, Haiyang and Wu, Zhihai and Wang, Shuqin and Wang, Yunpeng and Ma, Xiaolei},
  journal={Sensors},
  volume={17},
  number={7},
  pages={1501},
  year={2017},
  publisher={MDPI}
}

@article{yuan2022fedstn,
  title={Fedstn: Graph representation driven federated learning for edge computing enabled urban traffic flow prediction},
  author={Yuan, Xiaoming and Chen, Jiahui and Yang, Jiayu and Zhang, Ning and Yang, Tingting and Han, Tao and Taherkordi, Amir},
  journal={IEEE Transactions on Intelligent Transportation Systems},
  volume={24},
  number={8},
  pages={8738--8748},
  year={2022},
  publisher={IEEE}
}

@article{zhang2019bertscore,
  title={Bertscore: Evaluating text generation with bert},
  author={Zhang, Tianyi and Kishore, Varsha and Wu, Felix and Weinberger, Kilian Q and Artzi, Yoav},
  journal={arXiv preprint arXiv:1904.09675},
  year={2019}
}

@article{zhang2021short,
  title={Short-term origin-destination demand prediction in urban rail transit systems: A channel-wise attentive split-convolutional neural network method},
  author={Zhang, Jinlei and Che, Hongshu and Chen, Feng and Ma, Wei and He, Zhengbing},
  journal={Transportation Research Part C: Emerging Technologies},
  volume={124},
  pages={102928},
  year={2021},
  publisher={Elsevier}
}

@article{zhang2024trafficgpt,
  title={Trafficgpt: Viewing, processing and interacting with traffic foundation models},
  author={Zhang, Siyao and Fu, Daocheng and Liang, Wenzhe and Zhang, Zhao and Yu, Bin and Cai, Pinlong and Yao, Baozhen},
  journal={Transport Policy},
  volume={150},
  pages={95--105},
  year={2024},
  publisher={Elsevier}
}

@article{zhao2019moverscore,
  title={MoverScore: Text generation evaluating with contextualized embeddings and earth mover distance},
  author={Zhao, Wei and Peyrard, Maxime and Liu, Fei and Gao, Yang and Meyer, Christian M and Eger, Steffen},
  journal={arXiv preprint arXiv:1909.02622},
  year={2019}
}

@article{zheng2020hybrid,
  title={A hybrid deep learning model with attention-based conv-LSTM networks for short-term traffic flow prediction},
  author={Zheng, Haifeng and Lin, Feng and Feng, Xinxin and Chen, Youjia},
  journal={IEEE Transactions on Intelligent Transportation Systems},
  volume={22},
  number={11},
  pages={6910--6920},
  year={2020},
  publisher={IEEE}
}

