@inproceedings{alon2015online,
  title={Online learning with feedback graphs: Beyond bandits},
  author={Alon, Noga and Cesa-Bianchi, Nicolo and Dekel, Ofer and Koren, Tomer},
  booktitle={Conference on Learning Theory},
  pages={23--35},
  year={2015},
  organization={PMLR}
}

@article{alon2017nonstochastic,
  title={Nonstochastic multi-armed bandits with graph-structured feedback},
  author={Alon, Noga and Cesa-Bianchi, Nicolo and Gentile, Claudio and Mannor, Shie and Mansour, Yishay and Shamir, Ohad},
  journal={SIAM Journal on Computing},
  volume={46},
  number={6},
  pages={1785--1826},
  year={2017},
  publisher={SIAM}
}

@article{audibert2014regret,
  title={Regret in online combinatorial optimization},
  author={Audibert, Jean-Yves and Bubeck, S{\'e}bastien and Lugosi, G{\'a}bor},
  journal={Mathematics of Operations Research},
  volume={39},
  number={1},
  pages={31--45},
  year={2014},
  publisher={INFORMS}
}

@article{balseiro2023contextual,
  title={Contextual Bandits with Cross-Learning},
  author={Balseiro, Santiago and Golrezaei, Negin and Mahdian, Mohammad and Mirrokni, Vahab and Schneider, Jon},
  journal={Mathematics of Operations Research},
  volume={48},
  number={3},
  pages={1607--1629},
  year={2023},
  publisher={INFORMS}
}

@inproceedings{cohen2016online,
  title={Online learning with feedback graphs without the graphs},
  author={Cohen, Alon and Hazan, Tamir and Koren, Tomer},
  booktitle={International Conference on Machine Learning},
  pages={811--819},
  year={2016},
  organization={PMLR}
}

@article{eldowa2024minimax,
  title={On the minimax regret for online learning with feedback graphs},
  author={Eldowa, Khaled and Esposito, Emmanuel and Cesari, Tom and Cesa-Bianchi, Nicol{\`o}},
  journal={Advances in Neural Information Processing Systems},
  volume={36},
  year={2024}
}

@inproceedings{han2021adversarial,
  title={Adversarial combinatorial bandits with general non-linear reward functions},
  author={Han, Yanjun and Wang, Yining and Chen, Xi},
  booktitle={International Conference on Machine Learning},
  pages={4030--4039},
  year={2021},
  organization={PMLR}
}

@article{han2024optimal,
  title={Optimal no-regret learning in repeated first-price auctions},
  author={Han, Yanjun and Weissman, Tsachy and Zhou, Zhengyuan},
  journal={Operations Research},
  year={2024},
  publisher={INFORMS}
}

@inproceedings{kocak2023online,
  title={Online learning with feedback graphs: The true shape of regret},
  author={Koc{\'a}k, Tom{\'a}{\v{s}} and Carpentier, Alexandra},
  booktitle={International Conference on Machine Learning},
  pages={17260--17282},
  year={2023},
  organization={PMLR}
}

@inproceedings{koolen2010hedging,
  title={Hedging Structured Concepts.},
  author={Koolen, Wouter M and Warmuth, Manfred K and Kivinen, Jyrki and others},
  booktitle={COLT},
  pages={93--105},
  year={2010},
  organization={Citeseer}
}

@article{mannor2011bandits,
  title={From bandits to experts: On the value of side-observations},
  author={Mannor, Shie and Shamir, Ohad},
  journal={Advances in Neural Information Processing Systems},
  volume={24},
  year={2011}
}

@InProceedings{pmlr-v37-wen15,
  title = 	 {Efficient Learning in Large-Scale Combinatorial Semi-Bandits},
  author = 	 {Wen, Zheng and Kveton, Branislav and Ashkan, Azin},
  booktitle = 	 {Proceedings of the 32nd International Conference on Machine Learning},
  pages = 	 {1113--1122},
  year = 	 {2015},
  editor = 	 {Bach, Francis and Blei, David},
  volume = 	 {37},
  series = 	 {Proceedings of Machine Learning Research},
  address = 	 {Lille, France},
  month = 	 {07--09 Jul},
  publisher =    {PMLR}
}

@inproceedings{sankararaman2018combinatorial,
  title={Combinatorial semi-bandits with knapsacks},
  author={Sankararaman, Karthik Abinav and Slivkins, Aleksandrs},
  booktitle={International Conference on Artificial Intelligence and Statistics},
  pages={1760--1770},
  year={2018},
  organization={PMLR}
}

@article{wen2024stochastic,
  title={Stochastic contextual bandits with graph feedback: from independence number to MAS number},
  author={Wen, Yuxiao and Han, Yanjun and Zhou, Zhengyuan},
  journal={Advances in Neural Information Processing Systems},
  year={2024}
}

