@article{audibert2014regret,
  title={Regret in online combinatorial optimization},
  author={Audibert, Jean-Yves and Bubeck, S{\'e}bastien and Lugosi, G{\'a}bor},
  journal={Mathematics of Operations Research},
  volume={39},
  number={1},
  pages={31--45},
  year={2014},
  publisher={INFORMS}
}


@article{han2024optimal,
  title={Optimal no-regret learning in repeated first-price auctions},
  author={Han, Yanjun and Weissman, Tsachy and Zhou, Zhengyuan},
  journal={Operations Research},
  year={2024},
  publisher={INFORMS}
}

@inproceedings{alon2015online,
  title={Online learning with feedback graphs: Beyond bandits},
  author={Alon, Noga and Cesa-Bianchi, Nicolo and Dekel, Ofer and Koren, Tomer},
  booktitle={Conference on Learning Theory},
  pages={23--35},
  year={2015},
  organization={PMLR}
}



@book{cesa2006prediction,
  title={Prediction, learning, and games},
  author={Cesa-Bianchi, Nicolo and Lugosi, G{\'a}bor},
  year={2006},
  publisher={Cambridge university press}
}


@article{wen2024stochastic,
  title={Stochastic contextual bandits with graph feedback: from independence number to MAS number},
  author={Wen, Yuxiao and Han, Yanjun and Zhou, Zhengyuan},
  journal={Advances in Neural Information Processing Systems},
  year={2024}
}


@inproceedings{han2021adversarial,
  title={Adversarial combinatorial bandits with general non-linear reward functions},
  author={Han, Yanjun and Wang, Yining and Chen, Xi},
  booktitle={International Conference on Machine Learning},
  pages={4030--4039},
  year={2021},
  organization={PMLR}
}


@InProceedings{pmlr-v37-wen15,
  title = 	 {Efficient Learning in Large-Scale Combinatorial Semi-Bandits},
  author = 	 {Wen, Zheng and Kveton, Branislav and Ashkan, Azin},
  booktitle = 	 {Proceedings of the 32nd International Conference on Machine Learning},
  pages = 	 {1113--1122},
  year = 	 {2015},
  editor = 	 {Bach, Francis and Blei, David},
  volume = 	 {37},
  series = 	 {Proceedings of Machine Learning Research},
  address = 	 {Lille, France},
  month = 	 {07--09 Jul},
  publisher =    {PMLR}
}



@inproceedings{sankararaman2018combinatorial,
  title={Combinatorial semi-bandits with knapsacks},
  author={Sankararaman, Karthik Abinav and Slivkins, Aleksandrs},
  booktitle={International Conference on Artificial Intelligence and Statistics},
  pages={1760--1770},
  year={2018},
  organization={PMLR}
}


@InProceedings{pmlr-v38-kveton15,
  title = 	 {{Tight Regret Bounds for Stochastic Combinatorial Semi-Bandits}},
  author = 	 {Kveton, Branislav and Wen, Zheng and Ashkan, Azin and Szepesvari, Csaba},
  booktitle = 	 {Proceedings of the Eighteenth International Conference on Artificial Intelligence and Statistics},
  pages = 	 {535--543},
  year = 	 {2015},
  editor = 	 {Lebanon, Guy and Vishwanathan, S. V. N.},
  volume = 	 {38},
  series = 	 {Proceedings of Machine Learning Research},
  address = 	 {San Diego, California, USA},
  month = 	 {09--12 May},
  publisher =    {PMLR}
}




@article{chvatal1979greedy,
  title={A greedy heuristic for the set-covering problem},
  author={Chvatal, Vasek},
  journal={Mathematics of operations research},
  volume={4},
  number={3},
  pages={233--235},
  year={1979},
  publisher={INFORMS}
}



@inproceedings{koolen2010hedging,
  title={Hedging Structured Concepts.},
  author={Koolen, Wouter M and Warmuth, Manfred K and Kivinen, Jyrki and others},
  booktitle={COLT},
  pages={93--105},
  year={2010},
  organization={Citeseer}
}


@article{alon2017nonstochastic,
  title={Nonstochastic multi-armed bandits with graph-structured feedback},
  author={Alon, Noga and Cesa-Bianchi, Nicolo and Gentile, Claudio and Mannor, Shie and Mansour, Yishay and Shamir, Ohad},
  journal={SIAM Journal on Computing},
  volume={46},
  number={6},
  pages={1785--1826},
  year={2017},
  publisher={SIAM}
}


@article{Robbins1952SomeAO,
  title={Some aspects of the sequential design of experiments},
  author={Herbert E. Robbins},
  journal={Bulletin of the American Mathematical Society},
  year={1952},
  volume={58},
  pages={527-535}
}


@inproceedings{kveton2015tight,
  title={Tight regret bounds for stochastic combinatorial semi-bandits},
  author={Kveton, Branislav and Wen, Zheng and Ashkan, Azin and Szepesvari, Csaba},
  booktitle={Artificial Intelligence and Statistics},
  pages={535--543},
  year={2015},
  organization={PMLR}
}

@inproceedings{auer1995gambling,
  title={Gambling in a rigged casino: The adversarial multi-armed bandit problem},
  author={Auer, Peter and Cesa-Bianchi, Nicolo and Freund, Yoav and Schapire, Robert E},
  booktitle={Proceedings of IEEE 36th annual foundations of computer science},
  pages={322--331},
  year={1995},
  organization={IEEE}
}

@article{cesa2012combinatorial,
  title={Combinatorial bandits},
  author={Cesa-Bianchi, Nicolo and Lugosi, G{\'a}bor},
  journal={Journal of Computer and System Sciences},
  volume={78},
  number={5},
  pages={1404--1422},
  year={2012},
  publisher={Elsevier}
}

@inproceedings{chen2013combinatorial,
  title={Combinatorial multi-armed bandit: General framework and applications},
  author={Chen, Wei and Wang, Yajun and Yuan, Yang},
  booktitle={International conference on machine learning},
  pages={151--159},
  year={2013},
  organization={PMLR}
}

@article{mannor2011bandits,
  title={From bandits to experts: On the value of side-observations},
  author={Mannor, Shie and Shamir, Ohad},
  journal={Advances in Neural Information Processing Systems},
  volume={24},
  year={2011}
}

@inproceedings{kocak2023online,
  title={Online learning with feedback graphs: The true shape of regret},
  author={Koc{\'a}k, Tom{\'a}{\v{s}} and Carpentier, Alexandra},
  booktitle={International Conference on Machine Learning},
  pages={17260--17282},
  year={2023},
  organization={PMLR}
}

@article{eldowa2024minimax,
  title={On the minimax regret for online learning with feedback graphs},
  author={Eldowa, Khaled and Esposito, Emmanuel and Cesari, Tom and Cesa-Bianchi, Nicol{\`o}},
  journal={Advances in Neural Information Processing Systems},
  volume={36},
  year={2024}
}

@inproceedings{cohen2016online,
  title={Online learning with feedback graphs without the graphs},
  author={Cohen, Alon and Hazan, Tamir and Koren, Tomer},
  booktitle={International Conference on Machine Learning},
  pages={811--819},
  year={2016},
  organization={PMLR}
}


@inproceedings{wang2017efficient,
  title={Efficient ordered combinatorial semi-bandits for whole-page recommendation},
  author={Wang, Yingfei and Ouyang, Hua and Wang, Chu and Chen, Jianhui and Asamov, Tsvetan and Chang, Yi},
  booktitle={Proceedings of the AAAI Conference on Artificial Intelligence},
  volume={31},
  number={1},
  year={2017}
}

@article{liu2021map,
  title={A map of bandits for e-commerce},
  author={Liu, Yi and Li, Lihong},
  journal={arXiv preprint arXiv:2107.00680},
  year={2021}
}

@inproceedings{avadhanula2021stochastic,
  title={Stochastic bandits for multi-platform budget optimization in online advertising},
  author={Avadhanula, Vashist and Colini Baldeschi, Riccardo and Leonardi, Stefano and Sankararaman, Karthik Abinav and Schrijvers, Okke},
  booktitle={Proceedings of the Web Conference 2021},
  pages={2805--2817},
  year={2021}
}


@article{balseiro2023contextual,
  title={Contextual Bandits with Cross-Learning},
  author={Balseiro, Santiago and Golrezaei, Negin and Mahdian, Mohammad and Mirrokni, Vahab and Schneider, Jon},
  journal={Mathematics of Operations Research},
  volume={48},
  number={3},
  pages={1607--1629},
  year={2023},
  publisher={INFORMS}
}

@inproceedings{lykouris2020feedback,
  title={Feedback graph regret bounds for Thompson sampling and UCB},
  author={Lykouris, Thodoris and Tardos, Eva and Wali, Drishti},
  booktitle={Algorithmic Learning Theory},
  pages={592--614},
  year={2020},
  organization={PMLR}
}

@article{even2006action,
  title={Action elimination and stopping conditions for the multi-armed bandit and reinforcement learning problems.},
  author={Even-Dar, Eyal and Mannor, Shie and Mansour, Yishay and Mahadevan, Sridhar},
  journal={Journal of machine learning research},
  volume={7},
  number={6},
  year={2006}
}

@article{gyorgy2007line,
  title={The On-Line Shortest Path Problem Under Partial Monitoring.},
  author={Gy{\"o}rgy, Andr{\'a}s and Linder, Tam{\'a}s and Lugosi, G{\'a}bor and Ottucs{\'a}k, Gy{\"o}rgy},
  journal={Journal of Machine Learning Research},
  volume={8},
  number={10},
  year={2007}
}


@article{chekuri2009dependent,
  title={Dependent randomized rounding for matroid polytopes and applications},
  author={Chekuri, Chandra and Vondr{\'a}k, Jan and Zenklusen, Rico},
  journal={arXiv preprint arXiv:0909.4348},
  year={2009}
}

@article{gandhi2006dependent,
  title={Dependent rounding and its applications to approximation algorithms},
  author={Gandhi, Rajiv and Khuller, Samir and Parthasarathy, Srinivasan and Srinivasan, Aravind},
  journal={Journal of the ACM (JACM)},
  volume={53},
  number={3},
  pages={324--360},
  year={2006},
  publisher={ACM New York, NY, USA}
}

@article{vondrak2013symmetry,
  title={Symmetry and approximability of submodular maximization problems},
  author={Vondr{\'a}k, Jan},
  journal={SIAM Journal on Computing},
  volume={42},
  number={1},
  pages={265--304},
  year={2013},
  publisher={SIAM}
}