@article{autogpt,
title={AutoGPT: An Autonomous GPT-4 Experiment},
author={Tang, Tao and Li, Zhihui and Chen, Jiangjie and Lin, Mingyu and Zhang, Wei},
journal={arXiv preprint arXiv:2308.08155},
year={2023}
}

@article{chen2024charactereval,
title={CharacterEval: A Comprehensive Benchmark for LLM Role-Playing Consistency},
author={Chen, Xiaoyan and Li, Wei and Zhang, Yicheng and Wang, Shaoliang},
journal={arXiv preprint arXiv:2402.04126},
year={2024}
}

@misc{guo2024stabletoolbench,
      title={StableToolBench: Towards Stable Large-Scale Benchmarking on Tool Learning of Large Language Models},
      author={Guo, Zhicheng and Cheng, Sijie and Wang, Hao and Liang, Shihao and Qin, Yujia and Li, Peng and Liu, Zhiyuan and Sun, Maosong and Liu, Yang},
      year={2024},
      eprint={2403.07714},
      archivePrefix={arXiv},
      primaryClass={cs.CL}
}

@article{hong2024metagpt,
title={MetaGPT: Meta Programming for Multi-Agent Collaborative Framework},
author={Hong, Sirui and Wang, Xiawu and Yang, Mingyu and Guo, Jiale and Chen, Di and Li, Bingchen},
journal={arXiv preprint arXiv:2401.03066},
year={2024}
}

@article{liu2023agentbench,
title={AgentBench: Evaluating LLMs as Agents},
author={Liu, Xiao and Zhou, Hao and Zhang, Zhiheng and Peng, Dian and others},
journal={arXiv preprint arXiv:2308.03688},
year={2023}
}

@article{liu2024workbench,
title={WorkBench: Evaluating Language Models in Real-World Professional Scenarios},
author={Liu, Mingyu and Chen, Jiaxin and Zhang, Wei and Wang, Yue},
journal={arXiv preprint arXiv:2402.05937},
year={2024}
}

@article{shen2023hugginggpt,
title={HuggingGPT: Solving AI Tasks with ChatGPT and its Friends in HuggingFace},
author={Shen, Yongliang and Song, Kaitao and Tan, Xu and Li, Dongsheng and Lu, Weiming and Zhuang, Yueting},
journal={arXiv preprint arXiv:2303.17580},
year={2023}
}

@article{wang2024mobilebench,
title={Mobile-Bench: Can LLMs Serve as Universal Mobile App Agents?},
author={Wang, Jinyang and Li, Zhiyu and Chen, Xuanhe and Zhang, Ming},
journal={arXiv preprint arXiv:2401.12726},
year={2024}
}

@article{yang2024agentquest,
title={AgentQuest: A Multi-Phase Task Planning and Execution Benchmark for Autonomous Agents},
author={Yang, Yifei and Wu, Haoqiang and Zhao, Chen and Liu, Mingzhe and others},
journal={arXiv preprint arXiv:2402.01786},
year={2024}
}

@article{yao2022react,
  title={ReAct: Synergizing reasoning and acting in language models},
  author={Yao, Shinnung and others},
  journal={arXiv preprint arXiv:2210.03629},
  year={2022}
}

@misc{yin2024mmauholisticbenchmarkagent,
      title={MMAU: A Holistic Benchmark of Agent Capabilities Across Diverse Domains}, 
      author={Guoli Yin and Haoping Bai and Shuang Ma and Feng Nan and Yanchao Sun and Zhaoyang Xu and Shen Ma and Jiarui Lu and Xiang Kong and Aonan Zhang and Dian Ang Yap and Yizhe zhang and Karsten Ahnert and Vik Kamath and Mathias Berglund and Dominic Walsh and Tobias Gindele and Juergen Wiest and Zhengfeng Lai and Xiaoming Wang and Jiulong Shan and Meng Cao and Ruoming Pang and Zirui Wang},
      year={2024},
      eprint={2407.18961},
      archivePrefix={arXiv},
      primaryClass={cs.AI},
      url={https://arxiv.org/abs/2407.18961}, 
}

@article{zhang2024omniact,
title={OmniACT: A Dataset and Benchmark for Enabling Multi-Modal Task Completion in Large Language Models},
author={Zhang, Wei and Wu, Junnan and Wang, Tianhao and Hu, Zhihao and others},
journal={arXiv preprint arXiv:2402.00858},
year={2024}
}

@misc{zhou2024tradenhancingllmagents,
      title={TRAD: Enhancing LLM Agents with Step-Wise Thought Retrieval and Aligned Decision}, 
      author={Ruiwen Zhou and Yingxuan Yang and Muning Wen and Ying Wen and Wenhao Wang and Chunling Xi and Guoqiang Xu and Yong Yu and Weinan Zhang},
      year={2024},
      eprint={2403.06221},
      archivePrefix={arXiv},
      primaryClass={cs.AI},
      url={https://arxiv.org/abs/2403.06221}, 
}

