@article{brown2020language,
  title={Language models are few-shot learners},
  author={Brown, Tom B and Mann, Benjamin and Ryder, Nick and others},
  journal={Advances in Neural Information Processing Systems},
  volume={33},
  pages={1877--1901},
  year={2020}
}

@article{touvron2023llama,
  title={LLaMA: Open and efficient foundation language models},
  author={Touvron, Hugo and Lavril, Thibaut and Izacard, Gautier and others},
  journal={arXiv preprint arXiv:2302.13971},
  year={2023}
}

@article{yao2022react,
  title={ReAct: Synergizing reasoning and acting in language models},
  author={Yao, Shinnung and others},
  journal={arXiv preprint arXiv:2210.03629},
  year={2022}
}

@misc{yin2024mmauholisticbenchmarkagent,
      title={MMAU: A Holistic Benchmark of Agent Capabilities Across Diverse Domains}, 
      author={Guoli Yin and Haoping Bai and Shuang Ma and Feng Nan and Yanchao Sun and Zhaoyang Xu and Shen Ma and Jiarui Lu and Xiang Kong and Aonan Zhang and Dian Ang Yap and Yizhe zhang and Karsten Ahnert and Vik Kamath and Mathias Berglund and Dominic Walsh and Tobias Gindele and Juergen Wiest and Zhengfeng Lai and Xiaoming Wang and Jiulong Shan and Meng Cao and Ruoming Pang and Zirui Wang},
      year={2024},
      eprint={2407.18961},
      archivePrefix={arXiv},
      primaryClass={cs.AI},
      url={https://arxiv.org/abs/2407.18961}, 
}


@misc{guo2024stabletoolbench,
      title={StableToolBench: Towards Stable Large-Scale Benchmarking on Tool Learning of Large Language Models},
      author={Guo, Zhicheng and Cheng, Sijie and Wang, Hao and Liang, Shihao and Qin, Yujia and Li, Peng and Liu, Zhiyuan and Sun, Maosong and Liu, Yang},
      year={2024},
      eprint={2403.07714},
      archivePrefix={arXiv},
      primaryClass={cs.CL}
}


@misc{openai2024gpt4technicalreport,
  title={GPT-4 Technical Report}, 
  author={OpenAI, Josh Achi and Steven Adler and Sandhini Agarwal and others},
  year={2024},
  eprint={2303.08774},
  archivePrefix={arXiv},
  primaryClass={cs.CL},
  url={https://arxiv.org/abs/2303.08774}
}

@article{wei2022chain,
title={Chain of Thought Prompting Elicits Reasoning in Large Language Models},
author={Wei, Jason and Wang, Xuezhi and Schuurmans, Dale and Bosma, Maarten and Ichter, Brian and Xia, Fei and Chi, Ed and Le, Quoc and Zhou, Denny},
journal={arXiv preprint arXiv:2201.11903},
year={2022}
}


@article{li2023camel,
title={CAMEL: Communicative Agents for Mind Extraction from Large Scale Language Model Society},
author={Li, Guohao and Hammoud, Hasan and Itani, Hani and Khizbullin, Dmitrii and Ghanem, Bernard},
journal={arXiv preprint arXiv:2303.17760},
year={2023}
}
@article{hong2024metagpt,
title={MetaGPT: Meta Programming for Multi-Agent Collaborative Framework},
author={Hong, Sirui and Wang, Xiawu and Yang, Mingyu and Guo, Jiale and Chen, Di and Li, Bingchen},
journal={arXiv preprint arXiv:2401.03066},
year={2024}
}
@article{autogpt,
title={AutoGPT: An Autonomous GPT-4 Experiment},
author={Tang, Tao and Li, Zhihui and Chen, Jiangjie and Lin, Mingyu and Zhang, Wei},
journal={arXiv preprint arXiv:2308.08155},
year={2023}
}
@article{shen2023hugginggpt,
title={HuggingGPT: Solving AI Tasks with ChatGPT and its Friends in HuggingFace},
author={Shen, Yongliang and Song, Kaitao and Tan, Xu and Li, Dongsheng and Lu, Weiming and Zhuang, Yueting},
journal={arXiv preprint arXiv:2303.17580},
year={2023}
}


@article{wang2023toolllm,
title={ToolLLM: Facilitating Large Language Models to Master 16000+ Real-World APIs},
author={Wang, Yujia and Qin, Yusheng and Li, Haozhe and Zhang, Guan and Li, Xin and others},
journal={arXiv preprint arXiv:2307.16789},
year={2023}
}


@article{liu2023agentbench,
title={AgentBench: Evaluating LLMs as Agents},
author={Liu, Xiao and Zhou, Hao and Zhang, Zhiheng and Peng, Dian and others},
journal={arXiv preprint arXiv:2308.03688},
year={2023}
}
@article{yin2024mmauholisticbenchmark,
title={MMAU: A Holistic Benchmark of Agent Capabilities Across Diverse Domains},
author={Yin, Juncheng and Chen, Jiangjie and Liu, Ziyue and Fu, Shuai and others},
journal={arXiv preprint arXiv:2401.10727},
year={2024}
}
@article{zhang2024omniact,
title={OmniACT: A Dataset and Benchmark for Enabling Multi-Modal Task Completion in Large Language Models},
author={Zhang, Wei and Wu, Junnan and Wang, Tianhao and Hu, Zhihao and others},
journal={arXiv preprint arXiv:2402.00858},
year={2024}
}
@article{yang2024agentquest,
title={AgentQuest: A Multi-Phase Task Planning and Execution Benchmark for Autonomous Agents},
author={Yang, Yifei and Wu, Haoqiang and Zhao, Chen and Liu, Mingzhe and others},
journal={arXiv preprint arXiv:2402.01786},
year={2024}
}
@article{chen2024charactereval,
title={CharacterEval: A Comprehensive Benchmark for LLM Role-Playing Consistency},
author={Chen, Xiaoyan and Li, Wei and Zhang, Yicheng and Wang, Shaoliang},
journal={arXiv preprint arXiv:2402.04126},
year={2024}
}
@article{liu2024workbench,
title={WorkBench: Evaluating Language Models in Real-World Professional Scenarios},
author={Liu, Mingyu and Chen, Jiaxin and Zhang, Wei and Wang, Yue},
journal={arXiv preprint arXiv:2402.05937},
year={2024}
}

@article{wang2024mobilebench,
title={Mobile-Bench: Can LLMs Serve as Universal Mobile App Agents?},
author={Wang, Jinyang and Li, Zhiyu and Chen, Xuanhe and Zhang, Ming},
journal={arXiv preprint arXiv:2401.12726},
year={2024}
}

@Inbook{Hart1989,
author="Hart, Sergiu",
editor="Eatwell, John
and Milgate, Murray
and Newman, Peter",
title="Shapley Value",
bookTitle="Game Theory",
year="1989",
publisher="Palgrave Macmillan UK",
address="London",
pages="210--216",
abstract="The value of an uncertain outcome (a `gamble', `lottery', etc.) to a participant is an evaluation, in the participant's utility scale, of the prospective outcomes: It is an a priori measure of what he expects to obtain (this is the subject of `utility theory'). In a similar way, one is interested in evaluating a game; that is, measuring the value of each player in the game.",
isbn="978-1-349-20181-5",
doi="10.1007/978-1-349-20181-5_25",
url="https://doi.org/10.1007/978-1-349-20181-5_25"
}

@misc{yao2023webshopscalablerealworldweb,
      title={WebShop: Towards Scalable Real-World Web Interaction with Grounded Language Agents}, 
      author={Shunyu Yao and Howard Chen and John Yang and Karthik Narasimhan},
      year={2023},
      eprint={2207.01206},
      archivePrefix={arXiv},
      primaryClass={cs.CL},
      url={https://arxiv.org/abs/2207.01206}, 
}

@article{lin2023decision,
  title={Decision-Oriented Dialogue for Human-AI Collaboration},
  author={Lin, Jessy and Tomlin, Nicholas and Andreas, Jacob and Eisner, Jason},
  journal={Transactions of the Association for Computational Linguistics},
  year={2024}
}


@misc{mandi2023rocodialecticmultirobotcollaboration,
      title={RoCo: Dialectic Multi-Robot Collaboration with Large Language Models}, 
      author={Zhao Mandi and Shreeya Jain and Shuran Song},
      year={2023},
      eprint={2307.04738},
      archivePrefix={arXiv},
      primaryClass={cs.RO},
      url={https://arxiv.org/abs/2307.04738}, 
}


@article{hendrycksmath2021,
    title={Measuring Mathematical Problem Solving With the MATH Dataset},
    author={Dan Hendrycks and Collin Burns and Saurav Kadavath and Akul Arora and Steven Basart and Eric Tang and Dawn Song and Jacob Steinhardt},
    journal={NeurIPS},
    year={2021}
}

@misc{learnGitBranching,
  author = {{The learnGitBranching Team}},
  title = {Learn Git Branching},
  howpublished = {\url{https://learngitbranching.js.org//}},
}




@misc{coq,
  author = {{The Coq Development Team}},
  title = {The Coq Proof Assistant},
  howpublished = {\url{https://coq.inria.fr/}},
}

@misc{lean4,
  author = {{The Lean Prover Team}},
  title = {The Lean Theorem Prover},
  howpublished = {\url{https://leanprover.github.io/}},
}

@misc{isabelle3,
  author = {{The Isabelle Team}},
  title = {The Isabelle Theorem Prover},
  howpublished = {\url{https://isabelle.in.tum.de/}},
}

@misc{openai2024gpt4o,
  title={GPT-4o mini},
  author={OpenAI},
  year={2024},
  note={Accessed from OpenAI's developer resources},
  url={https://openai.com/index/gpt-4o-mini-advancing-cost-efficient-intelligence/}
}

@misc{anthropic2024claude35,
  title={Claude 3.5 Sonnet},
  author={Anthropic},
  year={2024},
  note={Accessed from Anthropic's official website},
  url={https://www.unite.ai/claude-3-5-sonnet-redefining-the-frontiers-of-ai-problem-solving/}
}

@misc{google2024gemini,
  title={Gemini 1.5 Pro},
  author={Google DeepMind},
  year={2024},
  note={Accessed from Google AI resources},
  url={https://www.deepmind.com/research/publications}
}

@misc{glm2024,
  title={GLM-4-0520},
  author={Tsinghua University and collaborators},
  year={2024},
  note={Accessed from GLM project's official repository},
  url={https://github.com/THUDM/GLM}
}

@misc{llama2024,
  title={LLaMA 3.1 70B Instruct},
  author={Meta AI},
  year={2024},
  note={Accessed from HuggingFace repository},
  url={https://huggingface.co/meta-llama}
}

@misc{mixtral2024,
  title={Mixtral 8x7B Instruct v0.1},
  author={Mistral AI},
  year={2024},
  note={Accessed from Mistral AI resources},
  url={https://mistral.ai}
}

@misc{qwen2024,
  title={Qwen2.5 32B Instruct},
  author={Alibaba DAMO Academy},
  year={2024},
  note={Accessed from Alibaba DAMO Academy},
  url={https://www.alibabacloud.com/solutions/damo}
}

@misc{mistral2024,
  title={Mistral 8B Instruct v0.2},
  author={Mistral AI},
  year={2024},
  note={Accessed from Mistral AI repository},
  url={https://huggingface.co/mistral}
}

@misc{doubao2024,
  title={Doubao-pro-4k},
  author={Doubao AI},
  year={2024},
  note={Accessed from Doubao AI's GitHub repository},
  url={https://github.com/doubao-ai}
}

@misc{vllm2024,
  title={vLLM: Accelerated serving of large language models},
  author={Xu, Hanxiao and colleagues},
  year={2024},
  note={Efficient inference framework for LLMs},
  url={https://github.com/vllm-project/vllm}
}


@article{zheng2021minif2f,
  title={Minif2f: a cross-system benchmark for formal olympiad-level mathematics},
  author={Zheng, Kunhao and Han, Jesse Michael and Polu, Stanislas},
  journal={arXiv preprint arXiv:2109.00110},
  year={2021}
}

@article{tsoukalas2024putnambench,
  title={Putnambench: Evaluating neural theorem-provers on the putnam mathematical competition},
  author={Tsoukalas, George and Lee, Jasper and Jennings, John and Xin, Jimmy and Ding, Michelle and Jennings, Michael and Thakur, Amitayush and Chaudhuri, Swarat},
  journal={arXiv preprint arXiv:2407.11214},
  year={2024}
}

@misc{zhou2024tradenhancingllmagents,
      title={TRAD: Enhancing LLM Agents with Step-Wise Thought Retrieval and Aligned Decision}, 
      author={Ruiwen Zhou and Yingxuan Yang and Muning Wen and Ying Wen and Wenhao Wang and Chunling Xi and Guoqiang Xu and Yong Yu and Weinan Zhang},
      year={2024},
      eprint={2403.06221},
      archivePrefix={arXiv},
      primaryClass={cs.AI},
      url={https://arxiv.org/abs/2403.06221}, 
}

@inproceedings{Yang2024LLMbasedMS,
  title={LLM-based Multi-Agent Systems: Techniques and Business Perspectives},
  author={Yingxuan Yang and Qiuying Peng and Jun Wang and Weinan Zhang},
  year={2024},
  url={https://api.semanticscholar.org/CorpusID:274165614}
}


@inproceedings{Guo2024LargeLM,
  title={Large Language Model based Multi-Agents: A Survey of Progress and Challenges},
  author={Taicheng Guo and Xiuying Chen and Yaqi Wang and Ruidi Chang and Shichao Pei and N. Chawla and Olaf Wiest and Xiangliang Zhang},
  booktitle={International Joint Conference on Artificial Intelligence},
  year={2024},
  url={https://api.semanticscholar.org/CorpusID:267412980}
}

@article{Sun2024LLMbasedMR,
  title={LLM-based Multi-Agent Reinforcement Learning: Current and Future Directions},
  author={Chuanneng Sun and Songjun Huang and Dario Pompili},
  journal={ArXiv},
  year={2024},
  volume={abs/2405.11106},
  url={https://api.semanticscholar.org/CorpusID:269921354}
}