@incollection{Bengio+chapter2007,
author = {Bengio, Yoshua and LeCun, Yann},
booktitle = {Large Scale Kernel Machines},
publisher = {MIT Press},
title = {Scaling Learning Algorithms Towards {AI}},
year = {2007}
}

@article{Hinton06,
  title={A Fast Learning Algorithm for Deep Belief Nets},
  author={Hinton, G. E. and Osindero, S. and Teh, Y. W.},
  journal={Neural Computation},
  volume={18},
  pages={1527--1554},
  year={2006}
}


@book{goodfellow2016deep,
  title={Deep Learning},
  author={Goodfellow, I. and Bengio, Y. and Courville, A.},
  volume={1},
  year={2016},
  publisher={MIT Press}
}

@inproceedings{fedformer,
  title={{FEDformer}: Frequency enhanced decomposed transformer for long-term series forecasting},
  author={Zhou, T. and Ma, Z. and Wen, Q. and Wang, X. and Sun, L. and Jin, R.},
  booktitle={Proc. 39th International Conference on Machine Learning (ICML 2022)},
  location={Baltimore, Maryland},
  year={2022}
}  

@inproceedings{autoformer,
  title={Autoformer: Decomposition Transformers with {Auto-Correlation} for Long-Term Series Forecasting},
  author={Wu, H. and Xu, J. and Wang, J. and Long, M.},
  booktitle={Advances in Neural Information Processing Systems (NeurIPS)},
  year={2021}
}

@inproceedings{FreTS,
  title={Frequency-domain {MLP}s are More Effective Learners in Time Series Forecasting},
  author={Yi, K. and Zhang, Q. and Fan, W. and Wang, S. and Wang, P. and He, H. and An, N. and Lian, D. and Cao, L. and Niu, Z.},
  booktitle={Thirty-seventh Conference on Neural Information Processing Systems (NeurIPS)},
  year={2023}
}

@article{Informer,
  title={Expanding the prediction capacity in long sequence time-series forecasting},
  author={Zhou, H. and Li, J. and Zhang, S. and Zhang, S. and Yan, M. and Xiong, H.},
  journal={Artificial Intelligence},
  volume={318},
  pages={103886},
  year={2023}
}

@inproceedings{Reformer,
  title={Reformer: The efficient transformer},
  author={Kitaev, N. and Kaiser, Ł. and Levskaya, A.},
  booktitle={International Conference on Learning Representations (ICLR)},
  year={2020},
  note={arXiv preprint arXiv:2001.04451}
}

@inproceedings{PatchTST,
  title={A Time Series is Worth 64 Words: Long-term Forecasting with Transformers},
  author={Nie, Y. and Nguyen, N. H. and Sinthong, P. and Kalagnanam, J.},
  booktitle={International Conference on Learning Representations (ICLR)},
  year={2023}
}

@inproceedings{TransformerTimeSeries,
  title={Are Transformers Effective for Time Series Forecasting?},
  author={Zeng, A. and Chen, M. and Zhang, L. and Xu, Q.},
  booktitle={Proceedings of the AAAI Conference on Artificial Intelligence (AAAI)},
  year={2023}
}


@article{FrequencyTransformationSurvey,
  title={A Survey on Deep Learning based Time Series Analysis with Frequency Transformation},
  author={Yi, K. and Zhang, Q. and Cao, L. and Wang, S. and Long, G. and Hu, L. and He, H. and Niu, Z. and Fan, W. and Xiong, H.},
  journal={Journal of the ACM},
  volume={37},
  number={4},
  pages={111},
  year={2023},
  publisher={ACM},
  doi={10.1145/XXXXXXX.XXXXXXX}
}

@article{FREQTSFAttention,
  title={FREQTSF: Time Series Forecasting via Simulating Frequency Kramer-Kronig Relations},
  author={Shen, R. and Liu, L. and Wang, B. and Guan, Y. and Yang, Y. and Jiang, J.},
  journal={arXiv preprint arXiv:2407.21275},
  year={2024}
}


@article{AttentionIsAllYouNeed,
  title={Tensor2Tensor for Neural Machine Translation},
  author={Vaswani, A. and Bengio, S. and Brevdo, E. and Chollet, F. and Gomez, A. N. and Gouws, S. and Jones, L. and Kaiser, Ł. and Kalchbrenner, N. and Parmar, N. and Sepassi, R. and Shazeer, N. and Uszkoreit, J.},
  journal={CoRR},
  volume={abs/1803.07416},
  year={2018},
  url={http://arxiv.org/abs/1803.07416}
}


@article{RNNGradientProblem,
  title={On the difficulty of training recurrent neural networks},
  author={Pascanu, R. and Mikolov, T. and Bengio, Y.},
  journal={arXiv preprint arXiv:1211.5063v2},
  year={2013},
  note={Available at: https://arxiv.org/abs/1211.5063}
}


@article{MLPProblem1,
  title={Deep Time Series Models: A Comprehensive Survey and Benchmark},
  author={Zhou, H. and Xu, J. and Zhang, R. and Zhang, Z. and Yang, Y. and Yu, P.},
  journal={arXiv preprint arXiv:2207.01186},
  year={2023}
}

@article{MLPProblem2,
  title={Less Is More: Fast Multivariate Time Series Forecasting with Light Sampling-oriented MLP Structures},
  author={Liu, Yang and Zhang, Zhiwei and Liu, Xiang and Wang, Yingbo and Liu, Haifeng},
  journal={arXiv preprint arXiv:2207.01186},
  year={2022}
}

@inproceedings{FFTOnGPU,
  title={The FFT on a GPU},
  author={Moreland, Kenneth and Angel, Edward},
  booktitle={Graphics Hardware 2003},
  year={2003},
  publisher={Eurographics Association}
}

@book{DFT,
  title={The Discrete Fourier Transform: Theory, Algorithms, and Applications},
  author={Sundararajan, D.},
  year={2001},
  publisher={World Scientific}
}


@article{STFT,
  title={Theory of communication. Part 1: The analysis of information},
  author={Gabor, D.},
  journal={Journal of the Institution of Electrical Engineers-Part III: Radio and Communication Engineering},
  volume={93},
  number={26},
  pages={429--441},
  year={1946},
  publisher={IET}
}


@article{TrackCovid,
  title={An interactive web-based dashboard to track COVID-19 in real time},
  author={Dong, E. and Du, H. and Gardner, L.},
  journal={The Lancet Infectious Diseases},
  volume={20},
  number={5},
  pages={533--534},
  year={2020},
  publisher={Elsevier}
}


@article{TrackWeather,
  title={The Weather Research and Forecasting Model: Overview, System Efforts, and Future Directions},
  author={Skamarock, W. C. and Powers, J. G. and Klemp, J. B. and others},
  journal={Bulletin of the American Meteorological Society},
  volume={98},
  number={8},
  pages={1717--1737},
  year={2017},
  publisher={American Meteorological Society},
  doi={10.1175/BAMS-D-15-00308.1}
}


@article{WaveletModel,
  title={Wave-Mask/Mix: Exploring Wavelet-Based Augmentations for Time Series Forecasting},
  author={Arabi, D. and Bakhshaliyev, J. and Coskuner, A. and Madhusudhanan, K. and Uckardes, K. S.},
  journal={arXiv preprint arXiv:2408.10951},
  year={2024},
  note={Available at: https://arxiv.org/abs/2408.10951}
}


@article{NonStatonariyData1,
  title={Feasibility of spectral domain techniques for the classification of non-stationary signals},
  author={Gokgoz, E. and Subasi, A.},
  journal={Journal of Ambient Intelligence and Humanized Computing},
  year={2014},
  publisher={Springer}
}


@inproceedings{NonStatonariyData2,
  title={Comparison and Application of Time-Frequency Analysis Methods for Nonstationary Signal Processing},
  author={Zhu, Q. and Wang, Y. and Shen, G.},
  booktitle={Advanced Research on Computer Education, Simulation and Modeling. CESM 2011. Communications in Computer and Information Science},
  volume={175},
  pages={362--369},
  year={2011},
  publisher={Springer, Berlin, Heidelberg},
  doi={10.1007/978-3-642-21783-8_47}
}


@article{octonionic1,
  title={Octonionic methods in field theory},
  author={Mironov, V. L. and Mironov, S. V.},
  journal={Journal of Mathematical Physics},
  volume={50},
  number={01},
  pages={012901},
  year={2009},
  publisher={AIP Publishing}
}


@article{octonionic2,
  title={Octonionic quantum mechanics and complex geometry},
  author={De Leo, S. and Abdel-Khalek, K.},
  journal={Progress of Theoretical Physics},
  volume={96},
  number={04},
  pages={823--831},
  year={1996},
  publisher={Progress Theoretical Physics}
}


@article{DeppLearningForPower,
  title={A review on deep learning models for forecasting time series data of solar irradiance and photovoltaic power},
  author={Rajagukguk, R. A. and Ramadhan, R. A. and Lee, H.-J.},
  journal={Energies},
  volume={13},
  number={24},
  pages={6623},
  year={2020},
  publisher={MDPI}
}


@article{DeppLearningForWeather,
  title={Multivariate time series dataset for space weather data analytics},
  author={Angryk, R. A. and Martens, P. C. and Aydin, B. and Kempton, D. and Mahajan, S. S. and Basodi, S. and Ahmadzadeh, A. and Cai, X. and Filali Boubrahimi, S. and Hamdi, S. M.},
  journal={Scientific Data},
  volume={7},
  number={1},
  pages={227},
  year={2020},
  publisher={Nature Publishing Group}
}


@inproceedings{DeppLearningForTraffic,
  title={A review on traffic prediction methods for intelligent transportation system in smart cities},
  author={Chen, X. and Chen, R.},
  booktitle={2019 12th International Congress on Image and Signal Processing, BioMedical Engineering and Informatics (CISP-BMEI)},
  pages={1--5},
  year={2019},
  organization={IEEE}
}


@article{DeppLearningForStocks,
  title={Financial time series forecasting with deep learning: A systematic literature review: 2005--2019},
  author={Sezer, O. B. and Gudelek, M. U. and Ozbayoglu, A. M.},
  journal={Applied Soft Computing},
  volume={90},
  pages={106181},
  year={2020},
  publisher={Elsevier}
}

@article{ARIMA1,
  title={Some recent advances in forecasting and control},
  author={Box, G. E. P. and Jenkins, G. M.},
  journal={Journal of the Royal Statistical Society: Series C (Applied Statistics)},
  volume={17},
  number={2},
  pages={91--109},
  year={1968},
  publisher={Wiley}
}

@article{ARIMA2,
  title={Distribution of residual autocorrelations in autoregressive-integrated moving average time series models},
  author={Box, G. E. P. and Pierce, D. A.},
  journal={Journal of the American Statistical Association},
  volume={65},
  pages={1509--1526},
  year={1970},
  publisher={Taylor \& Francis}
}

@book{Arma,
  title={Time Series Analysis: Forecasting and Control},
  author={Box, G. E. P. and Jenkins, G. M. and Reinsel, G. C.},
  year={1994},
  publisher={Prentice Hall}
}

@techreport{VAR,
  title={Vector Autoregressions and Cointegration},
  author={Watson, M. W.},
  institution={Princeton University}, 
  series={Working Paper Series, Macroeconomic Issues},
  volume={4},
  year={1993}
}


@article{GBRT,
  title={Greedy function approximation: a gradient boosting machine},
  author={Friedman, J. H.},
  journal={Annals of Statistics},
  pages={1189--1232},
  year={2001}
}

@inproceedings{rnn1,
  title={Time series prediction using RNN in multi-dimension embedding phase space},
  author={Zhang, J. and Man, K.-F.},
  booktitle={Proceedings of the IEEE International Conference on Systems, Man, and Cybernetics (SMC)},
  pages={1868--1873},
  year={1998},
  organization={IEEE}
}

@article{rnn2,
  title={Supervised sequence labelling with recurrent neural networks},
  author={Graves, A.},
  journal={Studies in Computational Intelligence},
  volume={385},
  pages={37--45},
  year={2012},
  publisher={Springer}
}

@article{rnn3,
  title={Empirical evaluation of gated recurrent neural networks on sequence modeling},
  author={Chung, J. and Gulcehre, C. and Cho, K. and Bengio, Y.},
  journal={arXiv preprint arXiv:1412.3555},
  year={2014}
}

@article{GRU,
  title={Empirical evaluation of gated recurrent neural networks on sequence modeling},
  author={Chung, J. and G{\"u}l{\c{c}}ehre, C. and Cho, K. and Bengio, Y.},
  journal={CoRR},
  volume={abs/1412.3555},
  year={2014}
}

@article{DeepAR,
  title={DeepAR: Probabilistic forecasting with autoregressive recurrent networks},
  author={Flunkert, V. and Salinas, D. and Gasthaus, J.},
  journal={CoRR},
  volume={abs/1704.04110},
  year={2017}
}

@article{TCN,
  title={An Empirical Evaluation of Generic Convolutional and Recurrent Networks for Sequence Modeling},
  author={Bai, S. and Kolter, J. Z. and Koltun, V.},
  journal={CoRR},
  volume={abs/1803.01271},
  year={2018}
}

@inproceedings{SCINet,
  title={SCINet: Time series modeling and forecasting with sample convolution and interaction},
  author={Liu, M. and Zeng, A. and Chen, M. and Xu, Z. and Lai, Q. and Ma, L. and Xu, Q.},
  booktitle={Advances in Neural Information Processing Systems (NeurIPS)},
  volume={35},
  pages={5816--5828},
  year={2022}
}

@article{liu2022nonstationarytransformer,
  title={Non-stationary transformers: Rethinking the stationarity in time series forecasting},
  author={Liu, Y. and Wu, H. and Wang, J. and Long, M.},
  journal={arXiv preprint arXiv:2205.14415},
  year={2022}
}

@inproceedings{chen2022tamp,
  title={TAMP-S2GCNets: Coupling Time-Aware Multipersistence Knowledge Representation with Spatio-Supra Graph Convolutional Networks for Time-Series Forecasting},
  author={Chen, Y. and Segovia-Dominguez, I. and Coskunuzer, B. and Gel, Y.},
  booktitle={International Conference on Learning Representations (ICLR)},
  year={2022}
}

@inproceedings{bai2020adaptive,
  title={Adaptive graph convolutional recurrent network for traffic forecasting},
  author={Bai, L. and Yao, L. and Li, C. and Wang, X. and Wang, C.},
  booktitle={Advances in Neural Information Processing Systems (NeurIPS)},
  year={2020}
}

@inproceedings{wu2020connecting,
  title={Connecting the dots: Multivariate time series forecasting with graph neural networks},
  author={Wu, Z. and Pan, S. and Long, G. and Jiang, J. and Chang, X. and Zhang, C.},
  booktitle={Proceedings of the 26th ACM SIGKDD International Conference on Knowledge Discovery \& Data Mining (KDD)},
  pages={753--763},
  year={2020}
}

@inproceedings{estformer,
  title={ETSformer: Exponential Smoothing Transformer for Time-Series Forecasting},
  author={Woo, S. and Lee, S. and Kim, J. and Kim, S. and Kim, H. and Jang, W.},
  booktitle={Proceedings of the 38th International Conference on Machine Learning (ICML)},
  year={2022}
}


@inproceedings{voelker2019,
  title={Legendre Memory Units: Continuous-Time Representation in Recurrent Neural Networks},
  author={Voelker, A. and Kaji\'{c}, I. and Eliasmith, C.},
  booktitle={Advances in Neural Information Processing Systems (NeurIPS)},
  year={2019}
}

@inproceedings{zhang2017SFM,
  title={Stock Price Prediction via Discovering Multi-Frequency Trading Patterns},
  author={Zhang, L. and Aggarwal, C. C. and Qi, G.-J.},
  booktitle={Proceedings of the 23rd ACM SIGKDD International Conference on Knowledge Discovery and Data Mining (KDD)},
  pages={2141--2149},
  year={2017}
}

@inproceedings{cao2020stemgnn,
  title={StemGNN: Graph Neural Networks for Multivariate Time Series Forecasting},
  author={Cao, L. and Yi, K. and Hu, L. and Zhang, Q. and Cao, N. and Niu, Z.},
  booktitle={Proceedings of the 37th International Conference on Machine Learning (ICML)},
  year={2020}
}

@inproceedings{yi2022cost,
  title={CoST: A Contrastive Framework for Self-Supervised Time Series Representation Learning},
  author={Yi, K. and Zhang, Q. and Hu, L. and Cao, N. and Niu, Z.},
  booktitle={Advances in Neural Information Processing Systems (NeurIPS)},
  year={2022}
}

@inproceedings{quaternion_classification,
  title={Quaternion Convolutional Neural Networks for Image Classification and Compression},
  author={Parcollet, T. and Morchid, M. and Bousquet, P.-M. and Dufour, R. and Linar{\`e}s, G.},
  booktitle={Proceedings of the IEEE Spoken Language Technology Workshop (SLT)},
  pages={362--368},
  year={2016},
  organization={IEEE}
}

@article{octonion,
  title={Deep Octonion Networks},
  author={Wu, J. and Xu, L. and Kong, Y. and Senhadji, L. and Shu, H.},
  journal={arXiv preprint arXiv:1903.08478},
  year={2019}
}

@inproceedings{sedenion,
  title={Hypercomplex-valued Neural Networks: Applications in Color Image Compression},
  author={Arena, P. and Fortuna, L. and Xibilia, M. G.},
  booktitle={International Conference on Neural Information Processing Systems (NeurIPS)},
  year={1998}
}

@article{quaternion_timeseries,
  title={Quaternion Neural Networks for Time Series Analysis},
  author={Liu, Y. and Zheng, Y. and Lu, J. and Cao, J.},
  journal={IEEE Transactions on Neural Networks and Learning Systems},
  year={2019}
}

@inproceedings{quaternion_compression,
  title={Color Image Compression Based on Quaternion Neural Network Principal Component Analysis},
  author={Luo, L. and Feng, H. and Ding, L.},
  booktitle={2010 International Conference on Multimedia Technology},
  pages={1--4},
  year={2010},
  organization={IEEE}
}

@article{baez2002octonions,
  title={The Octonions},
  author={Baez, J. C.},
  journal={Bulletin of the American Mathematical Society},
  volume={39},
  number={2},
  pages={145--205},
  year={2002},
  publisher={American Mathematical Society},
  eprint={math/0105155},
  archivePrefix={arXiv},
  primaryClass={math.RA}
}

@article{zhou2022film,
  title={FiLM: Frequency improved Legendre Memory Model for Long-term Time Series Forecasting},
  author={Zhou, T. and Ma, Z. and Wen, Q. and Wang, X. and Sun, L. and Yao, T. and Yin, W. and Jin, R.},
  journal={arXiv preprint arXiv:2205.08897},
  year={2022}
}

@article{hamilton1844quaternions,
  title={On Quaternions; or on a new System of Imaginaries in Algebra},
  author={Hamilton, W. R.},
  journal={Proceedings of the Royal Irish Academy},
  year={1844}
}

@techreport{CIFAR,
  title={Learning multiple layers of features from tiny images},
  author={Krizhevsky, A.},
  year={2009},
  institution={University of Toronto},
  type={Technical Report},
  number={TR-2009},
  howpublished={\url{http://www.cs.toronto.edu/~kriz/cifar.html}}
}

@article{KKR1,
  title={On the theory of dispersion of X-rays},
  author={Kronig, R. de L.},
  journal={Journal of the Optical Society of America},
  volume={12},
  number={6},
  pages={547--557},
  year={1926},
  doi={10.1364/JOSA.12.000547},
  publisher={Optical Society of America}
}

@inproceedings{KKR2,
  title={La diffusion de la lumière par les atomes},
  author={Kramers, H. A.},
  booktitle={Atti del Congresso Internazionale dei Fisici, Como},
  volume={2},
  pages={545--557},
  year={1927},
  institution={International Congress of Physicists}
}

@inproceedings{crossformer,
  title={Crossformer: Transformer utilizing cross-dimension dependency for multivariate time series forecasting},
  author={Zhang, Y. and Yan, J.},
  booktitle={The Eleventh International Conference on Learning Representations (ICLR)},
  year={2023}
}

@article{kim2024self,
  title={Are Self-Attentions Effective for Time Series Forecasting?},
  author={Kim, D. and Park, J. and Lee, J. and Kim, H.},
  journal={arXiv preprint arXiv:2405.16877},
  year={2024}
}

@article{finanal_market_stat,
  title={Multiple-Change-Point Detection for Auto-Regressive Conditional Heteroscedastic Processes},
  author={Fryzlewicz, P. and Cho, H.},
  journal={Journal of the Royal Statistical Society: Series B (Statistical Methodology)},
  volume={76},
  number={5},
  pages={903--924},
  year={2014},
  publisher={Oxford University Press},
  doi={10.1111/rssb.12058},
  url={https://academic.oup.com/jrss/article/76/5/903/1745094}
}


@article{speeach_stat,
  title={Comparison of parametric representations for monosyllabic word recognition in continuously spoken sentences},
  author={Davis, S. B. and Mermelstein, P.},
  journal={IEEE Transactions on Acoustics, Speech, and Signal Processing},
  volume={28},
  number={4},
  pages={357--366},
  year={1980},
  publisher={IEEE},
  doi={10.1109/TASSP.1980.1163420},
  url={https://ieeexplore.ieee.org/document/1163420}
}

@article{function_theory_cayley_dickson,
  title={Function Theories in Cayley-Dickson Algebras and Number Theory},
  author={Khmelnytskaya, K. V. and Shapiro, M.},
  journal={Complex Analysis and Operator Theory},
  volume={15},
  number={2},
  pages={1--40},
  year={2021},
  publisher={Springer},
  doi={10.1007/s11785-020-01082-6},
  url={https://www.researchgate.net/publication/349897693_Function_Theories_in_Cayley-Dickson_Algebras_and_Number_Theory}
}

@book{hypercomplex_algebra_kantor,
  title={Hypercomplex Numbers: An Elementary Introduction to Algebras},
  author={Kantor, I. L. and Solodovnikov, A. S.},
  publisher={Springer-Verlag},
  year={1989},
  url={https://archive.org/details/hypercomplexnumb0000kant}
}


@article{pytorch,
  title={Pytorch: An imperative style, high-performance deep learning library},
  author={Paszke, A. and Gross, S. and Massa, F. and Lerer, A. and Bradbury, J. and Chanan, G. and Killeen, T. and Lin, Z. and Gimelshein, N. and Antiga, L. and others},
  journal={Advances in Neural Information Processing Systems (NeurIPS)},
  volume={32},
  year={2019}
}

@article{kingma2014adam,
  title={Adam: A method for stochastic optimization},
  author={Kingma, D. P.},
  journal={arXiv preprint arXiv:1412.6980},
  year={2014}
}

@article{kycia2024hypercomplex,
  title={Hypercomplex Neural Network in Time Series Forecasting of Stock Data},
  author={Kycia, R. and Niemczynowicz, A.},
  journal={arXiv preprint arXiv:2401.04632},
  year={2024}
}

@article{saoud2020metacognitive,
  title={Metacognitive Sedenion-Valued Neural Network and Its Learning Algorithm},
  author={Saoud, L. S. and Al-Marzouqi, H.},
  journal={IEEE Access},
  volume={8},
  pages={144823--144836},
  year={2020},
  doi={10.1109/ACCESS.2020.3014690}
}

@article{bojesomo2024deep,
  title={Deep Hypercomplex Networks for Spatiotemporal Data Processing},
  author={Bojesomo, A. and Al-Marzouqi, H. and Liatsis, P.},
  journal={ResearchGate Preprint},
  year={2024},
  url={https://www.researchgate.net/publication/382365285}
}

@article{oreshkin2019n,
  title={N-BEATS: Neural basis expansion analysis for interpretable time series forecasting},
  author={Oreshkin, B. N. and Carpov, D. and Chapados, N. and Bengio, Y.},
  journal={arXiv preprint arXiv:1905.10437},
  year={2019}
}

@inproceedings{Zeng2022AreTE,
  title={Are Transformers Effective for Time Series Forecasting?},
  author={Zeng, Ailing and Chen, Muxi and Zhang, Lei and Xu, Qiang},
  booktitle={Proceedings of the AAAI Conference on Artificial Intelligence},
  year={2023}
}


@article{STFTTCAN2024,
  title={STFT-TCAN: A TCN-attention based multivariate time series anomaly detection architecture with time-frequency analysis for cyber-industrial systems},
  author={Fei-Fan Tu and Dong-Jie Liu and Zhi-Wei Yan and Xiao-Bo Jin and Guang-Gang Geng},
  journal={Computers \& Security},
  volume={144},
  pages={103961},
  year={2024},
  publisher={Elsevier Advanced Technology},
  doi={10.1016/j.cose.2024.103961}
}

@inproceedings{Zeng2023FromPixels,
  title={From Pixels to Predictions: Spectrogram and Vision Transformer for Better Time Series Forecasting},
  author={Zhen Zeng and Rachneet Kaur and Suchetha Siddagangappa and Tucker Balch and Manuela Veloso},
  booktitle={Proceedings of the 4th ACM International Conference on AI in Finance (ICAIF '23)},
  year={2023},
  address={Brooklyn, NY, USA},
  publisher={ACM},
  doi={10.1145/3604237.3626905}
}
