@article{ARIMA1,
  title={Some recent advances in forecasting and control},
  author={Box, G. E. P. and Jenkins, G. M.},
  journal={Journal of the Royal Statistical Society: Series C (Applied Statistics)},
  volume={17},
  number={2},
  pages={91--109},
  year={1968},
  publisher={Wiley}
}

@article{ARIMA2,
  title={Distribution of residual autocorrelations in autoregressive-integrated moving average time series models},
  author={Box, G. E. P. and Pierce, D. A.},
  journal={Journal of the American Statistical Association},
  volume={65},
  pages={1509--1526},
  year={1970},
  publisher={Taylor \& Francis}
}

@article{FREQTSFAttention,
  title={FREQTSF: Time Series Forecasting via Simulating Frequency Kramer-Kronig Relations},
  author={Shen, R. and Liu, L. and Wang, B. and Guan, Y. and Yang, Y. and Jiang, J.},
  journal={arXiv preprint arXiv:2407.21275},
  year={2024}
}

@inproceedings{FreTS,
  title={Frequency-domain {MLP}s are More Effective Learners in Time Series Forecasting},
  author={Yi, K. and Zhang, Q. and Fan, W. and Wang, S. and Wang, P. and He, H. and An, N. and Lian, D. and Cao, L. and Niu, Z.},
  booktitle={Thirty-seventh Conference on Neural Information Processing Systems (NeurIPS)},
  year={2023}
}

@article{FrequencyTransformationSurvey,
  title={A Survey on Deep Learning based Time Series Analysis with Frequency Transformation},
  author={Yi, K. and Zhang, Q. and Cao, L. and Wang, S. and Long, G. and Hu, L. and He, H. and Niu, Z. and Fan, W. and Xiong, H.},
  journal={Journal of the ACM},
  volume={37},
  number={4},
  pages={111},
  year={2023},
  publisher={ACM},
  doi={10.1145/XXXXXXX.XXXXXXX}
}

@article{Informer,
  title={Expanding the prediction capacity in long sequence time-series forecasting},
  author={Zhou, H. and Li, J. and Zhang, S. and Zhang, S. and Yan, M. and Xiong, H.},
  journal={Artificial Intelligence},
  volume={318},
  pages={103886},
  year={2023}
}

@inproceedings{PatchTST,
  title={A Time Series is Worth 64 Words: Long-term Forecasting with Transformers},
  author={Nie, Y. and Nguyen, N. H. and Sinthong, P. and Kalagnanam, J.},
  booktitle={International Conference on Learning Representations (ICLR)},
  year={2023}
}

@article{RNNGradientProblem,
  title={On the difficulty of training recurrent neural networks},
  author={Pascanu, R. and Mikolov, T. and Bengio, Y.},
  journal={arXiv preprint arXiv:1211.5063v2},
  year={2013},
  note={Available at: https://arxiv.org/abs/1211.5063}
}

@inproceedings{Reformer,
  title={Reformer: The efficient transformer},
  author={Kitaev, N. and Kaiser, ≈Å. and Levskaya, A.},
  booktitle={International Conference on Learning Representations (ICLR)},
  year={2020},
  note={arXiv preprint arXiv:2001.04451}
}

@inproceedings{bai2020adaptive,
  title={Adaptive graph convolutional recurrent network for traffic forecasting},
  author={Bai, L. and Yao, L. and Li, C. and Wang, X. and Wang, C.},
  booktitle={Advances in Neural Information Processing Systems (NeurIPS)},
  year={2020}
}

@inproceedings{cao2020stemgnn,
  title={StemGNN: Graph Neural Networks for Multivariate Time Series Forecasting},
  author={Cao, L. and Yi, K. and Hu, L. and Zhang, Q. and Cao, N. and Niu, Z.},
  booktitle={Proceedings of the 37th International Conference on Machine Learning (ICML)},
  year={2020}
}

@inproceedings{estformer,
  title={ETSformer: Exponential Smoothing Transformer for Time-Series Forecasting},
  author={Woo, S. and Lee, S. and Kim, J. and Kim, S. and Kim, H. and Jang, W.},
  booktitle={Proceedings of the 38th International Conference on Machine Learning (ICML)},
  year={2022}
}

@inproceedings{fedformer,
  title={{FEDformer}: Frequency enhanced decomposed transformer for long-term series forecasting},
  author={Zhou, T. and Ma, Z. and Wen, Q. and Wang, X. and Sun, L. and Jin, R.},
  booktitle={Proc. 39th International Conference on Machine Learning (ICML 2022)},
  location={Baltimore, Maryland},
  year={2022}
}

@article{hamilton1844quaternions,
  title={On Quaternions; or on a new System of Imaginaries in Algebra},
  author={Hamilton, W. R.},
  journal={Proceedings of the Royal Irish Academy},
  year={1844}
}

@article{kycia2024hypercomplex,
  title={Hypercomplex Neural Network in Time Series Forecasting of Stock Data},
  author={Kycia, R. and Niemczynowicz, A.},
  journal={arXiv preprint arXiv:2401.04632},
  year={2024}
}

@inproceedings{quaternion_classification,
  title={Quaternion Convolutional Neural Networks for Image Classification and Compression},
  author={Parcollet, T. and Morchid, M. and Bousquet, P.-M. and Dufour, R. and Linar{\`e}s, G.},
  booktitle={Proceedings of the IEEE Spoken Language Technology Workshop (SLT)},
  pages={362--368},
  year={2016},
  organization={IEEE}
}

@inproceedings{quaternion_compression,
  title={Color Image Compression Based on Quaternion Neural Network Principal Component Analysis},
  author={Luo, L. and Feng, H. and Ding, L.},
  booktitle={2010 International Conference on Multimedia Technology},
  pages={1--4},
  year={2010},
  organization={IEEE}
}

@inproceedings{rnn1,
  title={Time series prediction using RNN in multi-dimension embedding phase space},
  author={Zhang, J. and Man, K.-F.},
  booktitle={Proceedings of the IEEE International Conference on Systems, Man, and Cybernetics (SMC)},
  pages={1868--1873},
  year={1998},
  organization={IEEE}
}

@article{rnn2,
  title={Supervised sequence labelling with recurrent neural networks},
  author={Graves, A.},
  journal={Studies in Computational Intelligence},
  volume={385},
  pages={37--45},
  year={2012},
  publisher={Springer}
}

@article{saoud2020metacognitive,
  title={Metacognitive Sedenion-Valued Neural Network and Its Learning Algorithm},
  author={Saoud, L. S. and Al-Marzouqi, H.},
  journal={IEEE Access},
  volume={8},
  pages={144823--144836},
  year={2020},
  doi={10.1109/ACCESS.2020.3014690}
}

@inproceedings{wu2020connecting,
  title={Connecting the dots: Multivariate time series forecasting with graph neural networks},
  author={Wu, Z. and Pan, S. and Long, G. and Jiang, J. and Chang, X. and Zhang, C.},
  booktitle={Proceedings of the 26th ACM SIGKDD International Conference on Knowledge Discovery \& Data Mining (KDD)},
  pages={753--763},
  year={2020}
}

@inproceedings{zhang2017SFM,
  title={Stock Price Prediction via Discovering Multi-Frequency Trading Patterns},
  author={Zhang, L. and Aggarwal, C. C. and Qi, G.-J.},
  booktitle={Proceedings of the 23rd ACM SIGKDD International Conference on Knowledge Discovery and Data Mining (KDD)},
  pages={2141--2149},
  year={2017}
}

@article{zhou2022film,
  title={FiLM: Frequency improved Legendre Memory Model for Long-term Time Series Forecasting},
  author={Zhou, T. and Ma, Z. and Wen, Q. and Wang, X. and Sun, L. and Yao, T. and Yin, W. and Jin, R.},
  journal={arXiv preprint arXiv:2205.08897},
  year={2022}
}

