@InProceedings{Carmichael_2024_WACV,
    author    = {Carmichael, Zachariah and Lohit, Suhas and Cherian, Anoop and Jones, Michael J. and Scheirer, Walter J.},
    title     = {Pixel-Grounded Prototypical Part Networks},
    booktitle = {Proceedings of the IEEE/CVF Winter Conference on Applications of Computer Vision (WACV)},
    month     = {January},
    year      = {2024},
    pages     = {4768-4779}
}

@InProceedings{Wang_2023_ICCV,
    author    = {Wang, Chong and Liu, Yuyuan and Chen, Yuanhong and Liu, Fengbei and Tian, Yu and McCarthy, Davis and Frazer, Helen and Carneiro, Gustavo},
    title     = {Learning Support and Trivial Prototypes for Interpretable Image Classification},
    booktitle = {Proceedings of the IEEE/CVF International Conference on Computer Vision (ICCV)},
    month     = {October},
    year      = {2023},
    pages     = {2062-2072}
}

@inproceedings{carmichael2024pixel,
  title={Pixel-grounded prototypical part networks},
  author={Carmichael, Zachariah and Lohit, Suhas and Cherian, Anoop and Jones, Michael J and Scheirer, Walter J},
  booktitle={Proceedings of the IEEE/CVF Winter Conference on Applications of Computer Vision},
  pages={4768--4779},
  year={2024}
}

@inproceedings{donnelly2022deformable,
  title={Deformable protopnet: An interpretable image classifier using deformable prototypes},
  author={Donnelly, Jon and Barnett, Alina Jade and Chen, Chaofan},
  booktitle={Proceedings of the IEEE/CVF conference on computer vision and pattern recognition},
  pages={10265--10275},
  year={2022}
}

@article{gautam2022protovae,
  title={Protovae: A trustworthy self-explainable prototypical variational model},
  author={Gautam, Srishti and Boubekki, Ahcene and Hansen, Stine and Salahuddin, Suaiba and Jenssen, Robert and H{\"o}hne, Marina and Kampffmeyer, Michael},
  journal={Advances in Neural Information Processing Systems},
  volume={35},
  pages={17940--17952},
  year={2022}
}

@inproceedings{hesse2023funnybirds,
  title={FunnyBirds: A synthetic vision dataset for a part-based analysis of explainable AI methods},
  author={Hesse, Robin and Schaub-Meyer, Simone and Roth, Stefan},
  booktitle={Proceedings of the IEEE/CVF International Conference on Computer Vision},
  pages={3981--3991},
  year={2023}
}

@article{hoffmann2021looks,
  title={This looks like that... does it? shortcomings of latent space prototype interpretability in deep networks},
  author={Hoffmann, Adrian and Fanconi, Claudio and Rade, Rahul and Kohler, Jonas},
  journal={arXiv preprint arXiv:2105.02968},
  year={2021}
}

@article{hooker2019benchmark,
  title={A benchmark for interpretability methods in deep neural networks},
  author={Hooker, Sara and Erhan, Dumitru and Kindermans, Pieter-Jan and Kim, Been},
  journal={Advances in neural information processing systems},
  volume={32},
  year={2019}
}

@inproceedings{huang2023evaluation,
  title={Evaluation and improvement of interpretability for self-explainable part-prototype networks},
  author={Huang, Qihan and Xue, Mengqi and Huang, Wenqi and Zhang, Haofei and Song, Jie and Jing, Yongcheng and Song, Mingli},
  booktitle={Proceedings of the IEEE/CVF International Conference on Computer Vision},
  pages={2011--2020},
  year={2023}
}

@inproceedings{kim2022hive,
  title={HIVE: Evaluating the Human Interpretability of Visual Explanations},
  author={Kim, Sunnie SY and Meister, Nicole and Ramaswamy, Vikram V and Fong, Ruth and Russakovsky, Olga},
  booktitle={17th European Conference on Computer Vision, ECCV 2022},
  pages={280--298},
  year={2022},
  organization={Springer Science and Business Media Deutschland GmbH}
}

@inproceedings{mainterpretable,
  title={Interpretable Image Classification with Adaptive Prototype-based Vision Transformers},
  author={Ma, Chiyu and Donnelly, Jon and Liu, Wenjun and Vosoughi, Soroush and Rudin, Cynthia and Chen, Chaofan},
  booktitle={The Thirty-eighth Annual Conference on Neural Information Processing Systems},
 year={2024}
}

@inproceedings{nauta2021looks,
  title={This looks like that, because... explaining prototypes for interpretable image recognition},
  author={Nauta, Meike and Jutte, Annemarie and Provoost, Jesper and Seifert, Christin},
  booktitle={Joint European Conference on Machine Learning and Knowledge Discovery in Databases},
  pages={441--456},
  year={2021},
  organization={Springer}
}

@inproceedings{nauta2021neural,
  title={Neural prototype trees for interpretable fine-grained image recognition},
  author={Nauta, Meike and Van Bree, Ron and Seifert, Christin},
  booktitle={Proceedings of the IEEE/CVF conference on computer vision and pattern recognition},
  pages={14933--14943},
  year={2021}
}

@article{nauta2023anecdotal,
  title={From anecdotal evidence to quantitative evaluation methods: A systematic review on evaluating explainable ai},
  author={Nauta, Meike and Trienes, Jan and Pathak, Shreyasi and Nguyen, Elisa and Peters, Michelle and Schmitt, Yasmin and Schl{\"o}tterer, J{\"o}rg and Van Keulen, Maurice and Seifert, Christin},
  journal={ACM Computing Surveys},
  volume={55},
  number={13s},
  pages={1--42},
  year={2023},
  publisher={ACM New York, NY}
}

@inproceedings{nauta2023pip,
  title={Pip-net: Patch-based intuitive prototypes for interpretable image classification},
  author={Nauta, Meike and Schl{\"o}tterer, J{\"o}rg and Van Keulen, Maurice and Seifert, Christin},
  booktitle={Proceedings of the IEEE/CVF Conference on Computer Vision and Pattern Recognition},
  pages={2744--2753},
  year={2023}
}

@inproceedings{oplatek2024revisiting,
  title={Revisiting FunnyBirds evaluation framework for prototypical parts networks},
  author={Op{\l}atek, Szymon and Rymarczyk, Dawid and Zieli{\'n}ski, Bartosz},
  booktitle={World Conference on Explainable Artificial Intelligence},
  pages={57--68},
  year={2024},
  organization={Springer}
}

@inproceedings{protopnet,
 author = {Chen, Chaofan and Li, Oscar and Tao, Daniel and Barnett, Alina and Rudin, Cynthia and Su, Jonathan K},
 booktitle = {Advances in Neural Information Processing Systems},
 editor = {H. Wallach and H. Larochelle and A. Beygelzimer and F. d\textquotesingle Alch\'{e}-Buc and E. Fox and R. Garnett},
 pages = {},
 publisher = {Curran Associates, Inc.},
 title = {This Looks Like That: Deep Learning for Interpretable Image Recognition},
 volume = {32},
 year = {2019}
}

@inproceedings{rymarczyk2021protopshare,
  title={Protopshare: Prototypical parts sharing for similarity discovery in interpretable image classification},
  author={Rymarczyk, Dawid and Struski, {\L}ukasz and Tabor, Jacek and Zieli{\'n}ski, Bartosz},
  booktitle={Proceedings of the 27th ACM SIGKDD Conference on Knowledge Discovery \& Data Mining},
  pages={1420--1430},
  year={2021}
}

@inproceedings{rymarczyk2022interpretable,
  title={Interpretable image classification with differentiable prototypes assignment},
  author={Rymarczyk, Dawid and Struski, {\L}ukasz and G{\'o}rszczak, Micha{\l} and Lewandowska, Koryna and Tabor, Jacek and Zieli{\'n}ski, Bartosz},
  booktitle={European Conference on Computer Vision},
  pages={351--368},
  year={2022},
  organization={Springer}
}

@inproceedings{sacha2024interpretability,
  title={Interpretability benchmark for evaluating spatial misalignment of prototypical parts explanations},
  author={Sacha, Miko{\l}aj and Jura, Bartosz and Rymarczyk, Dawid and Struski, {\L}ukasz and Tabor, Jacek and Zieli{\'n}ski, Bartosz},
  booktitle={Proceedings of the AAAI Conference on Artificial Intelligence},
  volume={38},
  number={19},
  pages={21563--21573},
  year={2024}
}

