@article{metikovs2024right,
  title={The Right to an Explanation in Practice: Insights from Case Law for the GDPR and the AI Act},
  author={Metiko{\v{s}}, Ljubi{\v{s}}a and Ausloos, Jef},
  journal={Forthcoming in Law, Innovation, and Technology},
  volume={17},
  year={2024}
}

@article{reddy2022explainability,
  title={Explainability and artificial intelligence in medicine},
  author={Reddy, Sandeep},
  journal={The Lancet Digital Health},
  volume={4},
  number={4},
  pages={e214--e215},
  year={2022},
  publisher={Elsevier}
}
@article{mengaldo2025explainableaiscientificmethod,
      title={Explainable AI and the Scientific Method: Interpretability-Guided Knowledge Discovery}, 
      author={Gianmarco Mengaldo},
      year={2025},
    journal={arXiv preprint arXiv:2406.10557},
}

@article{lipton2018mythos,
  title={The mythos of model interpretability: In machine learning, the concept of interpretability is both important and slippery.},
  author={Lipton, Zachary C},
  journal={Queue},
  volume={16},
  number={3},
  pages={31--57},
  year={2018},
  publisher={ACM New York, NY, USA}
}

@article{madsen2024interpretability,
  title={Interpretability Needs a New Paradigm},
  author={Madsen, Andreas and Lakkaraju, Himabindu and Reddy, Siva and Chandar, Sarath},
  journal={arXiv preprint arXiv:2405.05386},
  year={2024}
}

@inproceedings{NIPS2017_8a20a862,
 author = {Lundberg, Scott M and Lee, Su-In},
 booktitle = {Advances in Neural Information Processing Systems},
 editor = {I. Guyon and U. Von Luxburg and S. Bengio and H. Wallach and R. Fergus and S. Vishwanathan and R. Garnett},
 pages = {},
 publisher = {Curran Associates, Inc.},
 title = {A Unified Approach to Interpreting Model Predictions},
 volume = {30},
 year = {2017}
}


@article{adebayo2018sanity,
  title={Sanity checks for saliency maps},
  author={Adebayo, Julius and Gilmer, Justin and Muelly, Michael and Goodfellow, Ian and Hardt, Moritz and Kim, Been},
  journal={Advances in neural information processing systems},
  volume={31},
  year={2018}
}

@inproceedings{NEURIPS2018_294a8ed2,
 author = {Adebayo, Julius and Gilmer, Justin and Muelly, Michael and Goodfellow, Ian and Hardt, Moritz and Kim, Been},
 booktitle = {Advances in Neural Information Processing Systems},
 editor = {S. Bengio and H. Wallach and H. Larochelle and K. Grauman and N. Cesa-Bianchi and R. Garnett},
 pages = {},
 publisher = {Curran Associates, Inc.},
 title = {Sanity Checks for Saliency Maps},
 volume = {31},
 year = {2018}
}


@article{turbe2023evaluation,
  title={Evaluation of post-hoc interpretability methods in time-series classification},
  author={Turb{\'e}, Hugues and Bjelogrlic, Mina and Lovis, Christian and Mengaldo, Gianmarco},
  journal={Nature Machine Intelligence},
  volume={5},
  number={3},
  pages={250--260},
  year={2023},
  publisher={Nature Publishing Group UK London}
}

@inproceedings{NEURIPS2019_fe4b8556,
 author = {Hooker, Sara and Erhan, Dumitru and Kindermans, Pieter-Jan and Kim, Been},
 booktitle = {Advances in Neural Information Processing Systems},
 editor = {H. Wallach and H. Larochelle and A. Beygelzimer and F. d\textquotesingle Alch\'{e}-Buc and E. Fox and R. Garnett},
 pages = {},
 publisher = {Curran Associates, Inc.},
 title = {A Benchmark for Interpretability Methods in Deep Neural Networks},
 volume = {32},
 year = {2019}
}


@article{rudin2019stop,
  title={Stop explaining black box machine learning models for high stakes decisions and use interpretable models instead},
  author={Rudin, Cynthia},
  journal={Nature machine intelligence},
  volume={1},
  number={5},
  pages={206--215},
  year={2019},
  publisher={Nature Publishing Group UK London}
}

@inproceedings{sacha2024interpretability,
  title={Interpretability benchmark for evaluating spatial misalignment of prototypical parts explanations},
  author={Sacha, Miko{\l}aj and Jura, Bartosz and Rymarczyk, Dawid and Struski, {\L}ukasz and Tabor, Jacek and Zieli{\'n}ski, Bartosz},
  booktitle={Proceedings of the AAAI Conference on Artificial Intelligence},
  volume={38},
  number={19},
  pages={21563--21573},
  year={2024}
}

@InProceedings{Carmichael_2024_WACV,
    author    = {Carmichael, Zachariah and Lohit, Suhas and Cherian, Anoop and Jones, Michael J. and Scheirer, Walter J.},
    title     = {Pixel-Grounded Prototypical Part Networks},
    booktitle = {Proceedings of the IEEE/CVF Winter Conference on Applications of Computer Vision (WACV)},
    month     = {January},
    year      = {2024},
    pages     = {4768-4779}
}

@article{hoffmann2021looks,
  title={This looks like that... does it? shortcomings of latent space prototype interpretability in deep networks},
  author={Hoffmann, Adrian and Fanconi, Claudio and Rade, Rahul and Kohler, Jonas},
  journal={arXiv preprint arXiv:2105.02968},
  year={2021}
}

@inproceedings{protopnet,
 author = {Chen, Chaofan and Li, Oscar and Tao, Daniel and Barnett, Alina and Rudin, Cynthia and Su, Jonathan K},
 booktitle = {Advances in Neural Information Processing Systems},
 editor = {H. Wallach and H. Larochelle and A. Beygelzimer and F. d\textquotesingle Alch\'{e}-Buc and E. Fox and R. Garnett},
 pages = {},
 publisher = {Curran Associates, Inc.},
 title = {This Looks Like That: Deep Learning for Interpretable Image Recognition},
 volume = {32},
 year = {2019}
}


@inproceedings{nauta2021looks,
  title={This looks like that, because... explaining prototypes for interpretable image recognition},
  author={Nauta, Meike and Jutte, Annemarie and Provoost, Jesper and Seifert, Christin},
  booktitle={Joint European Conference on Machine Learning and Knowledge Discovery in Databases},
  pages={441--456},
  year={2021},
  organization={Springer}
}

@inproceedings{rymarczyk2021protopshare,
  title={Protopshare: Prototypical parts sharing for similarity discovery in interpretable image classification},
  author={Rymarczyk, Dawid and Struski, {\L}ukasz and Tabor, Jacek and Zieli{\'n}ski, Bartosz},
  booktitle={Proceedings of the 27th ACM SIGKDD Conference on Knowledge Discovery \& Data Mining},
  pages={1420--1430},
  year={2021}
}

@inproceedings{rymarczyk2022interpretable,
  title={Interpretable image classification with differentiable prototypes assignment},
  author={Rymarczyk, Dawid and Struski, {\L}ukasz and G{\'o}rszczak, Micha{\l} and Lewandowska, Koryna and Tabor, Jacek and Zieli{\'n}ski, Bartosz},
  booktitle={European Conference on Computer Vision},
  pages={351--368},
  year={2022},
  organization={Springer}
}

@inproceedings{donnelly2022deformable,
  title={Deformable protopnet: An interpretable image classifier using deformable prototypes},
  author={Donnelly, Jon and Barnett, Alina Jade and Chen, Chaofan},
  booktitle={Proceedings of the IEEE/CVF conference on computer vision and pattern recognition},
  pages={10265--10275},
  year={2022}
}

@InProceedings{Wang_2023_ICCV,
    author    = {Wang, Chong and Liu, Yuyuan and Chen, Yuanhong and Liu, Fengbei and Tian, Yu and McCarthy, Davis and Frazer, Helen and Carneiro, Gustavo},
    title     = {Learning Support and Trivial Prototypes for Interpretable Image Classification},
    booktitle = {Proceedings of the IEEE/CVF International Conference on Computer Vision (ICCV)},
    month     = {October},
    year      = {2023},
    pages     = {2062-2072}
}

@inproceedings{nauta2021neural,
  title={Neural prototype trees for interpretable fine-grained image recognition},
  author={Nauta, Meike and Van Bree, Ron and Seifert, Christin},
  booktitle={Proceedings of the IEEE/CVF conference on computer vision and pattern recognition},
  pages={14933--14943},
  year={2021}
}

@inproceedings{nauta2023pip,
  title={Pip-net: Patch-based intuitive prototypes for interpretable image classification},
  author={Nauta, Meike and Schl{\"o}tterer, J{\"o}rg and Van Keulen, Maurice and Seifert, Christin},
  booktitle={Proceedings of the IEEE/CVF Conference on Computer Vision and Pattern Recognition},
  pages={2744--2753},
  year={2023}
}

@inproceedings{mainterpretable,
  title={Interpretable Image Classification with Adaptive Prototype-based Vision Transformers},
  author={Ma, Chiyu and Donnelly, Jon and Liu, Wenjun and Vosoughi, Soroush and Rudin, Cynthia and Chen, Chaofan},
  booktitle={The Thirty-eighth Annual Conference on Neural Information Processing Systems},
 year={2024}
}

@inproceedings{kim2022hive,
  title={HIVE: Evaluating the Human Interpretability of Visual Explanations},
  author={Kim, Sunnie SY and Meister, Nicole and Ramaswamy, Vikram V and Fong, Ruth and Russakovsky, Olga},
  booktitle={17th European Conference on Computer Vision, ECCV 2022},
  pages={280--298},
  year={2022},
  organization={Springer Science and Business Media Deutschland GmbH}
}

@inproceedings{carmichael2024pixel,
  title={Pixel-grounded prototypical part networks},
  author={Carmichael, Zachariah and Lohit, Suhas and Cherian, Anoop and Jones, Michael J and Scheirer, Walter J},
  booktitle={Proceedings of the IEEE/CVF Winter Conference on Applications of Computer Vision},
  pages={4768--4779},
  year={2024}
}

@inproceedings{huang2023evaluation,
  title={Evaluation and improvement of interpretability for self-explainable part-prototype networks},
  author={Huang, Qihan and Xue, Mengqi and Huang, Wenqi and Zhang, Haofei and Song, Jie and Jing, Yongcheng and Song, Mingli},
  booktitle={Proceedings of the IEEE/CVF International Conference on Computer Vision},
  pages={2011--2020},
  year={2023}
}

@article{gautam2022protovae,
  title={Protovae: A trustworthy self-explainable prototypical variational model},
  author={Gautam, Srishti and Boubekki, Ahcene and Hansen, Stine and Salahuddin, Suaiba and Jenssen, Robert and H{\"o}hne, Marina and Kampffmeyer, Michael},
  journal={Advances in Neural Information Processing Systems},
  volume={35},
  pages={17940--17952},
  year={2022}
}

@article{nauta2023anecdotal,
  title={From anecdotal evidence to quantitative evaluation methods: A systematic review on evaluating explainable ai},
  author={Nauta, Meike and Trienes, Jan and Pathak, Shreyasi and Nguyen, Elisa and Peters, Michelle and Schmitt, Yasmin and Schl{\"o}tterer, J{\"o}rg and Van Keulen, Maurice and Seifert, Christin},
  journal={ACM Computing Surveys},
  volume={55},
  number={13s},
  pages={1--42},
  year={2023},
  publisher={ACM New York, NY}
}

@inproceedings{hesse2023funnybirds,
  title={FunnyBirds: A synthetic vision dataset for a part-based analysis of explainable AI methods},
  author={Hesse, Robin and Schaub-Meyer, Simone and Roth, Stefan},
  booktitle={Proceedings of the IEEE/CVF International Conference on Computer Vision},
  pages={3981--3991},
  year={2023}
}

@article{theves2021learning,
  title={Learning and representation of hierarchical concepts in hippocampus and prefrontal cortex},
  author={Theves, Stephanie and Neville, David A and Fern{\'a}ndez, Guill{\'e}n and Doeller, Christian F},
  journal={Journal of Neuroscience},
  volume={41},
  number={36},
  pages={7675--7686},
  year={2021},
  publisher={Soc Neuroscience}
}

@article{large2006hierarchical,
  title={Hierarchical attention in discriminating objects at different levels of specificity},
  author={Large, Mary-Ellen and McMullen, Patricia A},
  journal={Perception \& psychophysics},
  volume={68},
  pages={845--860},
  year={2006},
  publisher={Springer}
}

@article{oquabdinov2,
  title={DINOv2: Learning Robust Visual Features without Supervision},
  author={Oquab, Maxime and Darcet, Timoth{\'e}e and Moutakanni, Th{\'e}o and Vo, Huy V and Szafraniec, Marc and Khalidov, Vasil and Fernandez, Pierre and HAZIZA, Daniel and Massa, Francisco and El-Nouby, Alaaeldin and others},
  journal={Transactions on Machine Learning Research},
year = {2024},
}

@inproceedings{ranzinger2024radio,
  title={AM-RADIO: Agglomerative Vision Foundation Model Reduce All Domains Into One},
  author={Ranzinger, Mike and Heinrich, Greg and Kautz, Jan and Molchanov, Pavlo},
  booktitle={Proceedings of the IEEE/CVF Conference on Computer Vision and Pattern Recognition},
  pages={12490--12500},
  year={2024}
}

@inproceedings{kirillov2023segment,
  title={Segment anything},
  author={Kirillov, Alexander and Mintun, Eric and Ravi, Nikhila and Mao, Hanzi and Rolland, Chloe and Gustafson, Laura and Xiao, Tete and Whitehead, Spencer and Berg, Alexander C and Lo, Wan-Yen and others},
  booktitle={Proceedings of the IEEE/CVF International Conference on Computer Vision},
  pages={4015--4026},
  year={2023}
}

@article{perez2025exploring,
  title={Exploring scalable medical image encoders beyond text supervision},
  author={P{\'e}rez-Garc{\'\i}a, Fernando and Sharma, Harshita and Bond-Taylor, Sam and Bouzid, Kenza and Salvatelli, Valentina and Ilse, Maximilian and Bannur, Shruthi and Castro, Daniel C and Schwaighofer, Anton and Lungren, Matthew P and others},
  journal={Nature Machine Intelligence},
  pages={1--12},
  year={2025},
  publisher={Nature Publishing Group UK London}
}

@inproceedings{guo2024skysense,
  title={Skysense: A multi-modal remote sensing foundation model towards universal interpretation for earth observation imagery},
  author={Guo, Xin and Lao, Jiangwei and Dang, Bo and Zhang, Yingying and Yu, Lei and Ru, Lixiang and Zhong, Liheng and Huang, Ziyuan and Wu, Kang and Hu, Dingxiang and others},
  booktitle={Proceedings of the IEEE/CVF Conference on Computer Vision and Pattern Recognition},
  pages={27672--27683},
  year={2024}
}

@inproceedings{smooseg,
 author = {Lan, Mengcheng and Wang, Xinjiang and Ke, Yiping and Xu, Jiaxing and Feng, Litong and Zhang, Wayne},
 booktitle = {Advances in Neural Information Processing Systems},
 editor = {A. Oh and T. Naumann and A. Globerson and K. Saenko and M. Hardt and S. Levine},
 pages = {11353--11373},
 publisher = {Curran Associates, Inc.},
 title = {SmooSeg: Smoothness Prior for Unsupervised Semantic Segmentation},
 volume = {36},
 year = {2023}
}


@inproceedings{he2017mask,
  title={Mask r-cnn},
  author={He, Kaiming and Gkioxari, Georgia and Doll{\'a}r, Piotr and Girshick, Ross},
  booktitle={Proceedings of the IEEE international conference on computer vision},
  pages={2961--2969},
  year={2017}
}

@inproceedings{silva2022representation,
  title={Representation learning via consistent assignment of views to clusters},
  author={Silva, Thalles and Rivera, Ad{\'\i}n Ram{\'\i}rez},
  booktitle={Proceedings of the 37th ACM/SIGAPP Symposium on Applied Computing},
  pages={987--994},
  year={2022}
}

@inproceedings{
hamilton2022unsupervised,
title={Unsupervised Semantic Segmentation by Distilling Feature Correspondences},
author={Mark Hamilton and Zhoutong Zhang and Bharath Hariharan and Noah Snavely and William T. Freeman},
booktitle={International Conference on Learning Representations},
year={2022},
}

@inproceedings{kim2024eagle,
  title={EAGLE: Eigen Aggregation Learning for Object-Centric Unsupervised Semantic Segmentation},
  author={Kim, Chanyoung and Han, Woojung and Ju, Dayun and Hwang, Seong Jae},
  booktitle={Proceedings of the IEEE/CVF Conference on Computer Vision and Pattern Recognition},
  pages={3523--3533},
  year={2024}
}

@article{wen2022self,
  title={Self-supervised visual representation learning with semantic grouping},
  author={Wen, Xin and Zhao, Bingchen and Zheng, Anlin and Zhang, Xiangyu and Qi, Xiaojuan},
  journal={Advances in neural information processing systems},
  volume={35},
  pages={16423--16438},
  year={2022}
}

@article{hooker2019benchmark,
  title={A benchmark for interpretability methods in deep neural networks},
  author={Hooker, Sara and Erhan, Dumitru and Kindermans, Pieter-Jan and Kim, Been},
  journal={Advances in neural information processing systems},
  volume={32},
  year={2019}
}

@inproceedings{oplatek2024revisiting,
  title={Revisiting FunnyBirds evaluation framework for prototypical parts networks},
  author={Op{\l}atek, Szymon and Rymarczyk, Dawid and Zieli{\'n}ski, Bartosz},
  booktitle={World Conference on Explainable Artificial Intelligence},
  pages={57--68},
  year={2024},
  organization={Springer}
}
@article{darcet2023vision,
  title={Vision transformers need registers},
  author={Darcet, Timoth{\'e}e and Oquab, Maxime and Mairal, Julien and Bojanowski, Piotr},
  journal={arXiv preprint arXiv:2309.16588},
  year={2023}
}

@inproceedings{yang2019deephoyer,
  title={DeepHoyer: Learning Sparser Neural Network with Differentiable Scale-Invariant Sparsity Measures},
  author={Yang, Huanrui and Wen, Wei and Li, Hai},
  booktitle={International Conference on Learning Representations},
  year={2019}
}

@InProceedings{vit-net,
  title = 	 {{V}i{T}-{N}e{T}: Interpretable Vision Transformers with Neural Tree Decoder},
  author =       {Kim, Sangwon and Nam, Jaeyeal and Ko, Byoung Chul},
  booktitle = 	 {Proceedings of the 39th International Conference on Machine Learning},
  pages = 	 {11162--11172},
  year = 	 {2022},
  editor = 	 {Chaudhuri, Kamalika and Jegelka, Stefanie and Song, Le and Szepesvari, Csaba and Niu, Gang and Sabato, Sivan},
  volume = 	 {162},
  series = 	 {Proceedings of Machine Learning Research},
  month = 	 {17--23 Jul},
  publisher =    {PMLR},
}

@article{wah2011caltech,
  title={The Caltech-UCSD birds-200-2011 Dataset},
  author={Wah, Catherine and Branson, Steve and Welinder, Peter and Perona, Pietro and Belongie, Serge},
  year={2011},
  journal={California Institute of Technology}
}

@inproceedings{krause20133d,
  title={3d object representations for fine-grained categorization},
  author={Krause, Jonathan and Stark, Michael and Deng, Jia and Fei-Fei, Li},
  booktitle={Proceedings of the IEEE international conference on computer vision workshops},
  pages={554--561},
  year={2013}
}

@inproceedings{parkhi2012cats,
  title={Cats and dogs},
  author={Parkhi, Omkar M and Vedaldi, Andrea and Zisserman, Andrew and Jawahar, CV},
  booktitle={2012 IEEE conference on computer vision and pattern recognition},
  pages={3498--3505},
  year={2012},
  organization={IEEE}
}

@article{shih2019augmenting,
  title={Augmenting the national institutes of health chest radiograph dataset with expert annotations of possible pneumonia},
  author={Shih, George and Wu, Carol C and Halabi, Safwan S and Kohli, Marc D and Prevedello, Luciano M and Cook, Tessa S and Sharma, Arjun and Amorosa, Judith K and Arteaga, Veronica and Galperin-Aizenberg, Maya and others},
  journal={Radiology: Artificial Intelligence},
  volume={1},
  number={1},
  pages={e180041},
  year={2019},
  publisher={Radiological Society of North America}
}

@article{cherti2022reproducible,
  title={Reproducible scaling laws for contrastive language-image learning},
  author={Cherti, Mehdi and Beaumont, Romain and Wightman, Ross and Wortsman, Mitchell and Ilharco, Gabriel and Gordon, Cade and Schuhmann, Christoph and Schmidt, Ludwig and Jitsev, Jenia},
  journal={arXiv preprint arXiv:2212.07143},
  year={2022}
}

@article{zeithamova2019brain,
  title={Brain mechanisms of concept learning},
  author={Zeithamova, Dagmar and Mack, Michael L and Braunlich, Kurt and Davis, Tyler and Seger, Carol A and Van Kesteren, Marlieke TR and Wutz, Andreas},
  journal={Journal of Neuroscience},
  volume={39},
  number={42},
  pages={8259--8266},
  year={2019},
  publisher={Soc Neuroscience}
}

@article{xue2022protopformer,
  title={Protopformer: Concentrating on prototypical parts in vision transformers for interpretable image recognition},
  author={Xue, Mengqi and Huang, Qihan and Zhang, Haofei and Cheng, Lechao and Song, Jie and Wu, Minghui and Song, Mingli},
  journal={arXiv preprint arXiv:2208.10431},
  year={2022}
}

@article{scott2017unified,
  title={A unified approach to interpreting model predictions},
  author={Scott, M and Su-In, Lee and others},
  journal={Advances in neural information processing systems},
  volume={30},
  pages={4765--4774},
  year={2017},
  publisher={Curran Associates, Inc}
}

@misc{zenodo,
  author       = {Anonymous},
  title        = {Additional materials},
  year         = 2025,
  note =        {see start of Appendix for url}
}

@article{wei2024revisiting,
  title={Revisiting the robustness of post-hoc interpretability methods},
  author={Wei, Jiawen and Turb{\'e}, Hugues and Mengaldo, Gianmarco},
  journal={arXiv preprint arXiv:2407.19683},
  year={2024}
}