%% This BibTeX bibliography file was created using BibDesk.
%% http://bibdesk.sourceforge.net/
% Encoding: UTF-8
@article{heinrich2016deep,
  title={Deep reinforcement learning from self-play in imperfect-information games},
  author={Heinrich, Johannes and Silver, David},
  journal={arXiv preprint arXiv:1603.01121},
  year={2016}
}
@inproceedings{zhao2022alphaholdem,
  title={AlphaHoldem: High-performance artificial intelligence for heads-up no-limit poker via end-to-end reinforcement learning},
  author={Zhao, Enmin and Yan, Renye and Li, Jinqiu and Li, Kai and Xing, Junliang},
  booktitle={Proceedings of the AAAI Conference on Artificial Intelligence},
  volume={36},
  pages={4689--4697},
  year={2022}
}

@inproceedings{ghory2004reinforcement,
  title={Reinforcement Learning in Board Games},
  author={Imran Ghory and Arthur L. Samuel and Richard S. Sutton and Gerald Tesauro},
  year={2004},
  url={https://api.semanticscholar.org/CorpusID:1068663}
}


@incollection{szita2012reinforcement,
  title={Reinforcement learning in games},
  author={Szita, Istv{\'a}n},
  booktitle={Reinforcement Learning: State-of-the-art},
  pages={539--577},
  year={2012},
  publisher={Springer}
}
@misc{jung2023tripletedgeattentionalgorithmic,
      title={Triplet Edge Attention for Algorithmic Reasoning}, 
      author={Yeonjoon Jung and Sungsoo Ahn},
      year={2023},
      eprint={2312.05611},
      archivePrefix={arXiv},
      primaryClass={cs.LG},
      url={https://arxiv.org/abs/2312.05611}, 
}

@inproceedings{xenou2019deep,
  title={Deep reinforcement learning in strategic board game environments},
  author={Xenou, Konstantia and Chalkiadakis, Georgios and Afantenos, Stergos},
  booktitle={Multi-Agent Systems: 16th European Conference, EUMAS 2018, Bergen, Norway, December 6--7, 2018, Revised Selected Papers 16},
  pages={233--248},
  year={2019},
  organization={Springer}
}
@book{cormen2022clrs, 
    place={Cambridge, Massachusetts}, 
    edition={4th}, 
    title={Introduction to {A}lgorithms}, 
    publisher={The MIT Press}, 
    author={Cormen, Thomas H. and Leiserson, Charles Eric and Rivest, Ronald L. and Stein, Clifford}, 
    year={2022}} 

@article{perolat2022mastering,
  title={Mastering the game of Stratego with model-free multiagent reinforcement learning},
  author={Perolat, Julien and De Vylder, Bart and Hennes, Daniel and Tarassov, Eugene and Strub, Florian and de Boer, Vincent and Muller, Paul and Connor, Jerome T and Burch, Neil and Anthony, Thomas and others},
  journal={Science},
  volume={378},
  number={6623},
  pages={990--996},
  year={2022},
  publisher={American Association for the Advancement of Science}
}


@article{lai2015giraffe,
  title={Giraffe: Using deep reinforcement learning to play chess},
  author={Lai, Matthew},
  journal={arXiv preprint arXiv:1509.01549},
  year={2015}
}
@inproceedings{dahl2001reinforcement,
  title={A reinforcement learning algorithm applied to simplified two-player Texas Hold’em poker},
  author={Dahl, Fredrik A},
  booktitle={European Conference on Machine Learning},
  pages={85--96},
  year={2001},
  organization={Springer}
}
@misc{steinberger2019pokerrl,
    author = {Eric Steinberger},
    title = {PokerRL},
    year = {2019},
    publisher = {GitHub},
    journal = {GitHub repository},
    howpublished = {\url{https://github.com/TinkeringCode/PokerRL}},
}

@article{silver2017mastering,
  title={Mastering chess and shogi by self-play with a general reinforcement learning algorithm},
  author={Silver, David and Hubert, Thomas and Schrittwieser, Julian and Antonoglou, Ioannis and Lai, Matthew and Guez, Arthur and Lanctot, Marc and Sifre, Laurent and Kumaran, Dharshan and Graepel, Thore and others},
  journal={arXiv preprint arXiv:1712.01815},
  year={2017}
}

@article{silver2018general,
  title={A general reinforcement learning algorithm that masters chess, shogi, and Go through self-play},
  author={Silver, David and Hubert, Thomas and Schrittwieser, Julian and Antonoglou, Ioannis and Lai, Matthew and Guez, Arthur and Lanctot, Marc and Sifre, Laurent and Kumaran, Dharshan and Graepel, Thore and others},
  journal={Science},
  volume={362},
  number={6419},
  pages={1140--1144},
  year={2018},
  publisher={American Association for the Advancement of Science}
}

@article{silver2016alphago,
 author = {Silver, David and Huang, Aja and Maddison, Chris J. and Guez, Arthur and Sifre, Laurent and van den Driessche, George and Schrittwieser, Julian and Antonoglou, Ioannis and Panneershelvam, Veda and Lanctot, Marc and Dieleman, Sander and Grewe, Dominik and Nham, John and Kalchbrenner, Nal and Sutskever, Ilya and Lillicrap, Timothy and Leach, Madeleine and Kavukcuoglu, Koray and Graepel, Thore and Hassabis, Demis},
 title = {Mastering the game of Go with deep neural networks and tree search},
 pages = {484--489},
 journal = {Nature},
 publisher = {Nature Research},
 url = {https://doi.org/10.1038/nature16961},
 volume = {529},
 year = {2016}
}

@misc{dai2018learningcombinatorialoptimizationalgorithms,
      title={Learning Combinatorial Optimization Algorithms over Graphs}, 
      author={Hanjun Dai and Elias B. Khalil and Yuyu Zhang and Bistra Dilkina and Le Song},
      year={2018},
      eprint={1704.01665},
      archivePrefix={arXiv},
      primaryClass={cs.LG},
      url={https://arxiv.org/abs/1704.01665}, 
}
@misc{xu2021neuralnetworksextrapolatefeedforward,
      title={How Neural Networks Extrapolate: From Feedforward to Graph Neural Networks}, 
      author={Keyulu Xu and Mozhi Zhang and Jingling Li and Simon S. Du and Ken-ichi Kawarabayashi and Stefanie Jegelka},
      year={2021},
      eprint={2009.11848},
      archivePrefix={arXiv},
      primaryClass={cs.LG},
      url={https://arxiv.org/abs/2009.11848}, 
}

@misc{battaglia2018relationalinductivebiasesdeep,
      title={Relational inductive biases, deep learning, and graph networks}, 
      author={Peter W. Battaglia and Jessica B. Hamrick and Victor Bapst and Alvaro Sanchez-Gonzalez and Vinicius Zambaldi and Mateusz Malinowski and Andrea Tacchetti and David Raposo and Adam Santoro and Ryan Faulkner and Caglar Gulcehre and Francis Song and Andrew Ballard and Justin Gilmer and George Dahl and Ashish Vaswani and Kelsey Allen and Charles Nash and Victoria Langston and Chris Dyer and Nicolas Heess and Daan Wierstra and Pushmeet Kohli and Matt Botvinick and Oriol Vinyals and Yujia Li and Razvan Pascanu},
      year={2018},
      eprint={1806.01261},
      archivePrefix={arXiv},
      primaryClass={cs.LG},
      url={https://arxiv.org/abs/1806.01261}, 
}

@misc{cappart2022combinatorialoptimizationreasoninggraph,
      title={Combinatorial optimization and reasoning with graph neural networks}, 
      author={Quentin Cappart and Didier Chételat and Elias Khalil and Andrea Lodi and Christopher Morris and Petar Veličković},
      year={2022},
      eprint={2102.09544},
      archivePrefix={arXiv},
      primaryClass={cs.LG},
      url={https://arxiv.org/abs/2102.09544}, 
}

@misc{veličković2018graphattentionnetworks,
      title={Graph Attention Networks}, 
      author={Petar Veličković and Guillem Cucurull and Arantxa Casanova and Adriana Romero and Pietro Liò and Yoshua Bengio},
      year={2018},
      eprint={1710.10903},
      archivePrefix={arXiv},
      primaryClass={stat.ML},
      url={https://arxiv.org/abs/1710.10903}, 
}

%Scarscelli et al - taken from google scholar
@article{scarselli2008graph,
  title={The graph neural network model},
  author={Scarselli, Franco and Gori, Marco and Tsoi, Ah Chung and Hagenbuchner, Markus and Monfardini, Gabriele},
  journal={IEEE transactions on neural networks},
  volume={20},
  number={1},
  pages={61--80},
  year={2008},
  publisher={IEEE}
}

@misc{schulman2017,
      title={Proximal Policy Optimization Algorithms}, 
      author={John Schulman and Filip Wolski and Prafulla Dhariwal and Alec Radford and Oleg Klimov},
      year={2017},
      eprint={1707.06347},
      archivePrefix={arXiv},
      primaryClass={cs.LG},
      url={https://arxiv.org/abs/1707.06347}, 
}

@Article{bellemare13arcade,
    author = {{Bellemare}, M.~G. and {Naddaf}, Y. and {Veness}, J. and {Bowling}, M.},
    title = {The Arcade Learning Environment: An Evaluation Platform for General Agents},
    journal = {Journal of Artificial Intelligence Research},
    year = "2013",
    month = "jun",
    volume = "47",
    pages = "253--279",
}

@misc{site:sgt-puzzles, 
    title={Simon Tatham's Portable Puzzle Collection},
    url={https://www.chiark.greenend.org.uk/~sgtatham/puzzles/}, 
    author={Simon Tatham},
    year={2004},
    note={Accessed: 2024-12-04}
} 

@misc{numeroso2023dualalgorithmicreasoning,
      title={Dual Algorithmic Reasoning}, 
      author={Danilo Numeroso and Davide Bacciu and Petar Veličković},
      year={2023},
      eprint={2302.04496},
      archivePrefix={arXiv},
      primaryClass={cs.LG},
      url={https://arxiv.org/abs/2302.04496}, 
}

@misc{ibarz2022generalistneuralalgorithmiclearner,
      title={A Generalist Neural Algorithmic Learner}, 
      author={Borja Ibarz and Vitaly Kurin and George Papamakarios and Kyriacos Nikiforou and Mehdi Bennani and Róbert Csordás and Andrew Dudzik and Matko Bošnjak and Alex Vitvitskyi and Yulia Rubanova and Andreea Deac and Beatrice Bevilacqua and Yaroslav Ganin and Charles Blundell and Petar Veličković},
      year={2022},
      eprint={2209.11142},
      archivePrefix={arXiv},
      primaryClass={cs.LG},
      url={https://arxiv.org/abs/2209.11142}, 
}

@misc{müller2024principledgraphtransformers,
      title={Towards Principled Graph Transformers}, 
      author={Luis Müller and Daniel Kusuma and Blai Bonet and Christopher Morris},
      year={2024},
      eprint={2401.10119},
      archivePrefix={arXiv},
      primaryClass={cs.LG},
      url={https://arxiv.org/abs/2401.10119}, 
}

@misc{bohde2024markovpropertyneuralalgorithmic,
      title={On the Markov Property of Neural Algorithmic Reasoning: Analyses and Methods}, 
      author={Montgomery Bohde and Meng Liu and Alexandra Saxton and Shuiwang Ji},
      year={2024},
      eprint={2403.04929},
      archivePrefix={arXiv},
      primaryClass={cs.LG},
      url={https://arxiv.org/abs/2403.04929}, 
}

@misc{minder2023salsaclrssparsescalablebenchmark,
      title={SALSA-CLRS: A Sparse and Scalable Benchmark for Algorithmic Reasoning}, 
      author={Julian Minder and Florian Grötschla and Joël Mathys and Roger Wattenhofer},
      year={2023},
      eprint={2309.12253},
      archivePrefix={arXiv},
      primaryClass={cs.LG},
      url={https://arxiv.org/abs/2309.12253}, 
}

@misc{schwarzschild2021learnalgorithmgeneralizingeasy,
      title={Can You Learn an Algorithm? Generalizing from Easy to Hard Problems with Recurrent Networks}, 
      author={Avi Schwarzschild and Eitan Borgnia and Arjun Gupta and Furong Huang and Uzi Vishkin and Micah Goldblum and Tom Goldstein},
      year={2021},
      eprint={2106.04537},
      archivePrefix={arXiv},
      primaryClass={cs.LG},
      url={https://arxiv.org/abs/2106.04537}, 
}

@misc{markeeva2024clrstextalgorithmicreasoninglanguage,
      title={The CLRS-Text Algorithmic Reasoning Language Benchmark}, 
      author={Larisa Markeeva and Sean McLeish and Borja Ibarz and Wilfried Bounsi and Olga Kozlova and Alex Vitvitskyi and Charles Blundell and Tom Goldstein and Avi Schwarzschild and Petar Veličković},
      year={2024},
      eprint={2406.04229},
      archivePrefix={arXiv},
      primaryClass={cs.LG},
      url={https://arxiv.org/abs/2406.04229}, 
}

@misc{gcn2017,
      title={Semi-Supervised Classification with Graph Convolutional Networks}, 
      author={Thomas N. Kipf and Max Welling},
      year={2017},
      eprint={1609.02907},
      archivePrefix={arXiv},
      primaryClass={cs.LG},
      url={https://arxiv.org/abs/1609.02907}, 
}


@article{vaswani2023attentionneed,
  title={Attention is all you need},
  author={Ashish Vaswani and Noam Shazeer and Niki Parmar and Jakob Uszkoreit and Llion Jones and Aidan N. Gomez and Lukasz Kaiser and Illia Polosukhin},
  journal={Advances in Neural Information Processing Systems},
  year={2017},
    url={https://arxiv.org/abs/1706.03762},
}


@misc{xu2019powerfulgraphneuralnetworks,
      title={How Powerful are Graph Neural Networks?}, 
      author={Keyulu Xu and Weihua Hu and Jure Leskovec and Stefanie Jegelka},
      year={2019},
      eprint={1810.00826},
      archivePrefix={arXiv},
      primaryClass={cs.LG},
      url={https://arxiv.org/abs/1810.00826}, 
}


@article{Serafini2016,
  title={Logic tensor networks: Deep learning and logical reasoning from data and knowledge},
  author={Serafini, Luciano and Garcez, Artur d’Avila},
  journal={arXiv preprint arXiv:1606.04422},
  year={2016}
}

@inproceedings{Dai2019,
  title={Bridging machine learning and logical reasoning by abductive learning},
  author={Dai, Wang-Zhou and Xu, Qiuling and Yu, Yang and Zhou, Zhi-Hua},
  booktitle={Advances in Neural Information Processing Systems},
  volume={32},
  year={2019}
}

@article{Li2020,
  title={Strong generalization and efficiency in neural programs},
  author={Li, Yujia and Gimeno, Felix and Kohli, Pushmeet and Vinyals, Oriol},
  journal={arXiv preprint arXiv:2007.03629},
  year={2020}
}

@article{Velickovic2021,
  title={Neural algorithmic reasoning},
  author={Velickovic, Petar and Blundell, Charles},
  journal={Patterns},
  volume={2},
  number={7},
  year={2021}
}

@inproceedings{Masry2022,
  title={Chartqa: A benchmark for question answering about charts with visual and logical reasoning},
  author={Masry, Ahmed and Long, Do and Tan, Jia Qing and Joty, Shafiq and Hoque, Enamul},
  booktitle={Findings of the Association for Computational Linguistics: ACL 2022},
  pages={2263--2279},
  year={2022}
}

@inproceedings{Jiao2022,
  title={Merit: Meta-path guided contrastive learning for logical reasoning},
  author={Jiao, Fangkai and Guo, Yangyang and Song, Xuemeng and Nie, Liqiang},
  booktitle={Findings of the Association for Computational Linguistics: ACL 2022},
  pages={3496--3509},
  year={2022}
}

@inproceedings{Bardin2023,
  title={Machine learning and logical reasoning: The new frontier (dagstuhl seminar 22291)},
  author={Bardin, S{\'e}bastien and Jha, Somesh and Ganesh, Vijay},
  booktitle={Dagstuhl Reports},
  volume={12},
  year={2023},
  organization={Schloss Dagstuhl-Leibniz-Zentrum f{\"u}r Informatik}
}

@inproceedings{Li2021,
  title={Isarstep: a benchmark for high-level mathematical reasoning},
  author={Li, Wenda and Yu, Lei and Wu, Yuhuai and Paulson, Lawrence C},
  booktitle={International Conference on Learning Representations},
  year={2021}
}

@inproceedings{Velickovic2022,
  title={The CLRS algorithmic reasoning benchmark},
  author={Velickovic, Petar and Badia, Adri{\`a} Puigdom{\`e}nech and Budden, David and Pascanu, Razvan and Banino, Andrea and Dashevskiy, Misha and Hadsell, Raia and Blundell, Charles},
  booktitle={Proceedings of the 39th International Conference on Machine Learning},
  volume={162},
  pages={22084--22102},
  year={2022},
  organization={PMLR}
}

@article{Srivastava2022,
  title={Beyond the imitation game: Quantifying and extrapolating the capabilities of language models},
  author={Srivastava, Aarohi and Rastogi, Abhinav and Rao, Abhishek and Shoeb, Abu Awal Md and Abid, Abubakar and Fisch, Adam and Brown, Adam R and Santoro, Adam and Gupta, Aditya and Garriga-Alonso, Adri{\`a} and others},
  journal={arXiv preprint arXiv:2206.04615},
  year={2022}
}

@article{Mnih2013,
  title={Playing Atari with deep reinforcement learning},
  author={Mnih, Volodymyr and Kavukcuoglu, Koray and Silver, David and Graves, Alex and Antonoglou, Ioannis and Wierstra, Daan and Riedmiller, Martin A},
  journal={arXiv preprint arXiv:1312.5602},
  year={2013}
}

@article{Silver2018,
  title={A general reinforcement learning algorithm that masters chess, shogi, and go through self-play},
  author={Silver, David and Hubert, Thomas and Schrittwieser, Julian and Antonoglou, Ioannis and Lai, Matthew and Guez, Arthur and Lanctot, Marc and Sifre, Laurent and Kumaran, Dharshan and Graepel, Thore and others},
  journal={Science},
  volume={362},
  number={6419},
  pages={1140--1144},
  year={2018}
}

@inproceedings{Badia2020,
  title={Agent57: Outperforming the atari human benchmark},
  author={Badia, Adri{\`a} Puigdom{\`e}nech and Piot, Bilal and Kapturowski, Steven and Sprechmann, Pablo and Vitvitskyi, Alex and Guo, Zhaohan Daniel and Blundell, Charles},
  booktitle={International conference on machine learning},
  pages={507--517},
  year={2020},
  organization={PMLR}
}

@article{Wurman2022,
  title={Outracing champion gran turismo drivers with deep reinforcement learning},
  author={Wurman, Peter R and Barrett, Samuel and Kawamoto, Kenta and MacGlashan, James and Subramanian, Kaushik and Walsh, Thomas J and Capobianco, Roberto and Devlic, Alisa and Eckert, Franziska and Fuchs, Florian and others},
  journal={Nature},
  volume={602},
  number={7896},
  pages={223--228},
  year={2022}
}

@inproceedings{Kalashnikov2018,
  title={Scalable deep reinforcement learning for vision-based robotic manipulation},
  author={Kalashnikov, Dmitry and Irpan, Alex and Pastor, Peter and Ibarz, Julian and Herzog, Alexander and Jang, Eric and Quillen, Deirdre and Holly, Ethan and Kalakrishnan, Mrinal and Vanhoucke, Vincent and others},
  booktitle={Conference on Robot Learning},
  pages={651--673},
  year={2018},
  organization={PMLR}
}

@article{Kiran2021,
  title={Deep reinforcement learning for autonomous driving: A survey},
  author={Kiran, B Ravi and Sobh, Ibrahim and Talpaert, Victor and Mannion, Patrick and Al Sallab, Ahmad A and Yogamani, Senthil and P{\'e}rez, Patrick},
  journal={IEEE Transactions on Intelligent Transportation Systems},
  volume={23},
  number={6},
  pages={4909--4926},
  year={2021}
}

@inproceedings{Rudin2022,
  title={Learning to walk in minutes using massively parallel deep reinforcement learning},
  author={Rudin, Nikita and Hoeller, David and Reist, Philipp and Hutter, Marco},
  booktitle={Conference on Robot Learning},
  pages={91--100},
  year={2022},
  organization={PMLR}
}

@inproceedings{Rana2023,
  title={Residual skill policies: Learning an adaptable skill-based action space for reinforcement learning for robotics},
  author={Rana, Krishan and Xu, Ming and Tidd, Brendan and Milford, Michael and S{\"u}nderhauf, Niko},
  booktitle={Conference on Robot Learning},
  pages={2095--2104},
  year={2023},
  organization={PMLR}
}

@misc{bonnet2024jumanjidiversesuitescalable,
      title={Jumanji: a Diverse Suite of Scalable Reinforcement Learning Environments in JAX}, 
      author={Clément Bonnet and Daniel Luo and Donal Byrne and Shikha Surana and Sasha Abramowitz and Paul Duckworth and Vincent Coyette and Laurence I. Midgley and Elshadai Tegegn and Tristan Kalloniatis and Omayma Mahjoub and Matthew Macfarlane and Andries P. Smit and Nathan Grinsztajn and Raphael Boige and Cemlyn N. Waters and Mohamed A. Mimouni and Ulrich A. Mbou Sob and Ruan de Kock and Siddarth Singh and Daniel Furelos-Blanco and Victor Le and Arnu Pretorius and Alexandre Laterre},
      year={2024},
      eprint={2306.09884},
      archivePrefix={arXiv},
      primaryClass={cs.LG},
      url={https://arxiv.org/abs/2306.09884}, 
}

@inproceedings{Bellemare2013,
  title={The arcade learning environment: An evaluation platform for general agents},
  author={Bellemare, Marc G and Naddaf, Yavar and Veness, Joel and Bowling, Michael},
  booktitle={Journal of Artificial Intelligence Research},
  volume={47},
  pages={253--279},
  year={2013}
}

@inproceedings{Todorov2012,
  title={MuJoCo: A physics engine for model-based control},
  author={Todorov, Emanuel and Erez, Tom and Tassa, Yuval},
  booktitle={2012 IEEE/RSJ International Conference on Intelligent Robots and Systems},
  pages={5026--5033},
  year={2012},
  organization={IEEE}
}

@article{Tassa2018,
  title={DeepMind Control Suite},
  author={Tassa, Yuval and Doron, Yotam and Muldal, Alistair and Erez, Tom and Li, Yuval and Casas, Diego de and Budden, David and Abdolmaleki, Abbas and Merel, Josh and Lefrancq, Andrew and others},
  journal={arXiv preprint arXiv:1801.00690},
  year={2018}
}


@inproceedings{BenAssayag2020,
  title={Scaling AlphaZero to large board games},
  author={Ben-Assayag, Asaf and Hubara, Itay and Noy, Asaf and Hoffer, Elad and Soudry, Daniel and Shoham, Yuval and others},
  booktitle={arXiv preprint arXiv:2009.08439},
  year={2020}
}

@article{Estermann2024,
  title={PUZZLES: A benchmark for neural algorithmic reasoning},
  author={Estermann, Benjamin and Lanzendörfer, Luca A and Niedermayr, Yannick and Wattenhofer, Roger},
  journal={arXiv preprint arXiv:2407.00401},
  year={2024}
}

@inproceedings{masterthesis,
  title={Train Small - Solve Big: Reinforcement
Learning on Logic Puzzles using Graph
Neural Networks},
  author={Jonas Althaus},
  booktitle={Master Thesis, ETH},

  year={2024}
}

@misc{schulman2017proximalpolicyoptimizationalgorithms,
      title={Proximal Policy Optimization Algorithms}, 
      author={John Schulman and Filip Wolski and Prafulla Dhariwal and Alec Radford and Oleg Klimov},
      year={2017},
      eprint={1707.06347},
      archivePrefix={arXiv},
      primaryClass={cs.LG},
      url={https://arxiv.org/abs/1707.06347}, 
}
@misc{kipf2017semisupervisedclassificationgraphconvolutional,
      title={Semi-Supervised Classification with Graph Convolutional Networks}, 
      author={Thomas N. Kipf and Max Welling},
      year={2017},
      eprint={1609.02907},
      archivePrefix={arXiv},
      primaryClass={cs.LG},
      url={https://arxiv.org/abs/1609.02907}, 
}

@misc{li2020deepergcnneedtraindeeper,
      title={DeeperGCN: All You Need to Train Deeper GCNs}, 
      author={Guohao Li and Chenxin Xiong and Ali Thabet and Bernard Ghanem},
      year={2020},
      eprint={2006.07739},
      archivePrefix={arXiv},
      primaryClass={cs.LG},
      url={https://arxiv.org/abs/2006.07739}, 
}

@misc{abuelhaija2019mixhophigherordergraphconvolutional,
      title={MixHop: Higher-Order Graph Convolutional Architectures via Sparsified Neighborhood Mixing}, 
      author={Sami Abu-El-Haija and Bryan Perozzi and Amol Kapoor and Nazanin Alipourfard and Kristina Lerman and Hrayr Harutyunyan and Greg Ver Steeg and Aram Galstyan},
      year={2019},
      eprint={1905.00067},
      archivePrefix={arXiv},
      primaryClass={cs.LG},
      url={https://arxiv.org/abs/1905.00067}, 
}

@article{Liu_2022,
   title={Non-Local Graph Neural Networks},
   volume={44},
   ISSN={1939-3539},
   url={http://dx.doi.org/10.1109/TPAMI.2021.3134200},
   DOI={10.1109/tpami.2021.3134200},
   number={12},
   journal={IEEE Transactions on Pattern Analysis and Machine Intelligence},
   publisher={Institute of Electrical and Electronics Engineers (IEEE)},
   author={Liu, Meng and Wang, Zhengyang and Ji, Shuiwang},
   year={2022},
   month=dec, pages={10270–10276} }

@misc{anycsp,
      title={One Model, Any CSP: Graph Neural Networks as Fast Global Search Heuristics for Constraint Satisfaction}, 
      author={Jan Tönshoff and Berke Kisin and Jakob Lindner and Martin Grohe},
      year={2022},
      eprint={2208.10227},
      archivePrefix={arXiv},
      primaryClass={cs.AI},
      url={https://arxiv.org/abs/2208.10227}, 
}


@misc{babaeizadeh2017reinforcementlearningasynchronousadvantage,
      title={Reinforcement Learning through Asynchronous Advantage Actor-Critic on a GPU}, 
      author={Mohammad Babaeizadeh and Iuri Frosio and Stephen Tyree and Jason Clemons and Jan Kautz},
      year={2017},
      eprint={1611.06256},
      archivePrefix={arXiv},
      primaryClass={cs.LG},
      url={https://arxiv.org/abs/1611.06256}, 
}

@misc{guo2023advantageactorcriticreasonerexplaining,
      title={Advantage Actor-Critic with Reasoner: Explaining the Agent's Behavior from an Exploratory Perspective}, 
      author={Muzhe Guo and Feixu Yu and Tian Lan and Fang Jin},
      year={2023},
      eprint={2309.04707},
      archivePrefix={arXiv},
      primaryClass={cs.AI},
      url={https://arxiv.org/abs/2309.04707}, 
}

@article{Williams1992,
  author    = {Ronald J. Williams},
  title     = {Simple statistical gradient-following algorithms for connectionist reinforcement learning},
  journal   = {Machine Learning},
  volume    = {8},
  number    = {3-4},
  pages     = {229--256},
  year      = {1992},
  doi       = {10.1007/BF00992696},
  url       = {https://link.springer.com/article/10.1007/BF00992696}
}

@article{Wu_2021,
   title={A Comprehensive Survey on Graph Neural Networks},
   volume={32},
   ISSN={2162-2388},
   url={http://dx.doi.org/10.1109/TNNLS.2020.2978386},
   DOI={10.1109/tnnls.2020.2978386},
   number={1},
   journal={IEEE Transactions on Neural Networks and Learning Systems},
   publisher={Institute of Electrical and Electronics Engineers (IEEE)},
   author={Wu, Zonghan and Pan, Shirui and Chen, Fengwen and Long, Guodong and Zhang, Chengqi and Yu, Philip S.},
   year={2021},
   month=jan, pages={4–24} }

@misc{franco2023deeplearningbasedsurrogatemodels,
      title={Deep Learning-based surrogate models for parametrized PDEs: handling geometric variability through graph neural networks}, 
      author={Nicola Rares Franco and Stefania Fresca and Filippo Tombari and Andrea Manzoni},
      year={2023},
      eprint={2308.01602},
      archivePrefix={arXiv},
      primaryClass={math.NA},
      url={https://arxiv.org/abs/2308.01602}, 
}

@article{abbe2024generalization,
  title={Generalization on the unseen, logic reasoning and degree curriculum},
  author={Abbe, Emmanuel and Bengio, Samy and Lotfi, Aryo and Rizk, Kevin},
  journal={Journal of Machine Learning Research},
  volume={25},
  number={331},
  pages={1--58},
  year={2024}
}

@article{mahdavitowards,
  title={Towards Better Out-of-Distribution Generalization of Neural Algorithmic Reasoning Tasks},
  author={Mahdavi, Sadegh and Swersky, Kevin and Kipf, Thomas and Hashemi, Milad and Thrampoulidis, Christos and Liao, Renjie},
  journal={Transactions on Machine Learning Research},
  year={2023}
}

@article{agarwal2021deep,
  title={Deep Reinforcement Learning at the Edge of the Statistical Precipice},
  author={Agarwal, Rishabh and Schwarzer, Max and Castro, Pablo Samuel
          and Courville, Aaron and Bellemare, Marc G},
  journal={Advances in Neural Information Processing Systems},
  year={2021}
}
