@inproceedings{Velickovic2022,
  title={The CLRS algorithmic reasoning benchmark},
  author={Velickovic, Petar and Badia, Adri{\`a} Puigdom{\`e}nech and Budden, David and Pascanu, Razvan and Banino, Andrea and Dashevskiy, Misha and Hadsell, Raia and Blundell, Charles},
  booktitle={Proceedings of the 39th International Conference on Machine Learning},
  volume={162},
  pages={22084--22102},
  year={2022},
  organization={PMLR}
}

@article{abbe2024generalization,
  title={Generalization on the unseen, logic reasoning and degree curriculum},
  author={Abbe, Emmanuel and Bengio, Samy and Lotfi, Aryo and Rizk, Kevin},
  journal={Journal of Machine Learning Research},
  volume={25},
  number={331},
  pages={1--58},
  year={2024}
}

@misc{anycsp,
      title={One Model, Any CSP: Graph Neural Networks as Fast Global Search Heuristics for Constraint Satisfaction}, 
      author={Jan Tönshoff and Berke Kisin and Jakob Lindner and Martin Grohe},
      year={2022},
      eprint={2208.10227},
      archivePrefix={arXiv},
      primaryClass={cs.AI},
      url={https://arxiv.org/abs/2208.10227}, 
}

@misc{battaglia2018relationalinductivebiasesdeep,
      title={Relational inductive biases, deep learning, and graph networks}, 
      author={Peter W. Battaglia and Jessica B. Hamrick and Victor Bapst and Alvaro Sanchez-Gonzalez and Vinicius Zambaldi and Mateusz Malinowski and Andrea Tacchetti and David Raposo and Adam Santoro and Ryan Faulkner and Caglar Gulcehre and Francis Song and Andrew Ballard and Justin Gilmer and George Dahl and Ashish Vaswani and Kelsey Allen and Charles Nash and Victoria Langston and Chris Dyer and Nicolas Heess and Daan Wierstra and Pushmeet Kohli and Matt Botvinick and Oriol Vinyals and Yujia Li and Razvan Pascanu},
      year={2018},
      eprint={1806.01261},
      archivePrefix={arXiv},
      primaryClass={cs.LG},
      url={https://arxiv.org/abs/1806.01261}, 
}

@misc{bohde2024markovpropertyneuralalgorithmic,
      title={On the Markov Property of Neural Algorithmic Reasoning: Analyses and Methods}, 
      author={Montgomery Bohde and Meng Liu and Alexandra Saxton and Shuiwang Ji},
      year={2024},
      eprint={2403.04929},
      archivePrefix={arXiv},
      primaryClass={cs.LG},
      url={https://arxiv.org/abs/2403.04929}, 
}

@misc{cappart2022combinatorialoptimizationreasoninggraph,
      title={Combinatorial optimization and reasoning with graph neural networks}, 
      author={Quentin Cappart and Didier Chételat and Elias Khalil and Andrea Lodi and Christopher Morris and Petar Veličković},
      year={2022},
      eprint={2102.09544},
      archivePrefix={arXiv},
      primaryClass={cs.LG},
      url={https://arxiv.org/abs/2102.09544}, 
}

@book{cormen2022clrs, 
    place={Cambridge, Massachusetts}, 
    edition={4th}, 
    title={Introduction to {A}lgorithms}, 
    publisher={The MIT Press}, 
    author={Cormen, Thomas H. and Leiserson, Charles Eric and Rivest, Ronald L. and Stein, Clifford}, 
    year={2022}}

@inproceedings{dahl2001reinforcement,
  title={A reinforcement learning algorithm applied to simplified two-player Texas Hold’em poker},
  author={Dahl, Fredrik A},
  booktitle={European Conference on Machine Learning},
  pages={85--96},
  year={2001},
  organization={Springer}
}

@misc{dai2018learningcombinatorialoptimizationalgorithms,
      title={Learning Combinatorial Optimization Algorithms over Graphs}, 
      author={Hanjun Dai and Elias B. Khalil and Yuyu Zhang and Bistra Dilkina and Le Song},
      year={2018},
      eprint={1704.01665},
      archivePrefix={arXiv},
      primaryClass={cs.LG},
      url={https://arxiv.org/abs/1704.01665}, 
}

@inproceedings{ghory2004reinforcement,
  title={Reinforcement Learning in Board Games},
  author={Imran Ghory and Arthur L. Samuel and Richard S. Sutton and Gerald Tesauro},
  year={2004},
  url={https://api.semanticscholar.org/CorpusID:1068663}
}

@article{heinrich2016deep,
  title={Deep reinforcement learning from self-play in imperfect-information games},
  author={Heinrich, Johannes and Silver, David},
  journal={arXiv preprint arXiv:1603.01121},
  year={2016}
}

@misc{ibarz2022generalistneuralalgorithmiclearner,
      title={A Generalist Neural Algorithmic Learner}, 
      author={Borja Ibarz and Vitaly Kurin and George Papamakarios and Kyriacos Nikiforou and Mehdi Bennani and Róbert Csordás and Andrew Dudzik and Matko Bošnjak and Alex Vitvitskyi and Yulia Rubanova and Andreea Deac and Beatrice Bevilacqua and Yaroslav Ganin and Charles Blundell and Petar Veličković},
      year={2022},
      eprint={2209.11142},
      archivePrefix={arXiv},
      primaryClass={cs.LG},
      url={https://arxiv.org/abs/2209.11142}, 
}

@misc{kipf2017semisupervisedclassificationgraphconvolutional,
      title={Semi-Supervised Classification with Graph Convolutional Networks}, 
      author={Thomas N. Kipf and Max Welling},
      year={2017},
      eprint={1609.02907},
      archivePrefix={arXiv},
      primaryClass={cs.LG},
      url={https://arxiv.org/abs/1609.02907}, 
}

@article{lai2015giraffe,
  title={Giraffe: Using deep reinforcement learning to play chess},
  author={Lai, Matthew},
  journal={arXiv preprint arXiv:1509.01549},
  year={2015}
}

@article{mahdavitowards,
  title={Towards Better Out-of-Distribution Generalization of Neural Algorithmic Reasoning Tasks},
  author={Mahdavi, Sadegh and Swersky, Kevin and Kipf, Thomas and Hashemi, Milad and Thrampoulidis, Christos and Liao, Renjie},
  journal={Transactions on Machine Learning Research},
  year={2023}
}

@misc{markeeva2024clrstextalgorithmicreasoninglanguage,
      title={The CLRS-Text Algorithmic Reasoning Language Benchmark}, 
      author={Larisa Markeeva and Sean McLeish and Borja Ibarz and Wilfried Bounsi and Olga Kozlova and Alex Vitvitskyi and Charles Blundell and Tom Goldstein and Avi Schwarzschild and Petar Veličković},
      year={2024},
      eprint={2406.04229},
      archivePrefix={arXiv},
      primaryClass={cs.LG},
      url={https://arxiv.org/abs/2406.04229}, 
}

@misc{minder2023salsaclrssparsescalablebenchmark,
      title={SALSA-CLRS: A Sparse and Scalable Benchmark for Algorithmic Reasoning}, 
      author={Julian Minder and Florian Grötschla and Joël Mathys and Roger Wattenhofer},
      year={2023},
      eprint={2309.12253},
      archivePrefix={arXiv},
      primaryClass={cs.LG},
      url={https://arxiv.org/abs/2309.12253}, 
}

@misc{müller2024principledgraphtransformers,
      title={Towards Principled Graph Transformers}, 
      author={Luis Müller and Daniel Kusuma and Blai Bonet and Christopher Morris},
      year={2024},
      eprint={2401.10119},
      archivePrefix={arXiv},
      primaryClass={cs.LG},
      url={https://arxiv.org/abs/2401.10119}, 
}

@misc{numeroso2023dualalgorithmicreasoning,
      title={Dual Algorithmic Reasoning}, 
      author={Danilo Numeroso and Davide Bacciu and Petar Veličković},
      year={2023},
      eprint={2302.04496},
      archivePrefix={arXiv},
      primaryClass={cs.LG},
      url={https://arxiv.org/abs/2302.04496}, 
}

@article{perolat2022mastering,
  title={Mastering the game of Stratego with model-free multiagent reinforcement learning},
  author={Perolat, Julien and De Vylder, Bart and Hennes, Daniel and Tarassov, Eugene and Strub, Florian and de Boer, Vincent and Muller, Paul and Connor, Jerome T and Burch, Neil and Anthony, Thomas and others},
  journal={Science},
  volume={378},
  number={6623},
  pages={990--996},
  year={2022},
  publisher={American Association for the Advancement of Science}
}

@article{scarselli2008graph,
  title={The graph neural network model},
  author={Scarselli, Franco and Gori, Marco and Tsoi, Ah Chung and Hagenbuchner, Markus and Monfardini, Gabriele},
  journal={IEEE transactions on neural networks},
  volume={20},
  number={1},
  pages={61--80},
  year={2008},
  publisher={IEEE}
}

@misc{schwarzschild2021learnalgorithmgeneralizingeasy,
      title={Can You Learn an Algorithm? Generalizing from Easy to Hard Problems with Recurrent Networks}, 
      author={Avi Schwarzschild and Eitan Borgnia and Arjun Gupta and Furong Huang and Uzi Vishkin and Micah Goldblum and Tom Goldstein},
      year={2021},
      eprint={2106.04537},
      archivePrefix={arXiv},
      primaryClass={cs.LG},
      url={https://arxiv.org/abs/2106.04537}, 
}

@article{silver2016alphago,
 author = {Silver, David and Huang, Aja and Maddison, Chris J. and Guez, Arthur and Sifre, Laurent and van den Driessche, George and Schrittwieser, Julian and Antonoglou, Ioannis and Panneershelvam, Veda and Lanctot, Marc and Dieleman, Sander and Grewe, Dominik and Nham, John and Kalchbrenner, Nal and Sutskever, Ilya and Lillicrap, Timothy and Leach, Madeleine and Kavukcuoglu, Koray and Graepel, Thore and Hassabis, Demis},
 title = {Mastering the game of Go with deep neural networks and tree search},
 pages = {484--489},
 journal = {Nature},
 publisher = {Nature Research},
 url = {https://doi.org/10.1038/nature16961},
 volume = {529},
 year = {2016}
}

@article{silver2017mastering,
  title={Mastering chess and shogi by self-play with a general reinforcement learning algorithm},
  author={Silver, David and Hubert, Thomas and Schrittwieser, Julian and Antonoglou, Ioannis and Lai, Matthew and Guez, Arthur and Lanctot, Marc and Sifre, Laurent and Kumaran, Dharshan and Graepel, Thore and others},
  journal={arXiv preprint arXiv:1712.01815},
  year={2017}
}

@article{silver2018general,
  title={A general reinforcement learning algorithm that masters chess, shogi, and Go through self-play},
  author={Silver, David and Hubert, Thomas and Schrittwieser, Julian and Antonoglou, Ioannis and Lai, Matthew and Guez, Arthur and Lanctot, Marc and Sifre, Laurent and Kumaran, Dharshan and Graepel, Thore and others},
  journal={Science},
  volume={362},
  number={6419},
  pages={1140--1144},
  year={2018},
  publisher={American Association for the Advancement of Science}
}

@misc{steinberger2019pokerrl,
    author = {Eric Steinberger},
    title = {PokerRL},
    year = {2019},
    publisher = {GitHub},
    journal = {GitHub repository},
    howpublished = {\url{https://github.com/TinkeringCode/PokerRL}},
}

@incollection{szita2012reinforcement,
  title={Reinforcement learning in games},
  author={Szita, Istv{\'a}n},
  booktitle={Reinforcement Learning: State-of-the-art},
  pages={539--577},
  year={2012},
  publisher={Springer}
}

@misc{veličković2018graphattentionnetworks,
      title={Graph Attention Networks}, 
      author={Petar Veličković and Guillem Cucurull and Arantxa Casanova and Adriana Romero and Pietro Liò and Yoshua Bengio},
      year={2018},
      eprint={1710.10903},
      archivePrefix={arXiv},
      primaryClass={stat.ML},
      url={https://arxiv.org/abs/1710.10903}, 
}

@inproceedings{xenou2019deep,
  title={Deep reinforcement learning in strategic board game environments},
  author={Xenou, Konstantia and Chalkiadakis, Georgios and Afantenos, Stergos},
  booktitle={Multi-Agent Systems: 16th European Conference, EUMAS 2018, Bergen, Norway, December 6--7, 2018, Revised Selected Papers 16},
  pages={233--248},
  year={2019},
  organization={Springer}
}

@misc{xu2019powerfulgraphneuralnetworks,
      title={How Powerful are Graph Neural Networks?}, 
      author={Keyulu Xu and Weihua Hu and Jure Leskovec and Stefanie Jegelka},
      year={2019},
      eprint={1810.00826},
      archivePrefix={arXiv},
      primaryClass={cs.LG},
      url={https://arxiv.org/abs/1810.00826}, 
}

@misc{xu2021neuralnetworksextrapolatefeedforward,
      title={How Neural Networks Extrapolate: From Feedforward to Graph Neural Networks}, 
      author={Keyulu Xu and Mozhi Zhang and Jingling Li and Simon S. Du and Ken-ichi Kawarabayashi and Stefanie Jegelka},
      year={2021},
      eprint={2009.11848},
      archivePrefix={arXiv},
      primaryClass={cs.LG},
      url={https://arxiv.org/abs/2009.11848}, 
}

@inproceedings{zhao2022alphaholdem,
  title={AlphaHoldem: High-performance artificial intelligence for heads-up no-limit poker via end-to-end reinforcement learning},
  author={Zhao, Enmin and Yan, Renye and Li, Jinqiu and Li, Kai and Xing, Junliang},
  booktitle={Proceedings of the AAAI Conference on Artificial Intelligence},
  volume={36},
  pages={4689--4697},
  year={2022}
}

