@inproceedings{NEURIPS2018_abdeb6f5,
 author = {Lee, Kimin and Lee, Kibok and Lee, Honglak and Shin, Jinwoo},
 booktitle = {Advances in Neural Information Processing Systems},
 editor = {S. Bengio and H. Wallach and H. Larochelle and K. Grauman and N. Cesa-Bianchi and R. Garnett},
 pages = {},
 publisher = {Curran Associates, Inc.},
 title = {A Simple Unified Framework for Detecting Out-of-Distribution Samples and Adversarial Attacks},
 url = {https://proceedings.neurips.cc/paper_files/paper/2018/file/abdeb6f575ac5c6676b747bca8d09cc2-Paper.pdf},
 volume = {31},
 year = {2018}
}

@inproceedings{cohen-etal-2023-lm,title = "{LM} vs {LM}: Detecting Factual Errors via Cross Examination",author = "Cohen, Roi and Hamri, May and Geva, Mor and Globerson, Amir",editor = "Bouamor, Houda and Pino, Juan and Bali, Kalika",booktitle = EMNLP:2023:main,month = dec,year = "2023",address = "Singapore",publisher = acl,url = anth # {2023.emnlp-main.778/},doi = "10.18653/v1/2023.emnlp-main.778",pages = "12621--12640"
}

@inproceedings{fan-etal-2018-hierarchical,title = "Hierarchical Neural Story Generation",author = "Fan, Angela and Lewis, Mike and Dauphin, Yann",editor = "Gurevych, Iryna and Miyao, Yusuke",booktitle = ACL:2018:1,month = jul,year = "2018",address = "Melbourne, Australia",publisher = acl,url = anth # {P18-1082/},doi = "10.18653/v1/P18-1082",pages = "889--898"
}

@article{fomicheva-etal-2020-unsupervised,title = "Unsupervised Quality Estimation for Neural Machine Translation",author = "Fomicheva, Marina and Sun, Shuo and Yankovskaya, Lisa and Blain, Fr{\'e}d{\'e}ric and Guzm{\'a}n, Francisco and Fishel, Mark and Aletras, Nikolaos and Chaudhary, Vishrav and Specia, Lucia",editor = "Johnson, Mark and Roark, Brian and Nenkova, Ani",journal = "Transactions of the Association for Computational Linguistics",volume = "8",year = "2020",address = "Cambridge, MA",publisher = "MIT Press",url = anth # {2020.tacl-1.35/},doi = "10.1162/tacl_a_00330",pages = "539--555"
}

@inproceedings{freitag-etal-2022-results,title = "Results of {WMT}22 Metrics Shared Task: Stop Using {BLEU} {--} Neural Metrics Are Better and More Robust",author = "Freitag, Markus and Rei, Ricardo and Mathur, Nitika and Lo, Chi-kiu and Stewart, Craig and Avramidis, Eleftherios and Kocmi, Tom and Foster, George and Lavie, Alon and Martins, Andr{\'e} F. T.",editor = {Koehn, Philipp and Barrault, Lo{\"i}c and Bojar, Ond{\v{r}}ej and Bougares, Fethi and Chatterjee, Rajen and Costa-juss{\`a}, Marta R. and Federmann, Christian and Fishel, Mark and Fraser, Alexander and Freitag, Markus and Graham, Yvette and Grundkiewicz, Roman and Guzman, Paco and Haddow, Barry and Huck, Matthias and Jimeno Yepes, Antonio and Kocmi, Tom and Martins, Andr{\'e} and Morishita, Makoto and Monz, Christof and Nagata, Masaaki and Nakazawa, Toshiaki and Negri, Matteo and N{\'e}v{\'e}ol, Aur{\'e}lie and Neves, Mariana and Popel, Martin and Turchi, Marco and Zampieri, Marcos},booktitle = WMT:2022:1,month = dec,year = "2022",address = "Abu Dhabi, United Arab Emirates (Hybrid)",publisher = acl,url = anth # {2022.wmt-1.2/},pages = "46--68"
}

@inproceedings{hewitt-etal-2022-truncation,title = "Truncation Sampling as Language Model Desmoothing",author = "Hewitt, John and Manning, Christopher and Liang, Percy",editor = "Goldberg, Yoav and Kozareva, Zornitsa and Zhang, Yue",booktitle = FINDINGS:2022:emnlp,month = dec,year = "2022",address = "Abu Dhabi, United Arab Emirates",publisher = acl,url = anth # {2022.findings-emnlp.249/},doi = "10.18653/v1/2022.findings-emnlp.249",pages = "3414--3427"
}

@inproceedings{holtzmancurious,
  title={The Curious Case of Neural Text Degeneration},
  author={Holtzman, Ari and Buys, Jan and Du, Li and Forbes, Maxwell and Choi, Yejin},
  booktitle={International Conference on Learning Representations}
}

@Book{jm3,
  author =       "Daniel Jurafsky and James H. Martin",
  title =        "Speech and Language Processing: An Introduction to
                 Natural Language Processing, Computational Linguistics,
                 and Speech Recognition with Language Models",
  year =         "2025",
  url = {https://web.stanford.edu/~jurafsky/slp3/},
  note = "Online manuscript released January 12, 2025",
  edition =         "3rd",
  }

@article{kadavath2022language,
  title={Language models (mostly) know what they know},
  author={Kadavath, Saurav and Conerly, Tom and Askell, Amanda and Henighan, Tom and Drain, Dawn and Perez, Ethan and Schiefer, Nicholas and Hatfield-Dodds, Zac and DasSarma, Nova and Tran-Johnson, Eli and others},
  journal={arXiv preprint arXiv:2207.05221},
  year={2022}
}

@article{kuhn2023semantic,
  title={Semantic uncertainty: Linguistic invariances for uncertainty estimation in natural language generation},
  author={Kuhn, Lorenz and Gal, Yarin and Farquhar, Sebastian},
  journal={International Conference on Learning Representations, ICLR},
  year={2023}
}

@inproceedings{li2021confidence,
  title={Confidence estimation for attention-based sequence-to-sequence models for speech recognition},
  author={Li, Qiujia and Qiu, David and Zhang, Yu and Li, Bo and He, Yanzhang and Woodland, Philip C and Cao, Liangliang and Strohman, Trevor},
  booktitle={ICASSP 2021-2021 IEEE International Conference on Acoustics, Speech and Signal Processing (ICASSP)},
  pages={6388--6392},
  year={2021},
  organization={IEEE}
}

@article{malinin2020uncertainty,
  title={Uncertainty estimation in autoregressive structured prediction},
  author={Malinin, Andrey and Gales, Mark},
  journal={International Conference on Learning Representations, ICLR},
  year={2021}
}

@inproceedings{nguyen2015deep,
  title={Deep neural networks are easily fooled: High confidence predictions for unrecognizable images},
  author={Nguyen, Anh and Yosinski, Jason and Clune, Jeff},
  booktitle={Proceedings of the IEEE conference on computer vision and pattern recognition},
  pages={427--436},
  year={2015}
}

@article{nguyen2024turning,
  title={Turning up the heat: Min-p sampling for creative and coherent llm outputs},
  author={Nguyen, Minh and Baker, Andrew and Neo, Clement and Roush, Allen and Kirsch, Andreas and Shwartz-Ziv, Ravid},
  journal={arXiv preprint arXiv:2407.01082},
  year={2024}
}

@inproceedings{rei-etal-2022-cometkiwi,title = "{C}omet{K}iwi: {IST}-Unbabel 2022 Submission for the Quality Estimation Shared Task",author = "Rei, Ricardo and Treviso, Marcos and Guerreiro, Nuno M. and Zerva, Chrysoula and Farinha, Ana C and Maroti, Christine and C. de Souza, Jos{\'e} G. and Glushkova, Taisiya and Alves, Duarte and Coheur, Luisa and Lavie, Alon and Martins, Andr{\'e} F. T.",editor = {Koehn, Philipp and Barrault, Lo{\"i}c and Bojar, Ond{\v{r}}ej and Bougares, Fethi and Chatterjee, Rajen and Costa-juss{\`a}, Marta R. and Federmann, Christian and Fishel, Mark and Fraser, Alexander and Freitag, Markus and Graham, Yvette and Grundkiewicz, Roman and Guzman, Paco and Haddow, Barry and Huck, Matthias and Jimeno Yepes, Antonio and Kocmi, Tom and Martins, Andr{\'e} and Morishita, Makoto and Monz, Christof and Nagata, Masaaki and Nakazawa, Toshiaki and Negri, Matteo and N{\'e}v{\'e}ol, Aur{\'e}lie and Neves, Mariana and Popel, Martin and Turchi, Marco and Zampieri, Marcos},booktitle = WMT:2022:1,month = dec,year = "2022",address = "Abu Dhabi, United Arab Emirates (Hybrid)",publisher = acl,url = anth # {2022.wmt-1.60/},pages = "634--645"
}

@inproceedings{teerapittayanon2016branchynet,
  title={Branchynet: Fast inference via early exiting from deep neural networks},
  author={Teerapittayanon, Surat and McDanel, Bradley and Kung, Hsiang-Tsung},
  booktitle={2016 23rd international conference on pattern recognition (ICPR)},
  pages={2464--2469},
  year={2016},
  organization={IEEE}
}

@inproceedings{xin-etal-2020-deebert,title = "{D}ee{BERT}: Dynamic Early Exiting for Accelerating {BERT} Inference",author = "Xin, Ji and Tang, Raphael and Lee, Jaejun and Yu, Yaoliang and Lin, Jimmy",editor = "Jurafsky, Dan and Chai, Joyce and Schluter, Natalie and Tetreault, Joel",booktitle = ACL:2020:main,month = jul,year = "2020",address = "Online",publisher = acl,url = anth # {2020.acl-main.204/},doi = "10.18653/v1/2020.acl-main.204",pages = "2246--2251"
}

