@article{chen2020big,
  title={Big self-supervised models are strong semi-supervised learners},
  author={Chen, Ting and Kornblith, Simon and Swersky, Kevin and Norouzi, Mohammad and Hinton, Geoffrey E},
  journal={Advances in neural information processing systems},
  volume={33},
  pages={22243--22255},
  year={2020}
}

@inproceedings{ganerasing,
  title={Erasing the Bias: Fine-Tuning Foundation Models for Semi-Supervised Learning},
  author={Gan, Kai and Wei, Tong},
  booktitle={Forty-first International Conference on Machine Learning},
year={2024}
}

@inproceedings{hegselmann2023tabllm,
  title={Tabllm: Few-shot classification of tabular data with large language models},
  author={Hegselmann, Stefan and Buendia, Alejandro and Lang, Hunter and Agrawal, Monica and Jiang, Xiaoyi and Sontag, David},
  booktitle={International Conference on Artificial Intelligence and Statistics},
  pages={5549--5581},
  year={2023},
  organization={PMLR}
}

@inproceedings{laine2022temporal,
  title={Temporal Ensembling for Semi-Supervised Learning},
  author={Laine, Samuli and Aila, Timo},
  booktitle={International Conference on Learning Representations},
  year={2022}
}

@inproceedings{lehman2023we,
  title={Do we still need clinical language models?},
  author={Lehman, Eric and Hernandez, Evan and Mahajan, Diwakar and Wulff, Jonas and Smith, Micah J and Ziegler, Zachary and Nadler, Daniel and Szolovits, Peter and Johnson, Alistair and Alsentzer, Emily},
  booktitle={Conference on health, inference, and learning},
  pages={578--597},
  year={2023},
  organization={PMLR}
}

@inproceedings{li2021comatch,
  title={Comatch: Semi-supervised learning with contrastive graph regularization},
  author={Li, Junnan and Xiong, Caiming and Hoi, Steven CH},
  booktitle={Proceedings of the IEEE/CVF international conference on computer vision},
  pages={9475--9484},
  year={2021}
}

@article{liangholistic,
  title={Holistic Evaluation of Language Models},
  author={Liang, Percy and Bommasani, Rishi and Lee, Tony and Tsipras, Dimitris and Soylu, Dilara and Yasunaga, Michihiro and Zhang, Yian and Narayanan, Deepak and Wu, Yuhuai and Kumar, Ananya and others},
  journal={Transactions on Machine Learning Research},
year={2022}
}

@inproceedings{pham2021meta,
  title={Meta pseudo labels},
  author={Pham, Hieu and Dai, Zihang and Xie, Qizhe and Le, Quoc V},
  booktitle={Proceedings of the IEEE/CVF conference on computer vision and pattern recognition},
  pages={11557--11568},
  year={2021}
}

@inproceedings{rizvedefense,
  title={In Defense of Pseudo-Labeling: An Uncertainty-Aware Pseudo-label Selection Framework for Semi-Supervised Learning},
  author={Rizve, Mamshad Nayeem and Duarte, Kevin and Rawat, Yogesh S and Shah, Mubarak},
  booktitle={International Conference on Learning Representations},
  year={2021}
}

@inproceedings{shi2023rethinking,
  title={Rethinking Semi-supervised Learning with Language Models},
  author={Shi, Zhengxiang and Tonolini, Francesco and Aletras, Nikolaos and Yilmaz, Emine and Kazai, Gabriella and Jiao, Yunlong},
  booktitle={Findings of the Association for Computational Linguistics: ACL 2023},
  pages={5614--5634},
  year={2023}
}

@article{sohn2020fixmatch,
  title={Fixmatch: Simplifying semi-supervised learning with consistency and confidence},
  author={Sohn, Kihyuk and Berthelot, David and Carlini, Nicholas and Zhang, Zizhao and Zhang, Han and Raffel, Colin A and Cubuk, Ekin Dogus and Kurakin, Alexey and Li, Chun-Liang},
  journal={Advances in neural information processing systems},
  volume={33},
  pages={596--608},
  year={2020}
}

@article{tarvainen2017mean,
  title={Mean teachers are better role models: Weight-averaged consistency targets improve semi-supervised deep learning results},
  author={Tarvainen, Antti and Valpola, Harri},
  journal={Advances in neural information processing systems},
  volume={30},
  year={2017}
}

@article{wang2023better,
  title={Better pseudo-label: Joint domain-aware label and dual-classifier for semi-supervised domain generalization},
  author={Wang, Ruiqi and Qi, Lei and Shi, Yinghuan and Gao, Yang},
  journal={Pattern Recognition},
  volume={133},
  pages={108987},
  year={2023},
  publisher={Elsevier}
}

@inproceedings{wortsman2022robust,
  title={Robust fine-tuning of zero-shot models},
  author={Wortsman, Mitchell and Ilharco, Gabriel and Kim, Jong Wook and Li, Mike and Kornblith, Simon and Roelofs, Rebecca and Lopes, Raphael Gontijo and Hajishirzi, Hannaneh and Farhadi, Ali and Namkoong, Hongseok and others},
  booktitle={Proceedings of the IEEE/CVF conference on computer vision and pattern recognition},
  pages={7959--7971},
  year={2022}
}

@article{yang2024knowledge,
  title={Knowledge distillation meets open-set semi-supervised learning},
  author={Yang, Jing and Zhu, Xiatian and Bulat, Adrian and Martinez, Brais and Tzimiropoulos, Georgios},
  journal={International Journal of Computer Vision},
  pages={1--20},
  year={2024},
  publisher={Springer}
}

@article{you2024diffusion,
  title={Diffusion models and semi-supervised learners benefit mutually with few labels},
  author={You, Zebin and Zhong, Yong and Bao, Fan and Sun, Jiacheng and Li, Chongxuan and Zhu, Jun},
  journal={Advances in Neural Information Processing Systems},
  volume={36},
  year={2024}
}

@inproceedings{zhai2019s4l,
  title={S4l: Self-supervised semi-supervised learning},
  author={Zhai, Xiaohua and Oliver, Avital and Kolesnikov, Alexander and Beyer, Lucas},
  booktitle={Proceedings of the IEEE/CVF international conference on computer vision},
  pages={1476--1485},
  year={2019}
}

@article{zhang2021flexmatch,
  title={Flexmatch: Boosting semi-supervised learning with curriculum pseudo labeling},
  author={Zhang, Bowen and Wang, Yidong and Hou, Wenxin and Wu, Hao and Wang, Jindong and Okumura, Manabu and Shinozaki, Takahiro},
  journal={Advances in Neural Information Processing Systems},
  volume={34},
  pages={18408--18419},
  year={2021}
}

@inproceedings{zheng2022simmatch,
  title={Simmatch: Semi-supervised learning with similarity matching},
  author={Zheng, Mingkai and You, Shan and Huang, Lang and Wang, Fei and Qian, Chen and Xu, Chang},
  booktitle={Proceedings of the IEEE/CVF Conference on Computer Vision and Pattern Recognition},
  pages={14471--14481},
  year={2022}
}

@article{zhu2024doubly,
  title={Doubly-Robust Self-Training},
  author={Zhu, Banghua and Ding, Mingyu and Jacobson, Philip and Wu, Ming and Zhan, Wei and Jordan, Michael and Jiao, Jiantao},
  journal={Advances in Neural Information Processing Systems},
  volume={36},
  year={2024}
}

