@inproceedings{vaswani2017attention,
  title        = {Attention Is All You Need},
  author       = {Vaswani, Ashish and Shazeer, Noam and Parmar, Niki and Uszkoreit, Jakob and Jones, Llion and Gomez, Aidan N. and Kaiser, Lukasz and Polosukhin, Illia},
  booktitle    = {Advances in Neural Information Processing Systems},
  volume       = {30},
  year         = {2017}
}
@article{zhang2024locate,
  title={Locate-then-edit for Multi-hop Factual Recall under Knowledge Editing},
  author={Zhang, Zhuoran and Li, Yongxiang and Kan, Zijian and Cheng, Keyuan and Hu, Lijie and Wang, Di},
  journal={arXiv preprint arXiv:2410.06331},
  year={2024}
}
@article{yang2024makes,
  title={What makes your model a low-empathy or warmth person: Exploring the Origins of Personality in LLMs},
  author={Yang, Shu and Zhu, Shenzhe and Bao, Ruoxuan and Liu, Liang and Cheng, Yu and Hu, Lijie and Li, Mengdi and Wang, Di},
  journal={arXiv preprint arXiv:2410.10863},
  year={2024}
}
@article{cheng2024leveraging,
  title={Leveraging logical rules in knowledge editing: A cherry on the top},
  author={Cheng, Keyuan and Ali, Muhammad Asif and Yang, Shu and Lin, Gang and Zhai, Yuxuan and Fei, Haoyang and Xu, Ke and Yu, Lu and Hu, Lijie and Wang, Di},
  journal={arXiv preprint arXiv:2405.15452},
  year={2024}
}
@article{hu2024hopfieldian,
  title={A Hopfieldian View-based Interpretation for Chain-of-Thought Reasoning},
  author={Hu, Lijie and Liu, Liang and Yang, Shu and Chen, Xin and Xiao, Hongru and Li, Mengdi and Zhou, Pan and Ali, Muhammad Asif and Wang, Di},
  journal={arXiv preprint arXiv:2406.12255},
  year={2024}
}
@article{hong2024dissecting,
  title={Dissecting Fine-Tuning Unlearning in Large Language Models},
  author={Hong, Yihuai and Zou, Yuelin and Hu, Lijie and Zeng, Ziqian and Wang, Di and Yang, Haiqin},
  journal={arXiv preprint arXiv:2410.06606},
  year={2024}
}
@inproceedings{devlin2019bert,
  author    = {Devlin, Jacob and Chang, Ming-Wei and Lee, Kenton and Toutanova, Kristina},
  title     = {BERT: Pre-training of Deep Bidirectional Transformers for Language Understanding},
  booktitle = {Proceedings of the 2019 Conference of the North American Chapter of the Association for Computational Linguistics: Human Language Technologies},
  pages     = {4171--4186},
  year      = {2019},
  publisher = {Association for Computational Linguistics},
  address   = {Minneapolis, USA}
}


@article{achiam2023gpt4,
  title   = {{GPT-4 Technical Report}},
  author  = {Achiam, Joshua and Adler, Shya and Agarwal, Sandhini and et al.},
  journal = {arXiv preprint arXiv:2303.08774},
  year    = {2023},
  url     = {https://arxiv.org/abs/2303.08774}
}

@misc{olah2022mechanistic,
  author       = {Chris Olah},
  title        = {Mechanistic Interpretability, Variables, and the Importance of Interpretable Bases},
  howpublished = {\url{https://www.transformer-circuits.pub/2022/mech-interp-essay}},
  year         = {2022}
}

@misc{nanda2023mechanistic,
  author    = {Neel Nanda},
  title     = {Mechanistic Interpretability Quickstart Guide},
  howpublished = {Neel Nandaâ€™s Blog},
  year      = {2023},
  month     = {January},
  note      = {Accessed: 2023-01-26},
}

@inproceedings{meng2022locating,
  title     = {Locating and Editing Factual Associations in GPT},
  author    = {Meng, K. and Bau, D. and Andonian, A. and others},
  booktitle = {Advances in Neural Information Processing Systems},
  volume    = {35},
  pages     = {17359--17372},
  year      = {2022},
  publisher = {NeurIPS}
}

@inproceedings{geiger2021causal,
  title     = {Causal Abstractions of Neural Networks},
  author    = {Geiger, A. and Lu, H. and Icard, T. and Smith, J. and Doe, J.},
  booktitle = {Advances in Neural Information Processing Systems},
  volume    = {34},
  pages     = {9574--9586},
  year      = {2021},
  publisher = {NeurIPS}
}

@article{geva2020transformer,
  title   = {Transformer Feed-Forward Layers are Key-Value Memories},
  author  = {Geva, Mor and Schuster, Richard and Berant, Jonathan and Levy, Omer},
  journal = {arXiv preprint arXiv:2012.14913},
  year    = {2020},
  url     = {https://arxiv.org/abs/2012.14913}
}

@inproceedings{wang2023interpretability,
  title     = {Interpretability in the Wild: A Circuit for Indirect Object Identification in GPT-2 Small},
  author    = {Wang, Kevin Ro and Variengien, Alexandre and Conmy, Arthur and Shlegeris, Buck and Steinhardt, Jacob},
  booktitle = {International Conference on Learning Representations},
  year      = {2023},
  url       = {https://openreview.net/forum?id=NpsVSN6o4ul}
}

@inproceedings{conmy2023automated,
  title     = {Towards Automated Circuit Discovery for Mechanistic Interpretability},
  author    = {Conmy, Arthur and Mavor-Parker, Alexa and Lynch, Andrew and others},
  booktitle = {Advances in Neural Information Processing Systems},
  volume    = {36},
  pages     = {16318--16352},
  year      = {2023},
  publisher = {NeurIPS}
}

@article{hanna2024faith,
  title   = {Have Faith in Faithfulness: Going Beyond Circuit Overlap When Finding Model Mechanisms},
  author  = {Hanna, M. and Pezzelle, S. and Belinkov, Y.},
  journal = {arXiv preprint arXiv:2403.17806},
  year    = {2024},
  url     = {https://arxiv.org/abs/2403.17806}
}

@inproceedings{michaud2024quantization,
  title     = {The Quantization Model of Neural Scaling},
  author    = {Michaud, E. and Liu, Z. and Girit, U. and others},
  booktitle = {Advances in Neural Information Processing Systems},
  volume    = {36},
  year      = {2024},
  publisher = {NeurIPS}
}

@article{olah2020zoom,
  title   = {Zoom in: An introduction to circuits},
  author  = {Olah, C. and Cammarata, N. and Schubert, L. and others},
  journal = {Distill},
  volume  = {5},
  number  = {3},
  pages   = {e00024.001},
  year    = {2020},
  url     = {https://distill.pub/2020/circuits/zoom-in} 
}

@article{nainani2024evaluating,
  title   = {Evaluating Brain-Inspired Modular Training in Automated Circuit Discovery for Mechanistic Interpretability},
  author  = {Nainani, J.},
  journal = {arXiv preprint arXiv:2401.03646},
  year    = {2024},
  url     = {https://arxiv.org/abs/2401.03646}
}

@inproceedings{hanna2024gpt2,
  title     = {How does GPT-2 compute greater-than?: Interpreting mathematical abilities in a pre-trained language model},
  author    = {Hanna, M. and Liu, O. and Variengien, A.},
  booktitle = {Advances in Neural Information Processing Systems},
  volume    = {36},
  year      = {2024},
  publisher = {NeurIPS}
}

@article{lieberum2023circuit,
  title   = {Does Circuit Analysis Interpretability Scale? Evidence from Multiple Choice Capabilities in Chinchilla},
  author  = {Lieberum, T. and Rahtz, M. and Kram{\'a}r, J. and others},
  journal = {arXiv preprint arXiv:2307.09458},
  year    = {2023},
  url     = {https://arxiv.org/abs/2307.09458}
}

@article{prakash2024fine,
  title   = {Fine-tuning Enhances Existing Mechanisms: A Case Study on Entity Tracking},
  author  = {Prakash, N. and Shaham, T. R. and Haklay, T. and others},
  journal = {arXiv preprint arXiv:2402.14811},
  year    = {2024},
  url     = {https://arxiv.org/abs/2402.14811}
}

@article{tigges2023linear,
  title   = {Linear Representations of Sentiment in Large Language Models},
  author  = {Tigges, C. and Hollinsworth, O. J. and Geiger, A. and others},
  journal = {arXiv preprint arXiv:2310.15154},
  year    = {2023},
  url     = {https://arxiv.org/abs/2310.15154}
}

@inproceedings{merullo2024circuit,
  title     = {Circuit Component Reuse Across Tasks in Transformer Language Models},
  author    = {Merullo, J. and Eickhoff, C. and Pavlick, E.},
  booktitle = {Proceedings of the Twelfth International Conference on Learning Representations},
  year      = {2024},
  publisher = {OpenReview.net}
}

@misc{radford2019language,
  title        = {Language Models are Unsurpervised Multitask Learners},
  author       = {Radford, Alec and Wu, Jeffrey and Child, Rewon and others},
  year         = {2019},
  howpublished = {\url{https://openai.com/blog/better-language-models/}},
  note         = {OpenAI blog, 1(8): 9}
}

@article{syed2023attribution,
  title   = {Attribution Patching Outperforms Automated Circuit Discovery},
  author  = {Syed, A. and Rager, C. and Conmy, A.},
  journal = {arXiv preprint arXiv:2310.10348},
  year    = {2023},
  url     = {https://arxiv.org/abs/2310.10348}
}

@article{oneill2024sparse,
  title   = {Sparse Autoencoders Enable Scalable and Reliable Circuit Identification in Language Models},
  author  = {{O'Neill}, C. and Bui, T.},
  journal = {arXiv preprint arXiv:2405.12522},
  year    = {2024},
  url     = {https://arxiv.org/abs/2405.12522}
}

@article{marks2024sparse,
  title   = {Sparse Feature Circuits: Discovering and Editing Interpretable Causal Graphs in Language Models},
  author  = {Marks, S. and Rager, C. and Michaud, E. J. and others},
  journal = {arXiv preprint arXiv:2403.19647},
  year    = {2024},
  url     = {https://arxiv.org/abs/2403.19647}
}

@article{zhuo2024ig2,
  title   = {IG2: Integrated Gradient on Iterative Gradient Path for Feature Attribution},
  author  = {Zhuo, Y. and Ge, Z.},
  journal = {arXiv preprint arXiv:2406.10852},
  year    = {2024}
}

@article{bereska2024mechanistic,
  title={Mechanistic Interpretability for AI Safety--A Review},
  author={Bereska, L and Gavves, E},
  journal={arXiv preprint arXiv:2404.14082},
  year={2024}
}

@article{he2024dictionary,
  author    = {He, Zhaozhi and Ge, Xinyuan and Tang, Qixun and others},
  title     = {Dictionary Learning Improves Patch-Free Circuit Discovery in Mechanistic Interpretability: A Case Study on Othello-GPT},
  journal   = {arXiv preprint arXiv:2402.12201},
  year      = {2024},
}

@article{miller2024transformer,
  author    = {Miller, John and Chughtai, Bilal and Saunders, William},
  title     = {Transformer Circuit Faithfulness Metrics are not Robust},
  journal   = {arXiv preprint arXiv:2407.08734},
  year      = {2024},
}

@article{lieberum2023circuit,
  title={Does circuit analysis interpretability scale? Evidence from multiple choice capabilities in Chinchilla},
  author={Lieberum, T. and Rahtz, M. and Kram{\'a}r, J. and others},
  journal={arXiv preprint arXiv:2307.09458},
  year={2023}
}

@article{simonyan2014visualising,
  title={Visualising image classification models and saliency maps},
  author={Simonyan, Karen and Vedaldi, Andrea and Zisserman, Andrew},
  journal={Deep Inside Convolutional Networks},
  year={2014},
  volume={2},
  pages={2}
}

@inproceedings{selvaraju2017gradcam,
  title={Grad-CAM: Visual explanations from deep networks via gradient-based localization},
  author={Selvaraju, Ramprasaath R. and Cogswell, Michael and Das, Abhishek and Vedantam, Ramakrishna and Parikh, Devi and Batra, Dhruv},
  booktitle={Proceedings of the IEEE International Conference on Computer Vision},
  year={2017},
  pages={618--626}
}

@article{springenberg2014striving,
  title={Striving for simplicity: The all convolutional net},
  author={Springenberg, Jost Tobias and Dosovitskiy, Alexey and Brox, Thomas and Riedmiller, Martin},
  journal={arXiv preprint arXiv:1412.6806},
  year={2014}
}

@inproceedings{shrikumar2017learning,
  title={Learning important features through propagating activation differences},
  author={Shrikumar, Avanti and Greenside, Peyton and Kundaje, Anshul},
  booktitle={Proceedings of the International Conference on Machine Learning},
  volume={70},
  pages={3145--3153},
  publisher={PMLR},
  year={2017}
}

@article{dombrowski2019explanations,
  title={Explanations can be manipulated and geometry is to blame},
  author={Dombrowski, Anne-Kathrin and Alber, Maximilian and Anders, Christopher J and Ackermann, Marcel and M{\"u}ller, Klaus-Robert and Kessel, Pan},
  journal={Advances in Neural Information Processing Systems},
  volume={32},
  year={2019}
}

@inproceedings{sundararajan2017axiomatic,
  title={Axiomatic attribution for deep networks},
  author={Sundararajan, Mukund and Taly, Ankur and Yan, Qiqi},
  booktitle={Proceedings of the International Conference on Machine Learning},
  volume={70},
  pages={3319--3328},
  publisher={PMLR},
  year={2017}
}

@article{miglani2020investigating,
  title={Investigating saturation effects in integrated gradients},
  author={Miglani, Varun and Kokhlikyan, Narine and Alsallakh, Bilal and Miglani, Deepak},
  journal={arXiv preprint arXiv:2010.12697},
  year={2020}
}

@article{erion2021improving,
  title={Improving performance of deep learning models with axiomatic attribution priors and expected gradients},
  author={Erion, Gabriel and Janizek, Joseph D and Sturmfels, Pascal and Lundberg, Scott and Lee, Su-In},
  journal={Nature Machine Intelligence},
  volume={3},
  number={7},
  pages={620--631},
  year={2021},
  publisher={Springer Nature}
}

@article{sturmfels2020visualizing,
  title={Visualizing the impact of feature attribution baselines},
  author={Sturmfels, Pascal and Lundberg, Scott and Lee, Su-In},
  journal={Distill},
  volume={5},
  number={1},
  pages={e22},
  year={2020},
  doi={10.23915/distill.00022}
}

@inproceedings{kapishnikov2019xrai,
  title={XRAI: Better attributions through regions},
  author={Kapishnikov, Alex and Bolukbasi, Tolga and Vi{\'e}gas, Fernanda and Wattenberg, Martin},
  booktitle={Proceedings of the IEEE/CVF International Conference on Computer Vision},
  pages={4948--4957},
  year={2019}
}

@article{smilkov2017smoothgrad,
  title={SmoothGrad: Removing noise by adding noise},
  author={Smilkov, Daniel and Thorat, Nikhil and Kim, Been and Vi{\'e}gas, Fernanda and Wattenberg, Martin},
  journal={arXiv preprint arXiv:1706.03825},
  year={2017}
}

@inproceedings{kapishnikov2021guided,
  title={Guided Integrated Gradients: An adaptive path method for removing noise},
  author={Kapishnikov, Alex and Venugopalan, Subhrajit and Avci, Bastien and Rigotti, Mattia and Zhang, Yang},
  booktitle={Proceedings of the IEEE/CVF Conference on Computer Vision and Pattern Recognition},
  pages={5050--5058},
  year={2021}
}

@inproceedings{Vig2020GenderBias,
  author    = {Jesse Vig and Sebastian Gehrmann and Yonatan Belinkov and Sharon Qian and Daniel Nevo and Yaron Singer and Stuart Shieber},
  title     = {Investigating Gender Bias in Language Models Using Causal Mediation Analysis},
  booktitle = {Proceedings of the 33rd Advances in Neural Information Processing Systems (NeurIPS)},
  editor    = {Hugo Larochelle and Marc'Aurelio Ranzato and Raia Hadsell and Maria-Florina Balcan and Hsuan-Tien Lin},
  volume    = {33},
  pages     = {12388--12401},
  publisher = {Curran Associates, Inc.},
  year      = {2020},
  url       = {https://proceedings.neurips.cc/paper/2020/file/92650b2e92217715fe312e6fa7b90d82-Paper.pdf}
}

@inproceedings{Chintam2023GenderBias,
  author    = {Abhijith Chintam and Rahel Beloch and Willem Zuidema and Michael Hanna and Oskar van der Wal},
  title     = {Identifying and Adapting Transformer-Components Responsible for Gender Bias in an English Language Model},
  booktitle = {Proceedings of the 6th BlackboxNLP Workshop: Analyzing and Interpreting Neural Networks for NLP},
  editor    = {Yonatan Belinkov and Sophie Hao and Jaap Jumelet and Najoung Kim and Arya McCarthy and Hosein Mohebbi},
  pages     = {379--394},
  address   = {Singapore},
  month     = {December},
  year      = {2023},
  publisher = {Association for Computational Linguistics},
  doi       = {10.18653/v1/2023.blackboxnlp-1.29},
  url       = {https://aclanthology.org/2023.blackboxnlp-1.29}
}

@article{cunningham2023sparse,
  author    = {Cunningham, H. and Ewart, A. and Riggs, L. and others},
  title     = {Sparse Autoencoders Find Highly Interpretable Features in Language Models},
  journal   = {arXiv preprint arXiv:2309.08600},
  year      = {2023}
}

@inproceedings{wu2024interpretability,
  author    = {Wu, Z. and Geiger, A. and Icard, T. and others},
  title     = {Interpretability at Scale: Identifying Causal Mechanisms in Alpaca},
  booktitle = {Advances in Neural Information Processing Systems (NeurIPS)},
  volume    = {36},
  year      = {2024}
}

@misc{taori2023stanford,
  author    = {Taori, Rohan and Gulrajani, Ishaan and Zhang, Tianyi and Dubois, Yann and Li, Xuechen and Guestrin, Carlos and Liang, Percy and Hashimoto, Tatsunori B.},
  title     = {Stanford Alpaca: An Instruction-Following LLaMA Model},
  year      = {2023},
  howpublished = {\url{https://github.com/tatsu-lab/stanford_alpaca}}
}

@inproceedings{geiger2024finding,
  author    = {Geiger, Atticus and Wu, Zhengxuan and Potts, Christopher and Icard, Thomas and Goodman, Noah},
  title     = {Finding Alignments Between Interpretable Causal Variables and Distributed Neural Representations},
  booktitle = {Proceedings of the Third Conference on Causal Learning and Reasoning},
  series    = {Proceedings of Machine Learning Research},
  volume    = {236},
  pages     = {160--187},
  publisher = {PMLR},
  year      = {2024},
  editor    = {Locatello, Francesco and Didelez, Vanessa},
  month     = {Apr},
  url       = {https://proceedings.mlr.press/v236/geiger24a.html}
}

@inproceedings{sundararajan2017axiomatic,
  author    = {Mukund Sundararajan and Ankur Taly and Qiqi Yan},
  title     = {Axiomatic Attribution for Deep Networks},
  booktitle = {Proceedings of the 34th International Conference on Machine Learning (ICML)},
  series    = {Proceedings of Machine Learning Research},
  volume    = {70},
  pages     = {3319--3328},
  year      = {2017},
  editor    = {Doina Precup and Yee Whye Teh},
  publisher = {PMLR},
  url       = {https://proceedings.mlr.press/v70/sundararajan17a/sundararajan17a.pdf}
}
