@article{bereska2024mechanistic,
  title={Mechanistic Interpretability for AI Safety--A Review},
  author={Bereska, L and Gavves, E},
  journal={arXiv preprint arXiv:2404.14082},
  year={2024}
}

@inproceedings{conmy2023automated,
  title     = {Towards Automated Circuit Discovery for Mechanistic Interpretability},
  author    = {Conmy, Arthur and Mavor-Parker, Alexa and Lynch, Andrew and others},
  booktitle = {Advances in Neural Information Processing Systems},
  volume    = {36},
  pages     = {16318--16352},
  year      = {2023},
  publisher = {NeurIPS}
}

@article{cunningham2023sparse,
  author    = {Cunningham, H. and Ewart, A. and Riggs, L. and others},
  title     = {Sparse Autoencoders Find Highly Interpretable Features in Language Models},
  journal   = {arXiv preprint arXiv:2309.08600},
  year      = {2023}
}

@article{dombrowski2019explanations,
  title={Explanations can be manipulated and geometry is to blame},
  author={Dombrowski, Anne-Kathrin and Alber, Maximilian and Anders, Christopher J and Ackermann, Marcel and M{\"u}ller, Klaus-Robert and Kessel, Pan},
  journal={Advances in Neural Information Processing Systems},
  volume={32},
  year={2019}
}

@article{erion2021improving,
  title={Improving performance of deep learning models with axiomatic attribution priors and expected gradients},
  author={Erion, Gabriel and Janizek, Joseph D and Sturmfels, Pascal and Lundberg, Scott and Lee, Su-In},
  journal={Nature Machine Intelligence},
  volume={3},
  number={7},
  pages={620--631},
  year={2021},
  publisher={Springer Nature}
}

@inproceedings{geiger2024finding,
  author    = {Geiger, Atticus and Wu, Zhengxuan and Potts, Christopher and Icard, Thomas and Goodman, Noah},
  title     = {Finding Alignments Between Interpretable Causal Variables and Distributed Neural Representations},
  booktitle = {Proceedings of the Third Conference on Causal Learning and Reasoning},
  series    = {Proceedings of Machine Learning Research},
  volume    = {236},
  pages     = {160--187},
  publisher = {PMLR},
  year      = {2024},
  editor    = {Locatello, Francesco and Didelez, Vanessa},
  month     = {Apr},
  url       = {https://proceedings.mlr.press/v236/geiger24a.html}
}

@article{hanna2024faith,
  title   = {Have Faith in Faithfulness: Going Beyond Circuit Overlap When Finding Model Mechanisms},
  author  = {Hanna, M. and Pezzelle, S. and Belinkov, Y.},
  journal = {arXiv preprint arXiv:2403.17806},
  year    = {2024},
  url     = {https://arxiv.org/abs/2403.17806}
}

@inproceedings{hanna2024gpt2,
  title     = {How does GPT-2 compute greater-than?: Interpreting mathematical abilities in a pre-trained language model},
  author    = {Hanna, M. and Liu, O. and Variengien, A.},
  booktitle = {Advances in Neural Information Processing Systems},
  volume    = {36},
  year      = {2024},
  publisher = {NeurIPS}
}

@article{he2024dictionary,
  author    = {He, Zhaozhi and Ge, Xinyuan and Tang, Qixun and others},
  title     = {Dictionary Learning Improves Patch-Free Circuit Discovery in Mechanistic Interpretability: A Case Study on Othello-GPT},
  journal   = {arXiv preprint arXiv:2402.12201},
  year      = {2024},
}

@inproceedings{kapishnikov2019xrai,
  title={XRAI: Better attributions through regions},
  author={Kapishnikov, Alex and Bolukbasi, Tolga and Vi{\'e}gas, Fernanda and Wattenberg, Martin},
  booktitle={Proceedings of the IEEE/CVF International Conference on Computer Vision},
  pages={4948--4957},
  year={2019}
}

@inproceedings{kapishnikov2021guided,
  title={Guided Integrated Gradients: An adaptive path method for removing noise},
  author={Kapishnikov, Alex and Venugopalan, Subhrajit and Avci, Bastien and Rigotti, Mattia and Zhang, Yang},
  booktitle={Proceedings of the IEEE/CVF Conference on Computer Vision and Pattern Recognition},
  pages={5050--5058},
  year={2021}
}

@article{lieberum2023circuit,
  title={Does circuit analysis interpretability scale? Evidence from multiple choice capabilities in Chinchilla},
  author={Lieberum, T. and Rahtz, M. and Kram{\'a}r, J. and others},
  journal={arXiv preprint arXiv:2307.09458},
  year={2023}
}

@article{marks2024sparse,
  title   = {Sparse Feature Circuits: Discovering and Editing Interpretable Causal Graphs in Language Models},
  author  = {Marks, S. and Rager, C. and Michaud, E. J. and others},
  journal = {arXiv preprint arXiv:2403.19647},
  year    = {2024},
  url     = {https://arxiv.org/abs/2403.19647}
}

@article{miglani2020investigating,
  title={Investigating saturation effects in integrated gradients},
  author={Miglani, Varun and Kokhlikyan, Narine and Alsallakh, Bilal and Miglani, Deepak},
  journal={arXiv preprint arXiv:2010.12697},
  year={2020}
}

@article{miller2024transformer,
  author    = {Miller, John and Chughtai, Bilal and Saunders, William},
  title     = {Transformer Circuit Faithfulness Metrics are not Robust},
  journal   = {arXiv preprint arXiv:2407.08734},
  year      = {2024},
}

@inproceedings{selvaraju2017gradcam,
  title={Grad-CAM: Visual explanations from deep networks via gradient-based localization},
  author={Selvaraju, Ramprasaath R. and Cogswell, Michael and Das, Abhishek and Vedantam, Ramakrishna and Parikh, Devi and Batra, Dhruv},
  booktitle={Proceedings of the IEEE International Conference on Computer Vision},
  year={2017},
  pages={618--626}
}

@inproceedings{shrikumar2017learning,
  title={Learning important features through propagating activation differences},
  author={Shrikumar, Avanti and Greenside, Peyton and Kundaje, Anshul},
  booktitle={Proceedings of the International Conference on Machine Learning},
  volume={70},
  pages={3145--3153},
  publisher={PMLR},
  year={2017}
}

@article{simonyan2014visualising,
  title={Visualising image classification models and saliency maps},
  author={Simonyan, Karen and Vedaldi, Andrea and Zisserman, Andrew},
  journal={Deep Inside Convolutional Networks},
  year={2014},
  volume={2},
  pages={2}
}

@article{smilkov2017smoothgrad,
  title={SmoothGrad: Removing noise by adding noise},
  author={Smilkov, Daniel and Thorat, Nikhil and Kim, Been and Vi{\'e}gas, Fernanda and Wattenberg, Martin},
  journal={arXiv preprint arXiv:1706.03825},
  year={2017}
}

@article{springenberg2014striving,
  title={Striving for simplicity: The all convolutional net},
  author={Springenberg, Jost Tobias and Dosovitskiy, Alexey and Brox, Thomas and Riedmiller, Martin},
  journal={arXiv preprint arXiv:1412.6806},
  year={2014}
}

@article{sturmfels2020visualizing,
  title={Visualizing the impact of feature attribution baselines},
  author={Sturmfels, Pascal and Lundberg, Scott and Lee, Su-In},
  journal={Distill},
  volume={5},
  number={1},
  pages={e22},
  year={2020},
  doi={10.23915/distill.00022}
}

@inproceedings{sundararajan2017axiomatic,
  author    = {Mukund Sundararajan and Ankur Taly and Qiqi Yan},
  title     = {Axiomatic Attribution for Deep Networks},
  booktitle = {Proceedings of the 34th International Conference on Machine Learning (ICML)},
  series    = {Proceedings of Machine Learning Research},
  volume    = {70},
  pages     = {3319--3328},
  year      = {2017},
  editor    = {Doina Precup and Yee Whye Teh},
  publisher = {PMLR},
  url       = {https://proceedings.mlr.press/v70/sundararajan17a/sundararajan17a.pdf}
}

@article{syed2023attribution,
  title   = {Attribution Patching Outperforms Automated Circuit Discovery},
  author  = {Syed, A. and Rager, C. and Conmy, A.},
  journal = {arXiv preprint arXiv:2310.10348},
  year    = {2023},
  url     = {https://arxiv.org/abs/2310.10348}
}

@misc{taori2023stanford,
  author    = {Taori, Rohan and Gulrajani, Ishaan and Zhang, Tianyi and Dubois, Yann and Li, Xuechen and Guestrin, Carlos and Liang, Percy and Hashimoto, Tatsunori B.},
  title     = {Stanford Alpaca: An Instruction-Following LLaMA Model},
  year      = {2023},
  howpublished = {\url{https://github.com/tatsu-lab/stanford_alpaca}}
}

@inproceedings{wang2023interpretability,
  title     = {Interpretability in the Wild: A Circuit for Indirect Object Identification in GPT-2 Small},
  author    = {Wang, Kevin Ro and Variengien, Alexandre and Conmy, Arthur and Shlegeris, Buck and Steinhardt, Jacob},
  booktitle = {International Conference on Learning Representations},
  year      = {2023},
  url       = {https://openreview.net/forum?id=NpsVSN6o4ul}
}

@inproceedings{wu2024interpretability,
  author    = {Wu, Z. and Geiger, A. and Icard, T. and others},
  title     = {Interpretability at Scale: Identifying Causal Mechanisms in Alpaca},
  booktitle = {Advances in Neural Information Processing Systems (NeurIPS)},
  volume    = {36},
  year      = {2024}
}

