@inproceedings{aref2022impact,
  title={Impact of Subjectivity in Deep Reinforcement Learning based Defense of Cloud Storage},
  author={Aref, Zahra and Mandayam, Narayan B},
  booktitle={IEEE INFOCOM 2022-IEEE Conference on Computer Communications Workshops (INFOCOM WKSHPS)},
  pages={1--6},
  year={2022},
  organization={IEEE}
}

@inproceedings{aref2024advanced,
  title={Advanced Reinforcement Learning Algorithms to Optimize Design Verification},
  author={Aref, Zahra and Suvarna, Rohit and Hughes, Bill and Srinivasan, Sandeep and Mandayam, Narayan B},
  booktitle={Proceedings of the 61st ACM/IEEE Design Automation Conference},
  pages={1--6},
  year={2024}
}

@article{camerer2004cognitive,
  title={A cognitive hierarchy model of games},
  author={Camerer, Colin F and Ho, Teck-Hua and Chong, Juin-Kuan},
  journal={The Quarterly Journal of Economics},
  volume={119},
  number={3},
  pages={861--898},
  year={2004},
  publisher={MIT Press}
}

@inproceedings{chhetri2022alert,
  author    = {Mohan Baruwal Chhetri and Shahroz Tariq and Ronal Singh and Fatemeh Jalalvand and Cecile Paris and Surya Nepal},
  title     = {Alert Prioritisation in Security Operations Centres},
  booktitle = {Proceedings of the 2022 ACM Conference on Computer and Communications Security},
  year      = {2022},
  doi       = {10.1145/3695462}
}

@article{chhetri2023riskaware,
  author    = {Mohan Baruwal Chhetri and Abdur Rahim Mohammad Forkan and Quoc Bao Vo and Surya Nepal and Ryszard Kowalczyk},
  title     = {Towards Proactive Risk-Aware Cloud Cost Optimization Leveraging Transient Resources},
  journal   = {IEEE Transactions on Services Computing},
  year      = {2023},
  doi       = {10.1109/TSC.2023.10061569}
}

@article{chhetri2024humanAI,
  author    = {Mohan Baruwal Chhetri and Shahroz Tariq and Ronal Singh and Fatemeh Jalalvand and Cecile Paris and Surya Nepal},
  title     = {Towards Human-AI Teaming to Mitigate Alert Fatigue in Security Operations Centres},
  journal   = {ACM Transactions on Internet Technology},
  year      = {2024},
  doi       = {10.1145/3670009}
}

@article{collaborative2023survey,
  author    = {Various Authors},
  title     = {A Survey on Collaborative Learning for Intelligent Autonomous Systems},
  journal   = {ACM Transactions on Internet Technology},
  year      = {2023},
  doi       = {10.1145/3625544}
}

@inproceedings{ibrahim2019attack,
  title={Attack graph generation for microservice architecture},
  author={Ibrahim, Amjad and Bozhinoski, Stevica and Pretschner, Alexander},
  booktitle={Proceedings of the 34th ACM/SIGAPP symposium on applied computing},
  pages={1235--1242},
  year={2019}
}

@inproceedings{kleiman2016coordinate,
  title={Coordinate to cooperate or compete: abstract goals and joint intentions in social interaction},
  author={Kleiman-Weiner, Max and Ho, Mark K and Austerweil, Joseph L and Littman, Michael L and Tenenbaum, Joshua B},
  booktitle={CogSci},
  year={2016}
}

@article{mavridis2023attack,
  title={Attack identification for cyber-physical security in dynamic games under cognitive hierarchy},
  author={Mavridis, Christos N and Kanellopoulos, Aris and Vamvoudakis, Kyriakos G and Baras, John S and Johansson, Karl Henrik},
  journal={IFAC-PapersOnLine},
  volume={56},
  number={2},
  pages={11223--11228},
  year={2023},
  publisher={Elsevier}
}

@article{min2018defense,
  title={Defense against advanced persistent threats in dynamic cloud storage: A colonel blotto game approach},
  author={Min, Minghui and Xiao, Liang and Xie, Caixia and Hajimirsadeghi, Mohammad and Mandayam, Narayan B},
  journal={IEEE Internet of Things Journal},
  volume={5},
  number={6},
  pages={4250--4261},
  year={2018},
  publisher={IEEE}
}

@book{muniz2021modern,
  title={The modern security operations center},
  author={Muniz, Joseph},
  year={2021},
  publisher={Addison-Wesley Professional}
}

@inproceedings{nadeem2021sage,
  title={Sage: Intrusion alert-driven attack graph extractor},
  author={Nadeem, Azqa and Verwer, Sicco and Yang, Shanchieh Jay},
  booktitle={2021 IEEE Symposium on Visualization for Cyber Security (VizSec)},
  pages={36--41},
  year={2021},
  organization={IEEE}
}

@article{nguyen2021deep,
  title={Deep reinforcement learning for cyber security},
  author={Nguyen, Thanh Thi and Reddi, Vijay Janapa},
  journal={IEEE Transactions on Neural Networks and Learning Systems},
  volume={34},
  number={8},
  pages={3779--3795},
  year={2021},
  publisher={IEEE}
}

@book{peiris2021threat,
  title={Threat Hunting in the Cloud: Defending AWS, Azure and Other Cloud Platforms Against Cyberattacks},
  author={Peiris, Chris and Pillai, Binil and Kudrati, Abbas},
  year={2021},
  publisher={John Wiley \& Sons}
}

@inproceedings{sakthivelu2023adaptive,
  title={An Adaptive Defensive Mechanism for DQN Storage Resources Allocation from Advanced Persistent Threats},
  author={Sakthivelu, U and Kumar, CNS Vinoth},
  booktitle={2023 International Conference on Innovative Computing, Intelligent Communication and Smart Electrical Systems (ICSES)},
  pages={1--8},
  year={2023},
  organization={IEEE}
}

@article{sanjab2020game,
  title={A game of drones: Cyber-physical security of time-critical UAV applications with cumulative prospect theory perceptions and valuations},
  author={Sanjab, Anibal and Saad, Walid and Ba{\c{s}}ar, Tamer},
  journal={IEEE Transactions on Communications},
  volume={68},
  number={11},
  pages={6990--7006},
  year={2020},
  publisher={IEEE}
}

@article{schmidt2023distributedSOC,
  author    = {Andreas U. Schmidt and Sven Knudsen and Tobias Niehoff and Klaus Schwietz},
  title     = {Planning Distributed Security Operations Centers in Multi-Cloud Landscapes: A Case Study},
  journal   = {arXiv preprint},
  year      = {2023},
  archivePrefix = {arXiv},
  eprint    = {2303.03141},
  primaryClass = {cs.CR}
}

@inproceedings{sengupta2019general,
  title={General sum markov games for strategic detection of advanced persistent threats using moving target defense in cloud networks},
  author={Sengupta, Sailik and Chowdhary, Ankur and Huang, Dijiang and Kambhampati, Subbarao},
  booktitle={Decision and Game Theory for Security: 10th International Conference, GameSec 2019, Stockholm, Sweden, October 30--November 1, 2019, Proceedings 10},
  pages={492--512},
  year={2019},
  organization={Springer}
}

@inproceedings{sheyner2002automated,
  title={Automated generation and analysis of attack graphs},
  author={Sheyner, Oleg and Haines, Joshua and Jha, Somesh and Lippmann, Richard and Wing, Jeannette M},
  booktitle={Proceedings 2002 IEEE Symposium on Security and Privacy},
  pages={273--284},
  year={2002},
  organization={IEEE}
}

@article{tariq2024A2C,
  author    = {Shahroz Tariq and Mohan Baruwal Chhetri and Surya Nepal and Cecile Paris},
  title     = {A2C: A Modular Multi-stage Collaborative Decision Framework for Human-AI Teams},
  journal   = {arXiv preprint},
  year      = {2024},
  archivePrefix = {arXiv},
  eprint    = {2401.14432},
  primaryClass = {cs.AI}
}

@inproceedings{wang2008attack,
  title={An attack graph-based probabilistic security metric},
  author={Wang, Lingyu and Islam, Tania and Long, Tao and Singhal, Anoop and Jajodia, Sushil},
  booktitle={IFIP Annual Conference on Data and Applications Security and Privacy},
  pages={283--296},
  year={2008},
  organization={Springer}
}

@article{wu2022research,
  title={Research on Cyber Attacks and Defensive Measures of Power Communication Network},
  author={Wu, Yingjun and Ru, Yingtao and Lin, Zhiwei and Liu, Chengjun and Xue, Tao and Zhao, Xiang and Chen, Jinfan},
  journal={IEEE Internet of Things Journal},
  volume={10},
  number={9},
  pages={7613--7635},
  year={2022},
  publisher={IEEE}
}

@article{xiao2018attacker,
  title={Attacker-centric view of a detection game against advanced persistent threats},
  author={Xiao, Liang and Xu, Dongjin and Mandayam, Narayan B and Poor, H Vincent},
  journal={IEEE transactions on mobile computing},
  volume={17},
  number={11},
  pages={2512--2523},
  year={2018},
  publisher={IEEE}
}

@article{xrl2023userstudy,
  author    = {Various Authors},
  title     = {A User Study on Explainable Online Reinforcement Learning for Transparent Decision-Making},
  journal   = {ACM Transactions on Internet Technology},
  year      = {2023},
  doi       = {10.1145/3666005}
}

