% RLC main.bib Version 2024.1

@book{lamport94,
 author = "Leslie Lamport",
 title = "{\LaTeX: A Document Preparation System}",
 year = "1994",
 publisher = "Addison-Wesley",
 edition = "2nd",
 address = "Reading, Massachusetts"
}

@book{peiris2021threat,
  title={Threat Hunting in the Cloud: Defending AWS, Azure and Other Cloud Platforms Against Cyberattacks},
  author={Peiris, Chris and Pillai, Binil and Kudrati, Abbas},
  year={2021},
  publisher={John Wiley \& Sons}
}

@book{muniz2021modern,
  title={The modern security operations center},
  author={Muniz, Joseph},
  year={2021},
  publisher={Addison-Wesley Professional}
}

@article{chhetri2024humanAI,
  author    = {Mohan Baruwal Chhetri and Shahroz Tariq and Ronal Singh and Fatemeh Jalalvand and Cecile Paris and Surya Nepal},
  title     = {Towards Human-AI Teaming to Mitigate Alert Fatigue in Security Operations Centres},
  journal   = {ACM Transactions on Internet Technology},
  year      = {2024},
  doi       = {10.1145/3670009}
}

@article{tariq2024A2C,
  author    = {Shahroz Tariq and Mohan Baruwal Chhetri and Surya Nepal and Cecile Paris},
  title     = {A2C: A Modular Multi-stage Collaborative Decision Framework for Human-AI Teams},
  journal   = {arXiv preprint},
  year      = {2024},
  archivePrefix = {arXiv},
  eprint    = {2401.14432},
  primaryClass = {cs.AI}
}

@article{chhetri2023riskaware,
  author    = {Mohan Baruwal Chhetri and Abdur Rahim Mohammad Forkan and Quoc Bao Vo and Surya Nepal and Ryszard Kowalczyk},
  title     = {Towards Proactive Risk-Aware Cloud Cost Optimization Leveraging Transient Resources},
  journal   = {IEEE Transactions on Services Computing},
  year      = {2023},
  doi       = {10.1109/TSC.2023.10061569}
}

@inproceedings{chhetri2022alert,
  author    = {Mohan Baruwal Chhetri and Shahroz Tariq and Ronal Singh and Fatemeh Jalalvand and Cecile Paris and Surya Nepal},
  title     = {Alert Prioritisation in Security Operations Centres},
  booktitle = {Proceedings of the 2022 ACM Conference on Computer and Communications Security},
  year      = {2022},
  doi       = {10.1145/3695462}
}

@article{schmidt2023distributedSOC,
  author    = {Andreas U. Schmidt and Sven Knudsen and Tobias Niehoff and Klaus Schwietz},
  title     = {Planning Distributed Security Operations Centers in Multi-Cloud Landscapes: A Case Study},
  journal   = {arXiv preprint},
  year      = {2023},
  archivePrefix = {arXiv},
  eprint    = {2303.03141},
  primaryClass = {cs.CR}
}

@article{xrl2023userstudy,
  author    = {Various Authors},
  title     = {A User Study on Explainable Online Reinforcement Learning for Transparent Decision-Making},
  journal   = {ACM Transactions on Internet Technology},
  year      = {2023},
  doi       = {10.1145/3666005}
}

@article{collaborative2023survey,
  author    = {Various Authors},
  title     = {A Survey on Collaborative Learning for Intelligent Autonomous Systems},
  journal   = {ACM Transactions on Internet Technology},
  year      = {2023},
  doi       = {10.1145/3625544}
}


@inproceedings{aref2022impact,
  title={Impact of Subjectivity in Deep Reinforcement Learning based Defense of Cloud Storage},
  author={Aref, Zahra and Mandayam, Narayan B},
  booktitle={IEEE INFOCOM 2022-IEEE Conference on Computer Communications Workshops (INFOCOM WKSHPS)},
  pages={1--6},
  year={2022},
  organization={IEEE}
}


@article{kumar2019cloud,
  title={On cloud security requirements, threats, vulnerabilities and countermeasures: A survey},
  author={Kumar, Rakesh and Goyal, Rinkaj},
  journal={Computer Science Review},
  volume={33},
  pages={1--48},
  year={2019},
  publisher={Elsevier}
}



@TechReport{stuxnet-2010,
  author = "Nicolas Falliere and Liam O. Murchu and Eric Chien",
  citeulike-article-id = "8163131",
  institution = "Symantic Security Response",
  keywords = "stuxnet, symantic, worm\_analysis, worms",
  month = oct,
  posted-at = "2010-11-01 13:47:34",
  priority = "3",
  title = "{W32.Stuxnet Dossier}",
  year = "2010"
}

@article{coppolino2017cloud,
  title={Cloud security: Emerging threats and current solutions},
  author={Coppolino, Luigi and D’Antonio, Salvatore and Mazzeo, Giovanni and Romano, Luigi},
  journal={Computers \& Electrical Engineering},
  volume={59},
  pages={126--140},
  year={2017},
  publisher={Elsevier}
}


@article{kai1979prospect,
  title={Prospect theory: An analysis of decision under risk},
  author={Kahneman, Daniel and Tversky, Amos},
  journal={Econometrica},
  volume={47},
  number={2},
  pages={363--391},
  year={1979}
}


@article{prelec1998probability,
  title={The probability weighting function},
  author={Prelec, Drazen},
  journal={Econometrica},
  pages={497--527},
  year={1998},
  publisher={JSTOR}
}

@article{camerer2004cognitive,
  title={A cognitive hierarchy model of games},
  author={Camerer, Colin F and Ho, Teck-Hua and Chong, Juin-Kuan},
  journal={The Quarterly Journal of Economics},
  volume={119},
  number={3},
  pages={861--898},
  year={2004},
  publisher={MIT Press}
}

@article{prebot2023learning,
  title={Learning about simulated adversaries from human defenders using interactive cyber-defense games},
  author={Prebot, Baptiste and Du, Yinuo and Gonzalez, Cleotilde},
  journal={Journal of Cybersecurity},
  volume={9},
  number={1},
  pages={tyad022},
  year={2023},
  publisher={Oxford University Press}
}

@article{gratian2018correlating,
  title={Correlating human traits and cyber security behavior intentions},
  author={Gratian, Margaret and Bandi, Sruthi and Cukier, Michel and Dykstra, Josiah and Ginther, Amy},
  journal={computers \& security},
  volume={73},
  pages={345--358},
  year={2018},
  publisher={Elsevier}
}

@article{zimmermann2019moving,
  title={Moving from a ‘human-as-problem” to a ‘human-as-solution” cybersecurity mindset},
  author={Zimmermann, Verena and Renaud, Karen},
  journal={International Journal of Human-Computer Studies},
  volume={131},
  pages={169--187},
  year={2019},
  publisher={Elsevier}
}

@inproceedings{katakwar2023attackers,
  title={Attackers Have Prior Beliefs: Comprehending Cognitive Aspects of Confirmation Bias on Adversarial Decisions},
  author={Katakwar, Harsh and Gonzalez, Cleotilde and Dutt, Varun},
  booktitle={International Conference on Frontiers in Computing and Systems},
  pages={261--273},
  year={2023},
  organization={Springer}
}

@article{von2013information,
  title={From information security to cyber security},
  author={Von Solms, Rossouw and Van Niekerk, Johan},
  journal={computers \& security},
  volume={38},
  pages={97--102},
  year={2013},
  publisher={Elsevier}
}

@inproceedings{ford2024watching,
  title={“Watching over the shoulder of a professional”: Why hackers make mistakes and how they fix them},
  author={Ford, Irina and Soneji, Ananta and Kokulu, Faris Bugra and Vadayath, Jayakrishna and Basque, Zion Leonahenahe and Vipat, Gaurav and Doup{\'e}, Adam and Wang, Ruoyu and Ahn, Gail-Joon and Bao, Tiffany and others},
  booktitle={2024 IEEE Symposium on Security and Privacy (SP)},
  pages={350--368},
  year={2024},
  organization={IEEE}
}

@inproceedings{khodayari2023s,
  title={It’s (dom) clobbering time: Attack techniques, prevalence, and defenses},
  author={Khodayari, Soheil and Pellegrino, Giancarlo},
  booktitle={2023 IEEE Symposium on Security and Privacy (SP)},
  pages={1041--1058},
  year={2023},
  organization={IEEE}
}

@inproceedings{fulton2023vulnerability,
  title={Vulnerability discovery for all: Experiences of marginalization in vulnerability discovery},
  author={Fulton, Kelsey R and Katcher, Samantha and Song, Kevin and Chetty, Marshini and Mazurek, Michelle L and Messdaghi, Chlo{\'e} and Votipka, Daniel},
  booktitle={2023 IEEE Symposium on Security and Privacy (SP)},
  pages={1997--2014},
  year={2023},
  organization={IEEE}
}



@article{rakotondravony2017classifying,
  title={Classifying malware attacks in IaaS cloud environments},
  author={Rakotondravony, No{\"e}lle and Taubmann, Benjamin and Mandarawi, Waseem and Weish{\"a}upl, Eva and Xu, Peng and Kolosnjaji, Bojan and Protsenko, Mykolai and De Meer, Hermann and Reiser, Hans P},
  journal={Journal of Cloud Computing},
  volume={6},
  number={1},
  pages={1--12},
  year={2017},
  publisher={Springer}
}

@article{tari2014security,
  title={Security and privacy in cloud computing},
  author={Tari, Zahir},
  journal={IEEE Cloud Computing},
  volume={1},
  number={01},
  pages={54--57},
  year={2014},
  publisher={IEEE Computer Society}
}

@article{lee2017cloudrps,
  title={CloudRPS: a cloud analysis based enhanced ransomware prevention system},
  author={Lee, Jeong Kyu and Moon, Seo Yeon and Park, Jong Hyuk},
  journal={The Journal of Supercomputing},
  volume={73},
  number={7},
  pages={3065--3084},
  year={2017},
  publisher={Springer}
}


@article{mchugh2000testing,
  title={Testing intrusion detection systems: a critique of the 1998 and 1999 darpa intrusion detection system evaluations as performed by lincoln laboratory},
  author={McHugh, John},
  journal={ACM Transactions on Information and System Security (TISSEC)},
  volume={3},
  number={4},
  pages={262--294},
  year={2000},
  publisher={ACM New York, NY, USA}
}

@inproceedings{moustafa2015unsw,
  title={UNSW-NB15: a comprehensive data set for network intrusion detection systems (UNSW-NB15 network data set)},
  author={Moustafa, Nour and Slay, Jill},
  booktitle={2015 military communications and information systems conference (MilCIS)},
  pages={1--6},
  year={2015},
  organization={IEEE}
}

@inproceedings{aref2024advanced,
  title={Advanced Reinforcement Learning Algorithms to Optimize Design Verification},
  author={Aref, Zahra and Suvarna, Rohit and Hughes, Bill and Srinivasan, Sandeep and Mandayam, Narayan B},
  booktitle={Proceedings of the 61st ACM/IEEE Design Automation Conference},
  pages={1--6},
  year={2024}
}


@article{min2018defense,
  title={Defense against advanced persistent threats in dynamic cloud storage: A colonel blotto game approach},
  author={Min, Minghui and Xiao, Liang and Xie, Caixia and Hajimirsadeghi, Mohammad and Mandayam, Narayan B},
  journal={IEEE Internet of Things Journal},
  volume={5},
  number={6},
  pages={4250--4261},
  year={2018},
  publisher={IEEE}
}

@article{sanjab2020game,
  title={A game of drones: Cyber-physical security of time-critical UAV applications with cumulative prospect theory perceptions and valuations},
  author={Sanjab, Anibal and Saad, Walid and Ba{\c{s}}ar, Tamer},
  journal={IEEE Transactions on Communications},
  volume={68},
  number={11},
  pages={6990--7006},
  year={2020},
  publisher={IEEE}
}

@inproceedings{xu2017cumulative,
  title={Cumulative prospect theoretic study of a cloud storage defense game against advanced persistent threats},
  author={Xu, Dongjin and Xiao, Liang and Mandayam, Narayan B and Poor, H Vincent},
  booktitle={2017 IEEE Conference on Computer Communications Workshops (INFOCOM WKSHPS)},
  pages={541--546},
  year={2017},
  organization={IEEE}
}

@inproceedings{ning2021defense,
  title={Defense Against Advanced Persistent Threats in Smart Grids: A Reinforcement Learning Approach},
  author={Ning, Baifeng and Xiao, Liang},
  booktitle={2021 40th Chinese Control Conference (CCC)},
  pages={8598--8603},
  year={2021},
  organization={IEEE}
}

@inproceedings{kleiman2016coordinate,
  title={Coordinate to cooperate or compete: abstract goals and joint intentions in social interaction},
  author={Kleiman-Weiner, Max and Ho, Mark K and Austerweil, Joseph L and Littman, Michael L and Tenenbaum, Joshua B},
  booktitle={CogSci},
  year={2016}
}

@article{mnih2015human,
  title={Human-level control through deep reinforcement learning},
  author={Mnih, Volodymyr and Kavukcuoglu, Koray and Silver, David and Rusu, Andrei A and Veness, Joel and Bellemare, Marc G and Graves, Alex and Riedmiller, Martin and Fidjeland, Andreas K and Ostrovski, Georg and others},
  journal={nature},
  volume={518},
  number={7540},
  pages={529--533},
  year={2015},
  publisher={Nature Publishing Group}
}



@article{husak2018survey,
  title={Survey of attack projection, prediction, and forecasting in cyber security},
  author={Hus{\'a}k, Martin and Kom{\'a}rkov{\'a}, Jana and Bou-Harb, Elias and {\v{C}}eleda, Pavel},
  journal={IEEE Communications Surveys \& Tutorials},
  volume={21},
  number={1},
  pages={640--660},
  year={2018},
  publisher={IEEE}
}


@article{xiao2017cloud,
  title={Cloud storage defense against advanced persistent threats: A prospect theoretic study},
  author={Xiao, Liang and Xu, Dongjin and Xie, Caixia and Mandayam, Narayan B and Poor, H Vincent},
  journal={IEEE Journal on Selected Areas in Communications},
  volume={35},
  number={3},
  pages={534--544},
  year={2017},
  publisher={IEEE}
}





@article{ghafir2018detection,
  title={Detection of advanced persistent threat using machine-learning correlation analysis},
  author={Ghafir, Ibrahim and Hammoudeh, Mohammad and Prenosil, Vaclav and Han, Liangxiu and Hegarty, Robert and Rabie, Khaled and Aparicio-Navarro, Francisco J},
  journal={Future Generation Computer Systems},
  volume={89},
  pages={349--359},
  year={2018},
  publisher={Elsevier}
}





@inproceedings{tavakoli2018action,
  title={Action branching architectures for deep reinforcement learning},
  author={Tavakoli, Arash and Pardo, Fabio and Kormushev, Petar},
  booktitle={Proceedings of the AAAI Conference on Artificial Intelligence},
  volume={32},
  number={1},
  year={2018}
}


@article{xiao2018attacker,
  title={Attacker-centric view of a detection game against advanced persistent threats},
  author={Xiao, Liang and Xu, Dongjin and Mandayam, Narayan B and Poor, H Vincent},
  journal={IEEE transactions on mobile computing},
  volume={17},
  number={11},
  pages={2512--2523},
  year={2018},
  publisher={IEEE}
}


@article{crabtree2019cyber,
  title={Cyber Red/Blue and Gamified Military Cyberspace Operations},
  author={Crabtree, Nancy L and Orr, Joshua A},
  journal={LINCOLN LABORATORY JOURNAL},
  volume={23},
  number={1},
  year={2019}
}

@article{abdallah2020behavioral,
  title={Behavioral and game-theoretic security investments in interdependent systems modeled by attack graphs},
  author={Abdallah, Mustafa and Naghizadeh, Parinaz and Hota, Ashish R and Cason, Timothy and Bagchi, Saurabh and Sundaram, Shreyas},
  journal={IEEE Transactions on Control of Network Systems},
  volume={7},
  number={4},
  pages={1585--1596},
  year={2020},
  publisher={IEEE}
}

@article{kanellopoulos2019non,
  title={Non-equilibrium dynamic games and cyber--physical security: A cognitive hierarchy approach},
  author={Kanellopoulos, Aris and Vamvoudakis, Kyriakos G},
  journal={Systems \& Control Letters},
  volume={125},
  pages={59--66},
  year={2019},
  publisher={Elsevier}
}

@inproceedings{kokolakis2020bounded,
  title={Bounded rational unmanned aerial vehicle coordination for adversarial target tracking},
  author={Kokolakis, Nick-Marios T and Kanellopoulos, Aris and Vamvoudakis, Kyriakos G},
  booktitle={2020 American Control Conference (ACC)},
  pages={2508--2513},
  year={2020},
  organization={IEEE}
}

@article{selten1998features,
  title={Features of experimentally observed bounded rationality},
  author={Selten, Reinhard},
  journal={European Economic Review},
  volume={42},
  number={3-5},
  pages={413--436},
  year={1998},
  publisher={Elsevier}
}


@article{mavridis2023attack,
  title={Attack identification for cyber-physical security in dynamic games under cognitive hierarchy},
  author={Mavridis, Christos N and Kanellopoulos, Aris and Vamvoudakis, Kyriakos G and Baras, John S and Johansson, Karl Henrik},
  journal={IFAC-PapersOnLine},
  volume={56},
  number={2},
  pages={11223--11228},
  year={2023},
  publisher={Elsevier}
}


@book{kott2023autonomous,
  title={Autonomous Intelligent Cyber Defense Agent (AICA): A Comprehensive Guide},
  author={Kott, Alexander},
  year={2023},
  publisher={Springer}
}

@inproceedings{zeng2024leveraging,
  title={Leveraging Human-In-The-Loop Machine Learning and GAN-Synthesized Data for Intrusion Detection in Unmanned Aerial Vehicle Networks},
  author={Zeng, Qingli and Nait-Abdesselam, Farid},
  booktitle={ICC 2024-IEEE International Conference on Communications},
  pages={1557--1562},
  year={2024},
  organization={IEEE}
}

@inproceedings{zaboli2024chatgpt,
  title={Chatgpt and other large language models for cybersecurity of smart grid applications},
  author={Zaboli, Aydin and Choi, Seong Lok and Song, Tai-Jin and Hong, Junho},
  booktitle={2024 IEEE Power \& Energy Society General Meeting (PESGM)},
  pages={1--5},
  year={2024},
  organization={IEEE}
}

@article{olabanji2024ai,
  title={AI-driven cloud security: Examining the impact of user behavior analysis on threat detection},
  author={Olabanji, Samuel Oladiipo and Marquis, Yewande and Adigwe, Chinasa Susan and Ajayi, Samson Abidemi and Oladoyinbo, Tunboson Oyewale and Olaniyi, Oluwaseun Oladeji},
  journal={Asian Journal of Research in Computer Science},
  volume={17},
  number={3},
  pages={57--74},
  year={2024}
}

@inproceedings{sharma2023optimised,
  title={Optimised HFFA-SVM in WSN based Smart Parking Management System},
  author={Sharma, Kritika Raj and Sharma, Tripti and Mittal, Nitin},
  booktitle={2023 10th International Conference on Computing for Sustainable Global Development (INDIACom)},
  pages={1076--1080},
  year={2023},
  organization={IEEE}
}

@inproceedings{kongmanee2024human,
  title={A Human-AI Interaction Dashboard for Detecting Potentially Malicious Emails},
  author={Kongmanee, Jaturong and Chung, Mu-Huan Miles and Luna, April and Zhan, Lisa and Jerath, Khilan and Raman, Abhay and Chignell, Mark H},
  booktitle={2024 IEEE 4th International Conference on Human-Machine Systems (ICHMS)},
  pages={1--6},
  year={2024},
  organization={IEEE}
}


@article{prelec1998probability,
  title={The probability weighting function},
  author={Prelec, Drazen},
  journal={Econometrica},
  pages={497--527},
  year={1998},
  publisher={JSTOR}
}

@inproceedings{sakthivelu2023adaptive,
  title={An Adaptive Defensive Mechanism for DQN Storage Resources Allocation from Advanced Persistent Threats},
  author={Sakthivelu, U and Kumar, CNS Vinoth},
  booktitle={2023 International Conference on Innovative Computing, Intelligent Communication and Smart Electrical Systems (ICSES)},
  pages={1--8},
  year={2023},
  organization={IEEE}
}

@article{nguyen2021deep,
  title={Deep reinforcement learning for cyber security},
  author={Nguyen, Thanh Thi and Reddi, Vijay Janapa},
  journal={IEEE Transactions on Neural Networks and Learning Systems},
  volume={34},
  number={8},
  pages={3779--3795},
  year={2021},
  publisher={IEEE}
}

@inproceedings{sengupta2019general,
  title={General sum markov games for strategic detection of advanced persistent threats using moving target defense in cloud networks},
  author={Sengupta, Sailik and Chowdhary, Ankur and Huang, Dijiang and Kambhampati, Subbarao},
  booktitle={Decision and Game Theory for Security: 10th International Conference, GameSec 2019, Stockholm, Sweden, October 30--November 1, 2019, Proceedings 10},
  pages={492--512},
  year={2019},
  organization={Springer}
}

@inproceedings{sheyner2002automated,
  title={Automated generation and analysis of attack graphs},
  author={Sheyner, Oleg and Haines, Joshua and Jha, Somesh and Lippmann, Richard and Wing, Jeannette M},
  booktitle={Proceedings 2002 IEEE Symposium on Security and Privacy},
  pages={273--284},
  year={2002},
  organization={IEEE}
}

@article{wu2022research,
  title={Research on Cyber Attacks and Defensive Measures of Power Communication Network},
  author={Wu, Yingjun and Ru, Yingtao and Lin, Zhiwei and Liu, Chengjun and Xue, Tao and Zhao, Xiang and Chen, Jinfan},
  journal={IEEE Internet of Things Journal},
  volume={10},
  number={9},
  pages={7613--7635},
  year={2022},
  publisher={IEEE}
}

@article{mvula2024survey,
  title={A Survey on the Applications of Semi-supervised Learning to Cyber-security},
  author={Mvula, Paul Kiyambu and Branco, Paula and Jourdan, Guy-Vincent and Viktor, Herna Lydia},
  journal={ACM Computing Surveys},
  volume={56},
  number={10},
  pages={1--41},
  year={2024},
  publisher={ACM New York, NY}
}

@article{sabur2022toward,
  title={Toward scalable graph-based security analysis for cloud networks},
  author={Sabur, Abdulhakim and Chowdhary, Ankur and Huang, Dijiang and Alshamrani, Adel},
  journal={Computer Networks},
  volume={206},
  pages={108795},
  year={2022},
  publisher={Elsevier}
}

@article{stergiopoulos2022automatic,
  title={Automatic analysis of attack graphs for risk mitigation and prioritization on large-scale and complex networks in Industry 4.0},
  author={Stergiopoulos, George and Dedousis, Panagiotis and Gritzalis, Dimitris},
  journal={International Journal of Information Security},
  volume={21},
  number={1},
  pages={37--59},
  year={2022},
  publisher={Springer}
}









@inproceedings{Sch-SP01,
  title={Data mining methods for detection of new malicious executables},
  author={Schultz, Matthew G and Eskin, Eleazar and Zadok, F and Stolfo, Salvatore J},
  booktitle={IEEE Symposium on Security and Privacy (S\&P)},
  pages={38--49},
  year={2000},
}

@article{Nav-TIFS15,
  title={Employing program semantics for malware detection},
  author={Naval, Smita and Laxmi, Vijay and Rajarajan, Muttukrishnan and Gaur, Manoj Singh and Conti, Mauro},
  journal={IEEE Transactions on Information Forensics and Security (TIFS)},
  volume={10},
  number={12},
  pages={2591--2604},
  year={2015},
}

@article{Kon-DT22,
  title={HPC-based Malware Detectors Actually Work: Transition to Practice After a Decade of Research},
  author={Konstantinou, Charalambos and Wang, Xueyang and Krishnamurthy, Prashanth and Khorrami, Farshad and Maniatakos, Michail and Karri, Ramesh},
  journal={IEEE Design \& Test},
  year={2022},
}



@inproceedings{Jang-SSTE17,
  title={SGX-Bomb: Locking down the processor via Rowhammer attack},
  author={Jang, Yeongjin and Lee, Jaehyuk and Lee, Sangho and Kim, Taesoo},
  booktitle={Proceedings of the 2nd Workshop on System Software for Trusted Execution},
  pages={1--6},
  year={2017}
}



@article{khan2016survey,
  title={A survey of security issues for cloud computing},
  author={Khan, Minhaj Ahmad},
  journal={Journal of network and computer applications},
  volume={71},
  pages={11--29},
  year={2016},
  publisher={Elsevier}
}



@article{prelec1998probability,
  title={The probability weighting function},
  author={Prelec, Drazen},
  journal={Econometrica},
  pages={497--527},
  year={1998},
  publisher={JSTOR}
}



@inproceedings{wang2008attack,
  title={An attack graph-based probabilistic security metric},
  author={Wang, Lingyu and Islam, Tania and Long, Tao and Singhal, Anoop and Jajodia, Sushil},
  booktitle={IFIP Annual Conference on Data and Applications Security and Privacy},
  pages={283--296},
  year={2008},
  organization={Springer}
}


@inproceedings{nadeem2021sage,
  title={Sage: Intrusion alert-driven attack graph extractor},
  author={Nadeem, Azqa and Verwer, Sicco and Yang, Shanchieh Jay},
  booktitle={2021 IEEE Symposium on Visualization for Cyber Security (VizSec)},
  pages={36--41},
  year={2021},
  organization={IEEE}
}

@inproceedings{ibrahim2019attack,
  title={Attack graph generation for microservice architecture},
  author={Ibrahim, Amjad and Bozhinoski, Stevica and Pretschner, Alexander},
  booktitle={Proceedings of the 34th ACM/SIGAPP symposium on applied computing},
  pages={1235--1242},
  year={2019}
}

@inproceedings{chu2010visualizing,
  title={Visualizing attack graphs, reachability, and trust relationships with NAVIGATOR},
  author={Chu, Matthew and Ingols, Kyle and Lippmann, Richard and Webster, Seth and Boyer, Stephen},
  booktitle={Proceedings of the Seventh International Symposium on Visualization for Cyber Security},
  pages={22--33},
  year={2010}
}


@article{poolsappasit2011dynamic,
  title={Dynamic security risk management using bayesian attack graphs},
  author={Poolsappasit, Nayot and Dewri, Rinku and Ray, Indrajit},
  journal={IEEE Transactions on Dependable and Secure Computing},
  volume={9},
  number={1},
  pages={61--74},
  year={2011},
  publisher={IEEE}
}

@inproceedings{miehling2015optimal,
  title={Optimal defense policies for partially observable spreading processes on Bayesian attack graphs},
  author={Miehling, Erik and Rasouli, Mohammad and Teneketzis, Demosthenis},
  booktitle={Proceedings of the second ACM workshop on moving target defense},
  pages={67--76},
  year={2015}
}


@article{ullah2018data,
  title={Data exfiltration: A review of external attack vectors and countermeasures},
  author={Ullah, Faheem and Edwards, Matthew and Ramdhany, Rajiv and Chitchyan, Ruzanna and Babar, M Ali and Rashid, Awais},
  journal={Journal of Network and Computer Applications},
  volume={101},
  pages={18--54},
  year={2018},
  publisher={Elsevier}
}

@inproceedings{mulazzani2011dark,
  title={Dark clouds on the horizon: Using cloud storage as attack vector and online slack space},
  author={Mulazzani, Martin and Schrittwieser, Sebastian and Leithner, Manuel and Huber, Markus and Weippl, Edgar},
  booktitle={20th USENIX Security Symposium (USENIX Security 11)},
  year={2011}
}

@inproceedings{xiao2016one,
  title={One Bit Flips, One Cloud Flops:$\{$Cross-VM$\}$ Row Hammer Attacks and Privilege Escalation},
  author={Xiao, Yuan and Zhang, Xiaokuan and Zhang, Yinqian and Teodorescu, Radu},
  booktitle={25th USENIX security symposium (USENIX Security 16)},
  pages={19--35},
  year={2016}
}

@inproceedings{ristenpart2009hey,
  title={Hey, you, get off of my cloud: exploring information leakage in third-party compute clouds},
  author={Ristenpart, Thomas and Tromer, Eran and Shacham, Hovav and Savage, Stefan},
  booktitle={Proceedings of the 16th ACM conference on Computer and communications security},
  pages={199--212},
  year={2009}
}
@inproceedings{liu2015last,
  title={Last-level cache side-channel attacks are practical},
  author={Liu, Fangfei and Yarom, Yuval and Ge, Qian and Heiser, Gernot and Lee, Ruby B},
  booktitle={2015 IEEE symposium on security and privacy},
  pages={605--622},
  year={2015},
  organization={IEEE}
}








