@inproceedings{langley00,
 author    = {P. Langley},
 title     = {Crafting Papers on Machine Learning},
 year      = {2000},
 pages     = {1207--1216},
 editor    = {Pat Langley},
 booktitle     = {Proceedings of the 17th International Conference
              on Machine Learning (ICML 2000)},
 address   = {Stanford, CA},
 publisher = {Morgan Kaufmann}
}

@TechReport{mitchell80,
  author = 	 "T. M. Mitchell",
  title = 	 "The Need for Biases in Learning Generalizations",
  institution =  "Computer Science Department, Rutgers University",
  year = 	 "1980",
  address =	 "New Brunswick, MA",
}

@phdthesis{kearns89,
  author = {M. J. Kearns},
  title =  {Computational Complexity of Machine Learning},
  school = {Department of Computer Science, Harvard University},
  year =   {1989}
}

@Book{MachineLearningI,
  editor = 	 "R. S. Michalski and J. G. Carbonell and T.
		  M. Mitchell",
  title = 	 "Machine Learning: An Artificial Intelligence
		  Approach, Vol. I",
  publisher = 	 "Tioga",
  year = 	 "1983",
  address =	 "Palo Alto, CA"
}

@Book{DudaHart2nd,
  author =       "R. O. Duda and P. E. Hart and D. G. Stork",
  title =        "Pattern Classification",
  publisher =    "John Wiley and Sons",
  edition =      "2nd",
  year =         "2000"
}

@misc{anonymous,
  title= {Suppressed for Anonymity},
  author= {Author, N. N.},
  year= {2021}
}

@InCollection{Newell81,
  author =       "A. Newell and P. S. Rosenbloom",
  title =        "Mechanisms of Skill Acquisition and the Law of
                  Practice", 
  booktitle =    "Cognitive Skills and Their Acquisition",
  pages =        "1--51",
  publisher =    "Lawrence Erlbaum Associates, Inc.",
  year =         "1981",
  editor =       "J. R. Anderson",
  chapter =      "1",
  address =      "Hillsdale, NJ"
}


@Article{Samuel59,
  author = 	 "A. L. Samuel",
  title = 	 "Some Studies in Machine Learning Using the Game of
		  Checkers",
  journal =	 "IBM Journal of Research and Development",
  year =	 "1959",
  volume =	 "3",
  number =	 "3",
  pages =	 "211--229"
}

@misc{openai2024learning,
  author       = {OpenAI},
  title        = {Learning to Reason with LLMs},
  year         = {2024}
}

@misc{openai2025o3,
  author       = {OpenAI},
  title        = {OpenAI o3 and o3-mini—12 Days of OpenAI: Day 12},
  year         = {2024}
}

@misc{Si24,
      title={Can LLMs Generate Novel Research Ideas? A Large-Scale Human Study with 100+ NLP Researchers}, 
      author={Chenglei Si and Diyi Yang and Tatsunori Hashimoto},
      year={2024},
      eprint={2409.04109},
      archivePrefix={arXiv},
      primaryClass={cs.CL},
      url={https://arxiv.org/abs/2409.04109}
}

@inproceedings{Brar15,
  author    = {Brar, Hanmeet Kaur and Kaur, Puneet Jai},
  title     = {Differentiating Integration Testing and Unit Testing},
  booktitle = {2015 2nd International Conference on Computing for Sustainable Global Development (INDIACom)},
  year      = {2015},
  pages     = {796--798}
}

@InCollection{Paul06,
  author    = {Paul, R. and Tsai, W. T. and Chen, Y. and Fan, C. and Cao, Z. and Huang, H.},
  title     = {End-to-End (E2E) Testing and Evaluation of High-Assurance Systems},
  booktitle = {Springer Handbook of Engineering Statistics},
  editor    = {Pham, H.},
  year      = {2006},
  publisher = {Springer, London},
  pages     = {439--467},
  doi       = {10.1007/978-1-84628-288-1_24},
  isbn      = {978-1-85233-806-0},
  series    = {Springer Handbooks},
  address   = {London},
  url       = {https://doi.org/10.1007/978-1-84628-288-1_24}
}

@misc{OpenAISWEBench,
  author       = {OpenAI},
  title        = {Introducing SWE-bench Verified},
  year         = {2024},
  howpublished = {\url{https://openai.com/index/introducing-swe-bench-verified/}}
}

@misc{Jiminez24,
      title={SWE-bench: Can Language Models Resolve Real-World GitHub Issues?}, 
      author={Carlos E. Jimenez and John Yang and Alexander Wettig and Shunyu Yao and Kexin Pei and Ofir Press and Karthik Narasimhan},
      year={2024},
      eprint={2310.06770},
      archivePrefix={arXiv},
      primaryClass={cs.CL},
      url={https://arxiv.org/abs/2310.06770}, 
}

@misc{Yang24,
      title={SWE-bench Multimodal: Do AI Systems Generalize to Visual Software Domains?}, 
      author={John Yang and Carlos E. Jimenez and Alex L. Zhang and Kilian Lieret and Joyce Yang and Xindi Wu and Ori Press and Niklas Muennighoff and Gabriel Synnaeve and Karthik R. Narasimhan and Diyi Yang and Sida I. Wang and Ofir Press},
      year={2024},
      eprint={2410.03859},
      archivePrefix={arXiv},
      primaryClass={cs.CL},
      url={https://arxiv.org/abs/2410.03859}, 
}

@misc{StackOverflow25,
  author       = {Stack Overflow},
  title        = {Developers Want More, More, More: The 2024 Results from Stack Overflow’s Annual Developer Survey},
  year         = {2025},
  howpublished = {\url{https://stackoverflow.blog/2025/01/01/developers-want-more-more-more-the-2024-results-from-stack-overflow-s-annual-developer-survey/}}
}

@misc{Paul24,
      title={Benchmarks and Metrics for Evaluations of Code Generation: A Critical Review}, 
      author={Debalina Ghosh Paul and Hong Zhu and Ian Bayley},
      year={2024},
      eprint={2406.12655},
      archivePrefix={arXiv},
      primaryClass={cs.AI},
      url={https://arxiv.org/abs/2406.12655}, 
}

@misc{Cognition,
  author       = {Cognition},
  title        = {Cognition: An Applied AI Lab Building the Future of Software Engineering},
  howpublished = {\url{https://www.cognition.ai/}},
}

@misc{Poolside,
  author       = {poolside},
  title        = {Building the Next Generation AI for Software Engineering},
  howpublished = {\url{https://www.poolside.ai/}},
}

@misc{Magic,
  author       = {Magic},
  title        = {Building Frontier Code Models to Automate Software Engineering and Research},
  howpublished = {\url{https://magic.dev/}}
}

@misc{Kumar24,
      title={Can Large Language Models Unlock Novel Scientific Research Ideas?}, 
      author={Sandeep Kumar and Tirthankar Ghosal and Vinayak Goyal and Asif Ekbal},
      year={2024},
      eprint={2409.06185},
      archivePrefix={arXiv},
      primaryClass={cs.CL},
      url={https://arxiv.org/abs/2409.06185}, 
}

@misc{Chan24,
      title={MLE-bench: Evaluating Machine Learning Agents on Machine Learning Engineering}, 
      author={Jun Shern Chan and Neil Chowdhury and Oliver Jaffe and James Aung and Dane Sherburn and Evan Mays and Giulio Starace and Kevin Liu and Leon Maksin and Tejal Patwardhan and Lilian Weng and Aleksander Mądry},
      year={2024},
      eprint={2410.07095},
      archivePrefix={arXiv},
      primaryClass={cs.CL},
      url={https://arxiv.org/abs/2410.07095}, 
}

@misc{Wijk24,
      title={RE-Bench: Evaluating frontier AI R&D capabilities of language model agents against human experts}, 
      author={Hjalmar Wijk and Tao Lin and Joel Becker and Sami Jawhar and Neev Parikh and Thomas Broadley and Lawrence Chan and Michael Chen and Josh Clymer and Jai Dhyani and Elena Ericheva and Katharyn Garcia and Brian Goodrich and Nikola Jurkovic and Megan Kinniment and Aron Lajko and Seraphina Nix and Lucas Sato and William Saunders and Maksym Taran and Ben West and Elizabeth Barnes},
      year={2024},
      eprint={2411.15114},
      archivePrefix={arXiv},
      primaryClass={cs.LG},
      url={https://arxiv.org/abs/2411.15114}, 
}

@inproceedings{Huang24,
    title={{MLA}gentBench: Evaluating Language Agents on Machine Learning Experimentation},
    author={Qian Huang and Jian Vora and Percy Liang and Jure Leskovec},
    booktitle={Forty-first International Conference on Machine Learning},
    year={2024},
    url={https://openreview.net/forum?id=1Fs1LvjYQW}
}

@misc{Tian24,
      title={SciCode: A Research Coding Benchmark Curated by Scientists}, 
      author={Minyang Tian and Luyu Gao and Shizhuo Dylan Zhang and Xinan Chen and Cunwei Fan and Xuefei Guo and Roland Haas and Pan Ji and Kittithat Krongchon and Yao Li and Shengyan Liu and Di Luo and Yutao Ma and Hao Tong and Kha Trinh and Chenyu Tian and Zihan Wang and Bohao Wu and Yanyu Xiong and Shengzhu Yin and Minhui Zhu and Kilian Lieret and Yanxin Lu and Genglin Liu and Yufeng Du and Tianhua Tao and Ofir Press and Jamie Callan and Eliu Huerta and Hao Peng},
      year={2024},
      eprint={2407.13168},
      archivePrefix={arXiv},
      primaryClass={cs.AI},
      url={https://arxiv.org/abs/2407.13168}, 
}

@misc{Zhong23,
      title={Goal Driven Discovery of Distributional Differences via Language Descriptions}, 
      author={Ruiqi Zhong and Peter Zhang and Steve Li and Jinwoo Ahn and Dan Klein and Jacob Steinhardt},
      year={2023},
      eprint={2302.14233},
      archivePrefix={arXiv},
      primaryClass={cs.CL},
      url={https://arxiv.org/abs/2302.14233}, 
}

@inproceedings{Lam24, 
   series={CHI ’24},
   title={Concept Induction: Analyzing Unstructured Text with High-Level Concepts Using LLooM},
   url={http://dx.doi.org/10.1145/3613904.3642830},
   DOI={10.1145/3613904.3642830},
   booktitle={Proceedings of the CHI Conference on Human Factors in Computing Systems},
   publisher={ACM},
   author={Lam, Michelle S. and Teoh, Janice and Landay, James A. and Heer, Jeffrey and Bernstein, Michael S.},
   year={2024}, 
   pages={1–28},
   collection={CHI ’24} 
}


@misc{Zhang23,
      title={RepoCoder: Repository-Level Code Completion Through Iterative Retrieval and Generation}, 
      author={Fengji Zhang and Bei Chen and Yue Zhang and Jacky Keung and Jin Liu and Daoguang Zan and Yi Mao and Jian-Guang Lou and Weizhu Chen},
      year={2023},
      eprint={2303.12570},
      archivePrefix={arXiv},
      primaryClass={cs.CL},
      url={https://arxiv.org/abs/2303.12570}, 
}

@misc{Liu23,
      title={RepoBench: Benchmarking Repository-Level Code Auto-Completion Systems}, 
      author={Tianyang Liu and Canwen Xu and Julian McAuley},
      year={2023},
      eprint={2306.03091},
      archivePrefix={arXiv},
      primaryClass={cs.CL},
      url={https://arxiv.org/abs/2306.03091}, 
}

@misc{Jain24,
      title={LiveCodeBench: Holistic and Contamination Free Evaluation of Large Language Models for Code}, 
      author={Naman Jain and King Han and Alex Gu and Wen-Ding Li and Fanjia Yan and Tianjun Zhang and Sida Wang and Armando Solar-Lezama and Koushik Sen and Ion Stoica},
      year={2024},
      eprint={2403.07974},
      archivePrefix={arXiv},
      primaryClass={cs.SE},
      url={https://arxiv.org/abs/2403.07974}, 
}

@misc{Zhang24,
      title={NaturalCodeBench: Examining Coding Performance Mismatch on HumanEval and Natural User Prompts}, 
      author={Shudan Zhang and Hanlin Zhao and Xiao Liu and Qinkai Zheng and Zehan Qi and Xiaotao Gu and Xiaohan Zhang and Yuxiao Dong and Jie Tang},
      year={2024},
      eprint={2405.04520},
      archivePrefix={arXiv},
      primaryClass={cs.CL},
      url={https://arxiv.org/abs/2405.04520}, 
}

@misc{Zhuo24,
      title={BigCodeBench: Benchmarking Code Generation with Diverse Function Calls and Complex Instructions}, 
      author={Terry Yue Zhuo and Minh Chien Vu and Jenny Chim and Han Hu and Wenhao Yu and Ratnadira Widyasari and Imam Nur Bani Yusuf and Haolan Zhan and Junda He and Indraneil Paul and Simon Brunner and Chen Gong and Thong Hoang and Armel Randy Zebaze and Xiaoheng Hong and Wen-Ding Li and Jean Kaddour and Ming Xu and Zhihan Zhang and Prateek Yadav and Naman Jain and Alex Gu and Zhoujun Cheng and Jiawei Liu and Qian Liu and Zijian Wang and David Lo and Binyuan Hui and Niklas Muennighoff and Daniel Fried and Xiaoning Du and Harm de Vries and Leandro Von Werra},
      year={2024},
      eprint={2406.15877},
      archivePrefix={arXiv},
      primaryClass={cs.SE},
      url={https://arxiv.org/abs/2406.15877}, 
}

@misc{Playwright,
  year = 2025,
  author       = {Microsoft},
  title        = {Playwright: Fast and Reliable End-to-End Testing for Modern Web Apps},
  howpublished = {\url{https://playwright.dev/}}
}

@misc{Expensify23Isue25889,
  year = 2024,
  author       = {Expensify},
  title        = {Issue \#25889: DEV: Share code avatar differs from profile avatar},
  howpublished = {\url{https://github.com/Expensify/App/issues/25889}},
}

@misc{Expensify23Isue41239,
  year = 2024,
  author       = {Expensify},
  title        = {Issue \#41239: Add support for copy/pasting images on iOS},
  howpublished = {\url{https://github.com/Expensify/App/issues/41239}},
}

@misc{Expensify23Isue14958,
  year = 2023,
  author       = {Expensify},
  title        = {Issue \#14958: zip/postcode validation error message not displayed for entering `,` on the Home address screen},
  howpublished = {\url{https://github.com/Expensify/App/issues/14958}},
}

@misc{Chen21,
      title={Evaluating Large Language Models Trained on Code}, 
      author={Mark Chen and Jerry Tworek and Heewoo Jun and Qiming Yuan and Henrique Ponde de Oliveira Pinto and Jared Kaplan and Harri Edwards and Yuri Burda and Nicholas Joseph and Greg Brockman and Alex Ray and Raul Puri and Gretchen Krueger and Michael Petrov and Heidy Khlaaf and Girish Sastry and Pamela Mishkin and Brooke Chan and Scott Gray and Nick Ryder and Mikhail Pavlov and Alethea Power and Lukasz Kaiser and Mohammad Bavarian and Clemens Winter and Philippe Tillet and Felipe Petroski Such and Dave Cummings and Matthias Plappert and Fotios Chantzis and Elizabeth Barnes and Ariel Herbert-Voss and William Hebgen Guss and Alex Nichol and Alex Paino and Nikolas Tezak and Jie Tang and Igor Babuschkin and Suchir Balaji and Shantanu Jain and William Saunders and Christopher Hesse and Andrew N. Carr and Jan Leike and Josh Achiam and Vedant Misra and Evan Morikawa and Alec Radford and Matthew Knight and Miles Brundage and Mira Murati and Katie Mayer and Peter Welinder and Bob McGrew and Dario Amodei and Sam McCandlish and Ilya Sutskever and Wojciech Zaremba},
      year={2021},
      eprint={2107.03374},
      archivePrefix={arXiv},
      primaryClass={cs.LG},
      url={https://arxiv.org/abs/2107.03374}, 
}

@misc{Hendrycks21,
      title={Measuring Coding Challenge Competence With APPS}, 
      author={Dan Hendrycks and Steven Basart and Saurav Kadavath and Mantas Mazeika and Akul Arora and Ethan Guo and Collin Burns and Samir Puranik and Horace He and Dawn Song and Jacob Steinhardt},
      year={2021},
      eprint={2105.09938},
      archivePrefix={arXiv},
      primaryClass={cs.SE},
      url={https://arxiv.org/abs/2105.09938}, 
}

@article{Chowdhury24,
  title={Introducing SWE-bench Verified},
  author={Chowdhury, Neil and Aung, James and Shern, Chan Jun and Jaffe, Oliver and Sherburn, Dane and Starace, Giulio and Mays, Evan and Dias, Rachel and Aljubeh, Marwan and Glaese, Mia and Jimenez, Carlos E. and Yang, John and Liu, Kevin and Madry, Aleksander},
  journal={arXiv preprint arXiv:2407.01489},
  year={2024}
}

@misc{openaipf,
  title        = {OpenAI Preparedness Framework},
  author       = {OpenAI},
  year         = 2023,
  url          = {https://cdn.openai.com/openai-preparedness-framework-beta.pdf},
}

@techreport{anthropicrsp24,
  title        = {Responsible Scaling Policy},
  author       = {Anthropic},
  year         = 2024,
  month        = oct,
  url          = {https://assets.anthropic.com/m/24a47b00f10301cd/original/Anthropic-Responsible-Scaling-Policy-2024-10-15.pdf},
  institution  = {Anthropic},
}

@misc{googlefsf,
  title        = {Introducing the Frontier Safety Framework},
  author       = {Google DeepMind},
  year         = 2024,
  url          = {https://deepmind.com/blog/article/introducing-the-frontier-safety-framework},
}

@misc{Muennighoff24,
      title={OctoPack: Instruction Tuning Code Large Language Models}, 
      author={Niklas Muennighoff and Qian Liu and Armel Zebaze and Qinkai Zheng and Binyuan Hui and Terry Yue Zhuo and Swayam Singh and Xiangru Tang and Leandro von Werra and Shayne Longpre},
      year={2024},
      eprint={2308.07124},
      archivePrefix={arXiv},
      primaryClass={cs.CL},
      url={https://arxiv.org/abs/2308.07124}, 
}

@manual{chatAPI,
  title        = {Chat API Documentation},
  author       = {OpenAI},
  year         = 2025,
  url          = {https://platform.openai.com/docs/api-reference/chat}
}

@manual{authenticationAPI,
  title        = {OpenAI Authentication API Documentation},
  author       = {OpenAI},
  year         = 2025,
  url          = {https://platform.openai.com/docs/api-reference/authentication}
}


@misc{Dekoninck24,
      title={ConStat: Performance-Based Contamination Detection in Large Language Models}, 
      author={Jasper Dekoninck and Mark Niklas Müller and Martin Vechev},
      year={2024},
      eprint={2405.16281},
      archivePrefix={arXiv},
      primaryClass={cs.CL},
      url={https://arxiv.org/abs/2405.16281}, 
}

@misc{quan2025codeelo,
  title        = {CODEELO: Benchmarking Competition-level Code Generation of LLMs with Human-comparable Elo Ratings},
  author       = {Quan, Shanghaoran and Yang, Jiaxi and Yu, Bowen and Zheng, Bo and Liu, Dayiheng and Yang, An and Ren, Xuancheng and Gao, Bofei and Miao, Yibo and Feng, Yunlong and Wang, Zekun and Yang, Jian and Cui, Zeyu and Fan, Yang and Zhang, Yichang and Hui, Binyuan and Lin, Junyang and Qwen Team, Alibaba Group},
  howpublished = {arXiv preprint arXiv:2501.01257},
  year         = {2025},
  url          = {https://arxiv.org/abs/2501.01257}
}

@article{Gupta2020Freelancers,
  title     = {Freelancers in the Software Development Process: A Systematic Mapping Study},
  author    = {Gupta, Varun and Fern\'{a}ndez-Crehuet, Jos\'{e} Mar\'{i}a and Hanne, Thomas},
  journal   = {Processes},
  volume    = {8},
  number    = {10},
  pages     = {1215},
  year      = {2020},
  doi       = {10.3390/pr8101215},
  url       = {https://www.mdpi.com/2227-9717/8/10/1215},
}

