@article{Chowdhury24,
  title={Introducing SWE-bench Verified},
  author={Chowdhury, Neil and Aung, James and Shern, Chan Jun and Jaffe, Oliver and Sherburn, Dane and Starace, Giulio and Mays, Evan and Dias, Rachel and Aljubeh, Marwan and Glaese, Mia and Jimenez, Carlos E. and Yang, John and Liu, Kevin and Madry, Aleksander},
  journal={arXiv preprint arXiv:2407.01489},
  year={2024}
}

@misc{Jain24,
      title={LiveCodeBench: Holistic and Contamination Free Evaluation of Large Language Models for Code}, 
      author={Naman Jain and King Han and Alex Gu and Wen-Ding Li and Fanjia Yan and Tianjun Zhang and Sida Wang and Armando Solar-Lezama and Koushik Sen and Ion Stoica},
      year={2024},
      eprint={2403.07974},
      archivePrefix={arXiv},
      primaryClass={cs.SE},
      url={https://arxiv.org/abs/2403.07974}, 
}

@misc{Jiminez24,
      title={SWE-bench: Can Language Models Resolve Real-World GitHub Issues?}, 
      author={Carlos E. Jimenez and John Yang and Alexander Wettig and Shunyu Yao and Kexin Pei and Ofir Press and Karthik Narasimhan},
      year={2024},
      eprint={2310.06770},
      archivePrefix={arXiv},
      primaryClass={cs.CL},
      url={https://arxiv.org/abs/2310.06770}, 
}

@inproceedings{Lam24, 
   series={CHI ’24},
   title={Concept Induction: Analyzing Unstructured Text with High-Level Concepts Using LLooM},
   url={http://dx.doi.org/10.1145/3613904.3642830},
   DOI={10.1145/3613904.3642830},
   booktitle={Proceedings of the CHI Conference on Human Factors in Computing Systems},
   publisher={ACM},
   author={Lam, Michelle S. and Teoh, Janice and Landay, James A. and Heer, Jeffrey and Bernstein, Michael S.},
   year={2024}, 
   pages={1–28},
   collection={CHI ’24} 
}

@misc{Liu23,
      title={RepoBench: Benchmarking Repository-Level Code Auto-Completion Systems}, 
      author={Tianyang Liu and Canwen Xu and Julian McAuley},
      year={2023},
      eprint={2306.03091},
      archivePrefix={arXiv},
      primaryClass={cs.CL},
      url={https://arxiv.org/abs/2306.03091}, 
}

@misc{Muennighoff24,
      title={OctoPack: Instruction Tuning Code Large Language Models}, 
      author={Niklas Muennighoff and Qian Liu and Armel Zebaze and Qinkai Zheng and Binyuan Hui and Terry Yue Zhuo and Swayam Singh and Xiangru Tang and Leandro von Werra and Shayne Longpre},
      year={2024},
      eprint={2308.07124},
      archivePrefix={arXiv},
      primaryClass={cs.CL},
      url={https://arxiv.org/abs/2308.07124}, 
}

@misc{Tian24,
      title={SciCode: A Research Coding Benchmark Curated by Scientists}, 
      author={Minyang Tian and Luyu Gao and Shizhuo Dylan Zhang and Xinan Chen and Cunwei Fan and Xuefei Guo and Roland Haas and Pan Ji and Kittithat Krongchon and Yao Li and Shengyan Liu and Di Luo and Yutao Ma and Hao Tong and Kha Trinh and Chenyu Tian and Zihan Wang and Bohao Wu and Yanyu Xiong and Shengzhu Yin and Minhui Zhu and Kilian Lieret and Yanxin Lu and Genglin Liu and Yufeng Du and Tianhua Tao and Ofir Press and Jamie Callan and Eliu Huerta and Hao Peng},
      year={2024},
      eprint={2407.13168},
      archivePrefix={arXiv},
      primaryClass={cs.AI},
      url={https://arxiv.org/abs/2407.13168}, 
}

@misc{Yang24,
      title={SWE-bench Multimodal: Do AI Systems Generalize to Visual Software Domains?}, 
      author={John Yang and Carlos E. Jimenez and Alex L. Zhang and Kilian Lieret and Joyce Yang and Xindi Wu and Ori Press and Niklas Muennighoff and Gabriel Synnaeve and Karthik R. Narasimhan and Diyi Yang and Sida I. Wang and Ofir Press},
      year={2024},
      eprint={2410.03859},
      archivePrefix={arXiv},
      primaryClass={cs.CL},
      url={https://arxiv.org/abs/2410.03859}, 
}

@misc{Zhang24,
      title={NaturalCodeBench: Examining Coding Performance Mismatch on HumanEval and Natural User Prompts}, 
      author={Shudan Zhang and Hanlin Zhao and Xiao Liu and Qinkai Zheng and Zehan Qi and Xiaotao Gu and Xiaohan Zhang and Yuxiao Dong and Jie Tang},
      year={2024},
      eprint={2405.04520},
      archivePrefix={arXiv},
      primaryClass={cs.CL},
      url={https://arxiv.org/abs/2405.04520}, 
}

@misc{Zhong23,
      title={Goal Driven Discovery of Distributional Differences via Language Descriptions}, 
      author={Ruiqi Zhong and Peter Zhang and Steve Li and Jinwoo Ahn and Dan Klein and Jacob Steinhardt},
      year={2023},
      eprint={2302.14233},
      archivePrefix={arXiv},
      primaryClass={cs.CL},
      url={https://arxiv.org/abs/2302.14233}, 
}

@misc{Zhuo24,
      title={BigCodeBench: Benchmarking Code Generation with Diverse Function Calls and Complex Instructions}, 
      author={Terry Yue Zhuo and Minh Chien Vu and Jenny Chim and Han Hu and Wenhao Yu and Ratnadira Widyasari and Imam Nur Bani Yusuf and Haolan Zhan and Junda He and Indraneil Paul and Simon Brunner and Chen Gong and Thong Hoang and Armel Randy Zebaze and Xiaoheng Hong and Wen-Ding Li and Jean Kaddour and Ming Xu and Zhihan Zhang and Prateek Yadav and Naman Jain and Alex Gu and Zhoujun Cheng and Jiawei Liu and Qian Liu and Zijian Wang and David Lo and Binyuan Hui and Niklas Muennighoff and Daniel Fried and Xiaoning Du and Harm de Vries and Leandro Von Werra},
      year={2024},
      eprint={2406.15877},
      archivePrefix={arXiv},
      primaryClass={cs.SE},
      url={https://arxiv.org/abs/2406.15877}, 
}

