@article{bajaj2024graph,
  title={Graph Neural Network Training Systems: A Performance Comparison of Full-Graph and Mini-Batch},
  author={Bajaj, Saurabh and Son, Hojae and Liu, Juelin and Guan, Hui and Serafini, Marco},
  journal={arXiv preprint arXiv:2406.00552},
  year={2024}
}

@book{bishop2006pattern,
  title={Pattern recognition and machine learning},
  author={Bishop, Christopher M and Nasrabadi, Nasser M},
  volume={4},
  year={2006},
  publisher={Springer}
}

@article{bottou1991stochastic,
  title={Stochastic gradient learning in neural networks},
  author={Bottou, L{\'e}on and others},
  journal={Proceedings of Neuro-N{\i}mes},
  volume={91},
  number={8},
  pages={12},
  year={1991},
  publisher={Nimes}
}

@article{bottou2007tradeoffs,
  title={The tradeoffs of large scale learning},
  author={Bottou, L{\'e}on and Bousquet, Olivier},
  journal={Advances in neural information processing systems},
  volume={20},
  year={2007}
}

@article{byrd2012sample,
  title={Sample size selection in optimization methods for machine learning},
  author={Byrd, Richard H and Chin, Gillian M and Nocedal, Jorge and Wu, Yuchen},
  journal={Mathematical programming},
  volume={134},
  number={1},
  pages={127--155},
  year={2012},
  publisher={Springer}
}

@article{chen2022universal,
  title={A universal graph deep learning interatomic potential for the periodic table},
  author={Chen, Chi and Ong, Shyue Ping},
  journal={Nature Computational Science},
  volume={2},
  number={11},
  pages={718--728},
  year={2022},
  publisher={Nature Publishing Group US New York}
}

@article{ferludin2023tfgnn,
  author  = {Oleksandr Ferludin and Arno Eigenwillig and Martin Blais and
             Dustin Zelle and Jan Pfeifer and Alvaro Sanchez{-}Gonzalez and
             Wai Lok Sibon Li and Sami Abu{-}El{-}Haija and Peter Battaglia and
             Neslihan Bulut and Jonathan Halcrow and
             Filipe Miguel Gon{\c{c}}alves de Almeida and Pedro Gonnet and
             Liangze Jiang and Parth Kothari and Silvio Lattanzi and 
             Andr{\'{e}} Linhares and Brandon Mayer and Vahab Mirrokni and
             John Palowitch and Mihir Paradkar and Jennifer She and
             Anton Tsitsulin and Kevin Villela and Lisa Wang and David Wong and
             Bryan Perozzi},
  title   = {{TF-GNN:} Graph Neural Networks in TensorFlow},
  journal = {CoRR},
  volume  = {abs/2207.03522},
  year    = {2023},
  url     = {http://arxiv.org/abs/2207.03522},
}

@article{fey2019fast,
  title={Fast graph representation learning with PyTorch Geometric},
  author={Fey, Matthias and Lenssen, Jan Eric},
  journal={arXiv preprint arXiv:1903.02428},
  year={2019}
}

@book{hastie2009elements,
  title={The elements of statistical learning: data mining, inference, and prediction},
  author={Hastie, Trevor},
  year={2009},
  publisher={Springer}
}

@misc{jax2018github,
  author = {James Bradbury and Roy Frostig and Peter Hawkins and Matthew James Johnson and Chris Leary and Dougal Maclaurin and George Necula and Adam Paszke and Jake Vander{P}las and Skye Wanderman-{M}ilne and Qiao Zhang},
  title = {{JAX}: composable transformations of {P}ython+{N}um{P}y programs},
  url = {http://github.com/google/jax},
  version = {0.3.13},
  year = {2018},
}

@misc{jraph2020github,
  author = {Jonathan Godwin* and Thomas Keck* and Peter Battaglia and Victor Bapst and Thomas Kipf and Yujia Li and Kimberly Stachenfeld and Petar Veli\v{c}kovi\'{c} and Alvaro Sanchez-Gonzalez},
  title = {{J}raph: {A} library for graph neural networks in jax.},
  url = {http://github.com/deepmind/jraph},
  version = {0.0.1.dev},
  year = {2020},
}

@inproceedings{kochura2019batch,
  title={Batch size influence on performance of graphic and tensor processing units during training and inference phases},
  author={Kochura, Yuriy and Gordienko, Yuri and Taran, Vlad and Gordienko, Nikita and Rokovyi, Alexandr and Alienin, Oleg and Stirenko, Sergii},
  booktitle={International Conference on Computer Science, Engineering and Education Applications},
  pages={658--668},
  year={2019},
  organization={Springer}
}

@inproceedings{lister1995empirical,
  title={An empirical study of the time complexity of various error functions with conjugate gradient backpropagation},
  author={Lister, Raymond and Stone, James V},
  booktitle={Proceedings of ICNN'95-International Conference on Neural Networks},
  volume={1},
  pages={237--241},
  year={1995},
  organization={IEEE}
}

@misc{ptgnn2022microsoft,
  author = {Miltos Allamanis and Amir Mir and Sarthak Pati },
  title = {ptgnn: A PyTorch GNN Library},
  url = {https://github.com/microsoft/ptgnn},
  version = {v1.3.4},
  year = {2022},
}

@inproceedings{tang2019impact,
  title={The impact of padding on image classification by using pre-trained convolutional neural networks},
  author={Tang, Hongxiang and Ortis, Alessandro and Battiato, Sebastiano},
  booktitle={Image Analysis and Processing--ICIAP 2019: 20th International Conference, Trento, Italy, September 9--13, 2019, Proceedings, Part II 20},
  pages={337--344},
  year={2019},
  organization={Springer}
}

@article{wan2022pipegcn,
  title={PipeGCN: Efficient full-graph training of graph convolutional networks with pipelined feature communication},
  author={Wan, Cheng and Li, Youjie and Wolfe, Cameron R and Kyrillidis, Anastasios and Kim, Nam Sung and Lin, Yingyan},
  journal={arXiv preprint arXiv:2203.10428},
  year={2022}
}

