@article{schutt2018schnet,
  title={Schnet--a deep learning architecture for molecules and materials},
  author={Sch{\"u}tt, Kristof T and Sauceda, Huziel E and Kindermans, P-J and Tkatchenko, Alexandre and M{\"u}ller, K-R},
  journal={The Journal of Chemical Physics},
  volume={148},
  number={24},
  year={2018},
  publisher={AIP Publishing}
}

@article{bechtel2023band,
  title={Band-gap regression with architecture-optimized message-passing neural networks},
  author={Bechtel, Tim and Speckhard, Daniel T and Godwin, Jonathan and Draxl, Claudia},
  journal={arXiv preprint arXiv:2309.06348},
  year={2023}
}

@article{zoph2016neural,
  title={Neural architecture search with reinforcement learning},
  author={Zoph, B},
  journal={arXiv preprint arXiv:1611.01578},
  year={2016}
}

@article{chen2022universal,
  title={A universal graph deep learning interatomic potential for the periodic table},
  author={Chen, Chi and Ong, Shyue Ping},
  journal={Nature Computational Science},
  volume={2},
  number={11},
  pages={718--728},
  year={2022},
  publisher={Nature Publishing Group US New York}
}

@article{fey2019fast,
  title={Fast graph representation learning with PyTorch Geometric},
  author={Fey, Matthias and Lenssen, Jan Eric},
  journal={arXiv preprint arXiv:1903.02428},
  year={2019}
}

@article{ferludin2023tfgnn,
  author  = {Oleksandr Ferludin and Arno Eigenwillig and Martin Blais and
             Dustin Zelle and Jan Pfeifer and Alvaro Sanchez{-}Gonzalez and
             Wai Lok Sibon Li and Sami Abu{-}El{-}Haija and Peter Battaglia and
             Neslihan Bulut and Jonathan Halcrow and
             Filipe Miguel Gon{\c{c}}alves de Almeida and Pedro Gonnet and
             Liangze Jiang and Parth Kothari and Silvio Lattanzi and 
             Andr{\'{e}} Linhares and Brandon Mayer and Vahab Mirrokni and
             John Palowitch and Mihir Paradkar and Jennifer She and
             Anton Tsitsulin and Kevin Villela and Lisa Wang and David Wong and
             Bryan Perozzi},
  title   = {{TF-GNN:} Graph Neural Networks in TensorFlow},
  journal = {CoRR},
  volume  = {abs/2207.03522},
  year    = {2023},
  url     = {http://arxiv.org/abs/2207.03522},
}


@article{speckhard2023neural,
  title={Neural architecture search for energy-efficient always-on audio machine learning},
  author={Speckhard, Daniel T and Misiunas, Karolis and Perel, Sagi and Zhu, Tenghui and Carlile, Simon and Slaney, Malcolm},
  journal={Neural Computing and Applications},
  volume={35},
  number={16},
  pages={12133--12144},
  year={2023},
  publisher={Springer}
}

@book{hastie2009elements,
  title={The elements of statistical learning: data mining, inference, and prediction},
  author={Hastie, Trevor},
  year={2009},
  publisher={Springer}
}

@book{bishop2006pattern,
  title={Pattern recognition and machine learning},
  author={Bishop, Christopher M and Nasrabadi, Nasser M},
  volume={4},
  year={2006},
  publisher={Springer}
}



@article{bottou1991stochastic,
  title={Stochastic gradient learning in neural networks},
  author={Bottou, L{\'e}on and others},
  journal={Proceedings of Neuro-N{\i}mes},
  volume={91},
  number={8},
  pages={12},
  year={1991},
  publisher={Nimes}
}

@article{bottou2007tradeoffs,
  title={The tradeoffs of large scale learning},
  author={Bottou, L{\'e}on and Bousquet, Olivier},
  journal={Advances in neural information processing systems},
  volume={20},
  year={2007}
}

@misc{jax2018github,
  author = {James Bradbury and Roy Frostig and Peter Hawkins and Matthew James Johnson and Chris Leary and Dougal Maclaurin and George Necula and Adam Paszke and Jake Vander{P}las and Skye Wanderman-{M}ilne and Qiao Zhang},
  title = {{JAX}: composable transformations of {P}ython+{N}um{P}y programs},
  url = {http://github.com/google/jax},
  version = {0.3.13},
  year = {2018},
}

@inproceedings{lister1995empirical,
  title={An empirical study of the time complexity of various error functions with conjugate gradient backpropagation},
  author={Lister, Raymond and Stone, James V},
  booktitle={Proceedings of ICNN'95-International Conference on Neural Networks},
  volume={1},
  pages={237--241},
  year={1995},
  organization={IEEE}
}

@inproceedings{tang2019impact,
  title={The impact of padding on image classification by using pre-trained convolutional neural networks},
  author={Tang, Hongxiang and Ortis, Alessandro and Battiato, Sebastiano},
  booktitle={Image Analysis and Processing--ICIAP 2019: 20th International Conference, Trento, Italy, September 9--13, 2019, Proceedings, Part II 20},
  pages={337--344},
  year={2019},
  organization={Springer}
}


@misc{jraph2020github,
  author = {Jonathan Godwin* and Thomas Keck* and Peter Battaglia and Victor Bapst and Thomas Kipf and Yujia Li and Kimberly Stachenfeld and Petar Veli\v{c}kovi\'{c} and Alvaro Sanchez-Gonzalez},
  title = {{J}raph: {A} library for graph neural networks in jax.},
  url = {http://github.com/deepmind/jraph},
  version = {0.0.1.dev},
  year = {2020},
}

@misc{ptgnn2022microsoft,
  author = {Miltos Allamanis and Amir Mir and Sarthak Pati },
  title = {ptgnn: A PyTorch GNN Library},
  url = {https://github.com/microsoft/ptgnn},
  version = {v1.3.4},
  year = {2022},
}

@article{wan2022pipegcn,
  title={PipeGCN: Efficient full-graph training of graph convolutional networks with pipelined feature communication},
  author={Wan, Cheng and Li, Youjie and Wolfe, Cameron R and Kyrillidis, Anastasios and Kim, Nam Sung and Lin, Yingyan},
  journal={arXiv preprint arXiv:2203.10428},
  year={2022}
}

@article{bajaj2024graph,
  title={Graph Neural Network Training Systems: A Performance Comparison of Full-Graph and Mini-Batch},
  author={Bajaj, Saurabh and Son, Hojae and Liu, Juelin and Guan, Hui and Serafini, Marco},
  journal={arXiv preprint arXiv:2406.00552},
  year={2024}
}

@article{zhao2018novel,
  title={A novel softplus linear unit for deep convolutional neural networks},
  author={Zhao, Huizhen and Liu, Fuxian and Li, Longyue and Luo, Chang},
  journal={Applied Intelligence},
  volume={48},
  pages={1707--1720},
  year={2018},
  publisher={Springer}
}

@article{speckhard2025big,
  title={How big is big data?},
  author={Speckhard, Daniel and Bechtel, Tim and Ghiringhelli, Luca M and Kuban, Martin and Rigamonti, Santiago and Draxl, Claudia},
  journal={Faraday Discussions},
  year={2025},
  publisher={Royal Society of Chemistry}
}

@inproceedings{bender2021dangers,
  title={On the dangers of stochastic parrots: Can language models be too big?��},
  author={Bender, Emily M and Gebru, Timnit and McMillan-Major, Angelina and Shmitchell, Shmargaret},
  booktitle={Proceedings of the 2021 ACM conference on fairness, accountability, and transparency},
  pages={610--623},
  year={2021}
}



@article{li2024quantum,
  title={When Do Quantum Mechanical Descriptors Help Graph Neural Networks to Predict Chemical Properties?},
  author={Li, Shih-Cheng and Wu, Haoyang and Menon, Angiras and Spiekermann, Kevin A and Li, Yi-Pei and Green, William H},
  journal={Journal of the American Chemical Society},
  volume={146},
  number={33},
  pages={23103--23120},
  year={2024},
  publisher={ACS Publications}
}


@article{reiser2022graph,
  title={Graph neural networks for materials science and chemistry},
  author={Reiser, Patrick and Neubert, Marlen and Eberhard, Andr{\'e} and Torresi, Luca and Zhou, Chen and Shao, Chen and Metni, Houssam and van Hoesel, Clint and Schopmans, Henrik and Sommer, Timo and others},
  journal={Communications Materials},
  volume={3},
  number={1},
  pages={1--18},
  year={2022},
  publisher={Nature Publishing Group}
}

@article{jorgensen2018neural,
  title={Neural message passing with edge updates for predicting properties of molecules and materials},
  author={J{\o}rgensen, Peter Bj{\o}rn and Jacobsen, Karsten Wedel and Schmidt, Mikkel N},
  journal={arXiv preprint arXiv:1806.03146},
  year={2018}
}

@article{byrd2012sample,
  title={Sample size selection in optimization methods for machine learning},
  author={Byrd, Richard H and Chin, Gillian M and Nocedal, Jorge and Wu, Yuchen},
  journal={Mathematical programming},
  volume={134},
  number={1},
  pages={127--155},
  year={2012},
  publisher={Springer}
}

@article{hu2020batch,
  title={On Batch-size Selection for Stochastic Training for Graph Neural Networks},
  author={Hu, Yaochen and Levi, Amit and Kumar, Ishaan and Zhang, Yingxue and Coates, Mark},
  year={2020}
}

@inproceedings{gao2021graph,
  title={Graph neural architecture search},
  author={Gao, Yang and Yang, Hong and Zhang, Peng and Zhou, Chuan and Hu, Yue},
  booktitle={International joint conference on artificial intelligence},
  year={2021},
  organization={International Joint Conference on Artificial Intelligence}
}

@article{patterson2021carbon,
  title={Carbon emissions and large neural network training},
  author={Patterson, David and Gonzalez, Joseph and Le, Quoc and Liang, Chen and Munguia, Lluis-Miquel and Rothchild, Daniel and So, David and Texier, Maud and Dean, Jeff},
  journal={arXiv preprint arXiv:2104.10350},
  year={2021}
}


@article{kipf2016semi,
  title={Semi-supervised classification with graph convolutional networks},
  author={Kipf, Thomas N and Welling, Max},
  journal={arXiv preprint arXiv:1609.02907},
  year={2016}
}

@article{korolev2024carbon,
  title={The carbon footprint of predicting CO2 storage capacity in metal-organic frameworks within neural networks},
  author={Korolev, Vadim and Mitrofanov, Artem},
  journal={Iscience},
  volume={27},
  number={5},
  year={2024},
  publisher={Elsevier}
}


@article{xu2018powerful,
  title={How powerful are graph neural networks?},
  author={Xu, Keyulu and Hu, Weihua and Leskovec, Jure and Jegelka, Stefanie},
  journal={arXiv preprint arXiv:1810.00826},
  year={2018}
}

@inproceedings{sanchez2020learning,
  title={Learning to simulate complex physics with graph networks},
  author={Sanchez-Gonzalez, Alvaro and Godwin, Jonathan and Pfaff, Tobias and Ying, Rex and Leskovec, Jure and Battaglia, Peter},
  booktitle={International conference on machine learning},
  pages={8459--8468},
  year={2020},
  organization={PMLR}
}

@article{neumann2024orb,
  title={Orb: A Fast, Scalable Neural Network Potential},
  author={Neumann, Mark and Gin, James and Rhodes, Benjamin and Bennett, Steven and Li, Zhiyi and Choubisa, Hitarth and Hussey, Arthur and Godwin, Jonathan},
  journal={arXiv preprint arXiv:2410.22570},
  year={2024}
}

@article{choudhary2022graph,
  title={Graph neural network predictions of metal organic framework CO2 adsorption properties},
  author={Choudhary, Kamal and Yildirim, Taner and Siderius, Daniel W and Kusne, A Gilad and McDannald, Austin and Ortiz-Montalvo, Diana L},
  journal={Computational Materials Science},
  volume={210},
  pages={111388},
  year={2022},
  publisher={Elsevier}
}


@inproceedings{kochura2019batch,
  title={Batch size influence on performance of graphic and tensor processing units during training and inference phases},
  author={Kochura, Yuriy and Gordienko, Yuri and Taran, Vlad and Gordienko, Nikita and Rokovyi, Alexandr and Alienin, Oleg and Stirenko, Sergii},
  booktitle={International Conference on Computer Science, Engineering and Education Applications},
  pages={658--668},
  year={2019},
  organization={Springer}
}

@article{schaarschmidt2022learned,
  title={Learned Force Fields Are Ready For Ground State Catalyst Discovery},
  author={Schaarschmidt, Michael and Riviere, Morgane and Ganose, Alex M and Spencer, James S and Gaunt, Alexander L and Kirkpatrick, James and Axelrod, Simon and Battaglia, Peter W and Godwin, Jonathan},
  journal={arXiv preprint arXiv:2209.12466},
  year={2022}
}

@misc{ravendocs,
  title={Raven User Guide - Harware documentation},
  howpublished = {\url{https://docs.mpcdf.mpg.de/doc/computing/raven-user-guide.html#hardware-configuration}},
  note={Accessed: 20-01-2025}
}

@article{ramakrishnan2014quantum,
  title={Quantum chemistry structures and properties of 134 kilo molecules},
  author={Ramakrishnan, Raghunathan and Dral, Pavlo O and Rupp, Matthias and Von Lilienfeld, O Anatole},
  journal={Scientific data},
  volume={1},
  number={1},
  pages={1--7},
  year={2014},
  publisher={Nature Publishing Group}
}

@article{curtarolo2012aflow,
  title={AFLOW: An automatic framework for high-throughput materials discovery},
  author={Curtarolo, Stefano and Setyawan, Wahyu and Hart, Gus LW and Jahnatek, Michal and Chepulskii, Roman V and Taylor, Richard H and Wang, Shidong and Xue, Junkai and Yang, Kesong and Levy, Ohad and others},
  journal={Computational Materials Science},
  volume={58},
  pages={218--226},
  year={2012},
  publisher={Elsevier}
}
