@inproceedings{AlSarraj2018,
  author = {Al-Sarraj, Wael F. and Lubbad, Heba M.},
  title = {Bias Detection of Palestinian/Israeli Conflict in Western Media: A Sentiment Analysis Experimental Study},
  booktitle = {2018 International Conference on Promising Electronic Technologies (ICPET)},
  year = {2018},
  organization = {Islamic University of Gaza},
  address = {Gaza, Palestine},
  doi = {10.1109/ICPET.2018.00000},
}

@inproceedings{abercrombie2020parlvote,
  title={ParlVote: A Corpus for Sentiment Analysis of Political Debates},
  author={Abercrombie, G. and Batista-Navarro, R.},
  booktitle={Proceedings of the 12th Conference on Language Resources and Evaluation (LREC 2020)},
  pages={5073--5078},
  year={2020},
  organization={European Language Resources Association (ELRA)},
  note={Licensed under CC-BY-NC}
}

@article{abrar2025religious,
  title={Religious Bias Landscape in Language and Text-to-Image Models: Analysis, Detection, and Debiasing Strategies},
  author={Abrar, Ajwad and Oeshy, Nafisa Tabassum and Kabir, Mohsinul and Ananiadou, Sophia},
  journal={arXiv preprint arXiv:2501.08441},
  year={2025}
}

@article{ansari2020analysis,
  title={Analysis of Political Sentiment Orientations on Twitter},
  author={Ansari, M. Z. and Aziz, M. B. and Siddiqui, M. O. and Mehra, H. and Singh, K. P.},
  journal={Procedia Computer Science},
  volume={167},
  pages={1821--1828},
  year={2020},
  publisher={Elsevier},
  doi={10.1016/j.procs.2020.03.201}
}

@article{antypas2023negativity,
  title={Negativity spreads faster: A large-scale multilingual Twitter analysis on the role of sentiment in political communication},
  author={Antypas, D. and Preece, A. and Camacho-Collados, J.},
  journal={Online Social Networks and Media},
  volume={33},
  pages={100242},
  year={2023},
  doi={10.1016/j.osnem.2023.100242}
}

@inproceedings{bhatia2018topic,
  title={Topic-specific sentiment analysis can help identify political ideology},
  author={Bhatia, S. and Deepak, P.},
  booktitle={Proceedings of the 9th Workshop on Computational Approaches to Subjectivity, Sentiment and Social Media Analysis},
  pages={79--84},
  year={2018},
  doi={10.18653/v1/P17}
}

@inproceedings{buyukoz2020analyzing,
  title={Analyzing ELMo and DistilBERT on Socio-political News Classification},
  author={B{\"u}y{\"u}koz, B. and H{\"u}rriyetoglu, A. and {\"O}zg{\"u}r, A.},
  booktitle={Proceedings of AESPEN 2020, Language Resources and Evaluation Conference (LREC 2020)},
  pages={9--18},
  year={2020}
}

@inproceedings{feng2023from,
  title={From Pretraining Data to Language Models to Downstream Tasks: Tracking the Trails of Political Biases Leading to Unfair NLP Models},
  author={Feng, S. and Park, C. Y. and Liu, Y. and Tsvetkov, Y.},
  booktitle={Proceedings of the 61st Annual Meeting of the Association for Computational Linguistics},
  pages={11737--11762},
  year={2023}
}

@inproceedings{ferracane2023integrated,
  title={An integrated approach for political bias prediction and explanation based on discursive structure},
  author={Ferracane, E. and Baly, R. and Martino, G. D. S. and Barr{\'o}n-Cede{\~n}o, A. and Nakov, P.},
  booktitle={Proceedings of the 61st Annual Meeting of the Association for Computational Linguistics (Volume 1: Long Papers)},
  pages={11195--11205},
  year={2023}
}

@inproceedings{hamborg2021news,
  title={NewsMTSC: A Dataset for (Multi-)Target-dependent Sentiment Classification in Political News Articles},
  author={Hamborg, F. and Donnay, K.},
  booktitle={Proceedings of the 16th Conference of the European Chapter of the Association for Computational Linguistics},
  pages={1663--1675},
  year={2021}
}

@misc{hernandes2024llms,
  title={LLMs left, right, and center: Assessing GPT’s capabilities to label political bias from web domains},
  author={Hernandes, R.},
  school={Leverhulme Centre for the Future of Intelligence, University of Cambridge},
  year={2024}
}

@misc{imtiaz2022takingsidespublicopinion,
      title={Taking sides: Public Opinion over the Israel-Palestine Conflict in 2021}, 
      author={Arsal Imtiaz and Danish Khan and Hanjia Lyu and Jiebo Luo},
      year={2022},
      eprint={2201.05961},
      archivePrefix={arXiv},
      primaryClass={cs.SI},
      url={https://arxiv.org/abs/2201.05961}, 
}

@inproceedings{iyyer2014political,
  title={Political Ideology Detection Using Recursive Neural Networks},
  author={Iyyer, M. and Enns, P. and Boyd-Graber, J. and Resnik, P.},
  booktitle={Proceedings of the 52nd Annual Meeting of the Association for Computational Linguistics (Volume 1: Long Papers)},
  pages={1117--1127},
  year={2014}
}

@article{khatua2020predicting,
  title={Predicting political sentiments of voters from Twitter in multi-party contexts},
  author={Khatua, A. and Khatua, A. and Cambria, E.},
  journal={Applied Soft Computing},
  volume={97},
  pages={106743},
  year={2020},
  doi={10.1016/j.asoc.2020.106743}
}

@inproceedings{kim2022close,
  title={CLoSE: Contrastive Learning of Subframe Embeddings for Political Bias Classification of News Media},
  author={Kim, M. Y. and Johnson, K. M.},
  booktitle={Proceedings of the 29th International Conference on Computational Linguistics},
  pages={2780--2793},
  year={2022}
}

@inproceedings{kuila2024deciphering,
  title={Deciphering Political Entity Sentiment in News with Large Language Models: Zero-Shot and Few-Shot Strategies},
  author={Kuila, A. and Sarkar, S.},
  booktitle={Proceedings of the Second Workshop on Natural Language Processing for Political Sciences (PoliticalNLP 2024)},
  pages={1--11},
  year={2024},
  organization={ELRA Language Resource Association},
  note={CC BY-NC 4.0}
}

@article{kwon2024sentiment,
  title={Sentiment analysis of the United States public support of nuclear power on social media using large language models},
  author={Kwon, O. H. and Vu, K. and Bhargava, N. and others},
  journal={Renewable and Sustainable Energy Reviews},
  volume={200},
  pages={114570},
  year={2024},
  publisher={Elsevier},
  doi={10.1016/j.rser.2024.114570}
}

@misc{ozturk2024ideology,
  title={Ideology detection using transformer-based machine learning models},
  author={{\"O}zt{\"u}rk, O. and {\"O}zcan, A.},
  school={Nişantaşı University},
  year={2024},
  address={İstanbul / Türkiye}
}

@article{pit2023whose,
  title={Whose side are you on? Investigating the political stance of large language models},
  author={Pit, P. and Ma, X. and Conway, M. and Chen, Q. and Bailey, J. and Pit, H. and Keo, P. and Diep, W. and Jiang, Y.-G.},
  journal={New Media \& Society},
  year={2023}
}

@article{rosenberg2023sentiment,
  title={Sentiment analysis on Twitter data towards climate action},
  author={Rosenberg, E. and Tarazona, C. and Mallor, F. and Eivazi, H. and Pastor-Escuredo, D. and Fuso-Nerini, F. and Vinuesa, R.},
  journal={Results in Engineering},
  volume={19},
  pages={101287},
  year={2023},
  publisher={Elsevier},
  doi={10.1016/j.rineng.2023.101287}
}

