
@article{jackson2007political,
  title={Political Bias and War},
  author={Jackson, Matthew O. and Morelli, Massimo},
  journal={American Economic Review},
  volume={97},
  number={4},
  pages={1353--1373},
  year={2007},
  publisher={American Economic Association},
  doi={10.1257/aer.97.4.1353}
}

@article{kubin2021role,
  title={The role of (social) media in political polarization: a systematic review},
  author={Kubin, E. and von Sikorski, C.},
  journal={Annals of the International Communication Association},
  volume={45},
  number={3},
  pages={188--206},
  year={2021},
  doi={10.1080/23808985.2021.1976070}
}

@inproceedings{kuila2024deciphering,
  title={Deciphering Political Entity Sentiment in News with Large Language Models: Zero-Shot and Few-Shot Strategies},
  author={Kuila, A. and Sarkar, S.},
  booktitle={Proceedings of the Second Workshop on Natural Language Processing for Political Sciences (PoliticalNLP 2024)},
  pages={1--11},
  year={2024},
  organization={ELRA Language Resource Association},
  note={CC BY-NC 4.0}
}

@article{kwon2024sentiment,
  title={Sentiment analysis of the United States public support of nuclear power on social media using large language models},
  author={Kwon, O. H. and Vu, K. and Bhargava, N. and others},
  journal={Renewable and Sustainable Energy Reviews},
  volume={200},
  pages={114570},
  year={2024},
  publisher={Elsevier},
  doi={10.1016/j.rser.2024.114570}
}

@article{ansari2020analysis,
  title={Analysis of Political Sentiment Orientations on Twitter},
  author={Ansari, M. Z. and Aziz, M. B. and Siddiqui, M. O. and Mehra, H. and Singh, K. P.},
  journal={Procedia Computer Science},
  volume={167},
  pages={1821--1828},
  year={2020},
  publisher={Elsevier},
  doi={10.1016/j.procs.2020.03.201}
}
@article{khatua2020predicting,
  title={Predicting political sentiments of voters from Twitter in multi-party contexts},
  author={Khatua, A. and Khatua, A. and Cambria, E.},
  journal={Applied Soft Computing},
  volume={97},
  pages={106743},
  year={2020},
  doi={10.1016/j.asoc.2020.106743}
}

@article{haugen2024evaluating,
  title={Evaluating the Practice of Lawfare Against Pro-Palestinian Groups},
  author={Haugen, Hans Morten},
  journal={Middle East Policy},
  year={2024},
  publisher={Wiley Online Library}
}

@misc{ozturk2024ideology,
  title={Ideology detection using transformer-based machine learning models},
  author={{\"O}zt{\"u}rk, O. and {\"O}zcan, A.},
  school={Nişantaşı University},
  year={2024},
  address={İstanbul / Türkiye}
}

@inproceedings{abercrombie2020parlvote,
  title={ParlVote: A Corpus for Sentiment Analysis of Political Debates},
  author={Abercrombie, G. and Batista-Navarro, R.},
  booktitle={Proceedings of the 12th Conference on Language Resources and Evaluation (LREC 2020)},
  pages={5073--5078},
  year={2020},
  organization={European Language Resources Association (ELRA)},
  note={Licensed under CC-BY-NC}
}

@article{rosenberg2023sentiment,
  title={Sentiment analysis on Twitter data towards climate action},
  author={Rosenberg, E. and Tarazona, C. and Mallor, F. and Eivazi, H. and Pastor-Escuredo, D. and Fuso-Nerini, F. and Vinuesa, R.},
  journal={Results in Engineering},
  volume={19},
  pages={101287},
  year={2023},
  publisher={Elsevier},
  doi={10.1016/j.rineng.2023.101287}
}

@inproceedings{feng2023from,
  title={From Pretraining Data to Language Models to Downstream Tasks: Tracking the Trails of Political Biases Leading to Unfair NLP Models},
  author={Feng, S. and Park, C. Y. and Liu, Y. and Tsvetkov, Y.},
  booktitle={Proceedings of the 61st Annual Meeting of the Association for Computational Linguistics},
  pages={11737--11762},
  year={2023}
}

@article{antypas2023negativity,
  title={Negativity spreads faster: A large-scale multilingual Twitter analysis on the role of sentiment in political communication},
  author={Antypas, D. and Preece, A. and Camacho-Collados, J.},
  journal={Online Social Networks and Media},
  volume={33},
  pages={100242},
  year={2023},
  doi={10.1016/j.osnem.2023.100242}
}

@inproceedings{ferracane2023integrated,
  title={An integrated approach for political bias prediction and explanation based on discursive structure},
  author={Ferracane, E. and Baly, R. and Martino, G. D. S. and Barr{\'o}n-Cede{\~n}o, A. and Nakov, P.},
  booktitle={Proceedings of the 61st Annual Meeting of the Association for Computational Linguistics (Volume 1: Long Papers)},
  pages={11195--11205},
  year={2023}
}

@inproceedings{kim2022close,
  title={CLoSE: Contrastive Learning of Subframe Embeddings for Political Bias Classification of News Media},
  author={Kim, M. Y. and Johnson, K. M.},
  booktitle={Proceedings of the 29th International Conference on Computational Linguistics},
  pages={2780--2793},
  year={2022}
}

@inproceedings{bhatia2018topic,
  title={Topic-specific sentiment analysis can help identify political ideology},
  author={Bhatia, S. and Deepak, P.},
  booktitle={Proceedings of the 9th Workshop on Computational Approaches to Subjectivity, Sentiment and Social Media Analysis},
  pages={79--84},
  year={2018},
  doi={10.18653/v1/P17}
}

@inproceedings{buyukoz2020analyzing,
  title={Analyzing ELMo and DistilBERT on Socio-political News Classification},
  author={B{\"u}y{\"u}koz, B. and H{\"u}rriyetoglu, A. and {\"O}zg{\"u}r, A.},
  booktitle={Proceedings of AESPEN 2020, Language Resources and Evaluation Conference (LREC 2020)},
  pages={9--18},
  year={2020}
}

@inproceedings{iyyer2014political,
  title={Political Ideology Detection Using Recursive Neural Networks},
  author={Iyyer, M. and Enns, P. and Boyd-Graber, J. and Resnik, P.},
  booktitle={Proceedings of the 52nd Annual Meeting of the Association for Computational Linguistics (Volume 1: Long Papers)},
  pages={1117--1127},
  year={2014}
}

@inproceedings{hamborg2021news,
  title={NewsMTSC: A Dataset for (Multi-)Target-dependent Sentiment Classification in Political News Articles},
  author={Hamborg, F. and Donnay, K.},
  booktitle={Proceedings of the 16th Conference of the European Chapter of the Association for Computational Linguistics},
  pages={1663--1675},
  year={2021}
}

@misc{hernandes2024llms,
  title={LLMs left, right, and center: Assessing GPT’s capabilities to label political bias from web domains},
  author={Hernandes, R.},
  school={Leverhulme Centre for the Future of Intelligence, University of Cambridge},
  year={2024}
}

@article{pit2023whose,
  title={Whose side are you on? Investigating the political stance of large language models},
  author={Pit, P. and Ma, X. and Conway, M. and Chen, Q. and Bailey, J. and Pit, H. and Keo, P. and Diep, W. and Jiang, Y.-G.},
  journal={New Media \& Society},
  year={2023}
}

@misc{asaniczka2024daily,
  author       = {Asaniczka},
  title        = {Daily Public Opinion on Israel-Palestine War},
  year         = {2024},
  url          = {https://doi.org/10.34740/KAGGLE/DSV/9367906},
  note         = {Data set},
  howpublished = {Kaggle}
}

@inproceedings{devlin2019bert,
  title={BERT: Pre-training of Deep Bidirectional Transformers for Language Understanding},
  author={Devlin, Jacob and Chang, Ming-Wei and Lee, Kenton and Toutanova, Kristina},
  booktitle={Proceedings of the 2019 Conference of the North American Chapter of the Association for Computational Linguistics: Human Language Technologies, Volume 1 (Long and Short Papers)},
  pages={4171--4186},
  year={2019},
  organization={Association for Computational Linguistics}
}

@misc{jiang2023mistral7b,
      title={Mistral 7B}, 
      author={Albert Q. Jiang and Alexandre Sablayrolles and Arthur Mensch and Chris Bamford and Devendra Singh Chaplot and Diego de las Casas and Florian Bressand and Gianna Lengyel and Guillaume Lample and Lucile Saulnier and Lélio Renard Lavaud and Marie-Anne Lachaux and Pierre Stock and Teven Le Scao and Thibaut Lavril and Thomas Wang and Timothée Lacroix and William El Sayed},
      year={2023},
      eprint={2310.06825},
      archivePrefix={arXiv},
      primaryClass={cs.CL},
      url={https://arxiv.org/abs/2310.06825}, 
}

@misc{jiang2024mixtralexperts,
      title={Mixtral of Experts}, 
      author={Albert Q. Jiang and Alexandre Sablayrolles and Antoine Roux and Arthur Mensch and Blanche Savary and Chris Bamford and Devendra Singh Chaplot and Diego de las Casas and Emma Bou Hanna and Florian Bressand and Gianna Lengyel and Guillaume Bour and Guillaume Lample and Lélio Renard Lavaud and Lucile Saulnier and Marie-Anne Lachaux and Pierre Stock and Sandeep Subramanian and Sophia Yang and Szymon Antoniak and Teven Le Scao and Théophile Gervet and Thibaut Lavril and Thomas Wang and Timothée Lacroix and William El Sayed},
      year={2024},
      eprint={2401.04088},
      archivePrefix={arXiv},
      primaryClass={cs.LG},
      url={https://arxiv.org/abs/2401.04088}, 
}

@misc{gemmateam2024gemmaopenmodelsbased,
      title={Gemma: Open Models Based on Gemini Research and Technology}, 
      author={Gemma Team and Thomas Mesnard and Cassidy Hardin and Robert Dadashi and Surya Bhupatiraju and Shreya Pathak and Laurent Sifre and Morgane Rivière and Mihir Sanjay Kale and Juliette Love and Pouya Tafti and Léonard Hussenot and Pier Giuseppe Sessa and Aakanksha Chowdhery and Adam Roberts and Aditya Barua and Alex Botev and Alex Castro-Ros and Ambrose Slone and Amélie Héliou and Andrea Tacchetti and Anna Bulanova and Antonia Paterson and Beth Tsai and Bobak Shahriari and Charline Le Lan and Christopher A. Choquette-Choo and Clément Crepy and Daniel Cer and Daphne Ippolito and David Reid and Elena Buchatskaya and Eric Ni and Eric Noland and Geng Yan and George Tucker and George-Christian Muraru and Grigory Rozhdestvenskiy and Henryk Michalewski and Ian Tenney and Ivan Grishchenko and Jacob Austin and James Keeling and Jane Labanowski and Jean-Baptiste Lespiau and Jeff Stanway and Jenny Brennan and Jeremy Chen and Johan Ferret and Justin Chiu and Justin Mao-Jones and Katherine Lee and Kathy Yu and Katie Millican and Lars Lowe Sjoesund and Lisa Lee and Lucas Dixon and Machel Reid and Maciej Mikuła and Mateo Wirth and Michael Sharman and Nikolai Chinaev and Nithum Thain and Olivier Bachem and Oscar Chang and Oscar Wahltinez and Paige Bailey and Paul Michel and Petko Yotov and Rahma Chaabouni and Ramona Comanescu and Reena Jana and Rohan Anil and Ross McIlroy and Ruibo Liu and Ryan Mullins and Samuel L Smith and Sebastian Borgeaud and Sertan Girgin and Sholto Douglas and Shree Pandya and Siamak Shakeri and Soham De and Ted Klimenko and Tom Hennigan and Vlad Feinberg and Wojciech Stokowiec and Yu-hui Chen and Zafarali Ahmed and Zhitao Gong and Tris Warkentin and Ludovic Peran and Minh Giang and Clément Farabet and Oriol Vinyals and Jeff Dean and Koray Kavukcuoglu and Demis Hassabis and Zoubin Ghahramani and Douglas Eck and Joelle Barral and Fernando Pereira and Eli Collins and Armand Joulin and Noah Fiedel and Evan Senter and Alek Andreev and Kathleen Kenealy},
      year={2024},
      eprint={2403.08295},
      archivePrefix={arXiv},
      primaryClass={cs.CL},
      url={https://arxiv.org/abs/2403.08295}, 
}

@article{Almazrouei2023TheFS,
  title={The Falcon Series of Open Language Models},
  author={Ebtesam Almazrouei and Hamza Alobeidli and Abdulaziz Alshamsi and Alessandro Cappelli and Ruxandra-Aim{\'e}e Cojocaru and Daniel Hesslow and Julien Launay and Quentin Malartic and Daniele Mazzotta and Badreddine Noune and Baptiste Pannier and Guilherme Penedo},
  journal={ArXiv},
  year={2023},
  volume={abs/2311.16867},
  url={https://api.semanticscholar.org/CorpusID:265466629}
}

@inproceedings{conneau2020xlmr,
  title={Unsupervised Cross-lingual Representation Learning at Scale},
  author={Conneau, Alexis and Khandelwal, Kartikay and Goyal, Naman and Chaudhary, Vishrav and Wenzek, Guillaume and Guzm{\'a}n, Francisco and Grave, Edouard and Ott, Myle and Zettlemoyer, Luke and Stoyanov, Veselin},
  booktitle={Proceedings of the 58th Annual Meeting of the Association for Computational Linguistics},
  year={2020},
  url={https://arxiv.org/abs/1911.02116}
}

@inproceedings{sanh2019distilbert,
  title={DistilBERT, a distilled version of BERT: smaller, faster, cheaper and lighter},
  author={Sanh, Victor and Debut, Lysandre and Chaumond, Julien and Wolf, Thomas},
  booktitle={NeurIPS 2019 Workshop on Energy Efficient Machine Learning and Cognitive Computing},
  year={2019},
  url={https://arxiv.org/abs/1910.01108}
}

@inproceedings{clark2020electra,
  title={ELECTRA: Pre-training Text Encoders as Discriminators Rather Than Generators},
  author={Clark, Kevin and Luong, Minh-Thang and Le, Quoc V and Manning, Christopher D},
  booktitle={International Conference on Learning Representations},
  year={2020},
  url={https://arxiv.org/abs/2003.10555}
}

@inproceedings{AlSarraj2018,
  author = {Al-Sarraj, Wael F. and Lubbad, Heba M.},
  title = {Bias Detection of Palestinian/Israeli Conflict in Western Media: A Sentiment Analysis Experimental Study},
  booktitle = {2018 International Conference on Promising Electronic Technologies (ICPET)},
  year = {2018},
  organization = {Islamic University of Gaza},
  address = {Gaza, Palestine},
  doi = {10.1109/ICPET.2018.00000},
}
@article{takahashi2021confidence,
  title={Confidence interval for micro-averaged F1 and macro-averaged F1 scores},
  author={Takahashi, Kenichiro and Yamamoto, Kohei and Kuchiba, Aya and Koyama, Toshimitsu},
  journal={Applied Intelligence},
  volume={52},
  pages={4961--4972},
  year={2021},
  doi={10.1007/s10489-021-02635-5},
  url={https://doi.org/10.1007/s10489-021-02635-5}
}

@article{cahya2024improving,
  title={Improving Multi-label Classification Performance on Imbalanced Datasets Through SMOTE Technique and Data Augmentation Using IndoBERT Model},
  author={Cahya, Leonard and Luthfiarta, Artha and Krisna, Jaya and Winarno, Sri and Nugraha, Arif},
  journal={Jurnal Nasional Teknologi dan Sistem Informasi},
  year={2024},
  doi={10.25077/teknosi.v9i3.2023.290-298},
  url={https://doi.org/10.25077/teknosi.v9i3.2023.290-298}
}

@article{agustian2024new,
  title={New Directions in Text Classification Research: Maximizing The Performance of Sentiment Classification from Limited Data},
  author={Agustian, Silvi and Syah, Muhammad and Fatiara, Nabila and Abdillah, Rizki},
  journal={ArXiv},
  volume={abs/2407.05627},
  year={2024},
  doi={10.48550/arXiv.2407.05627},
  url={https://doi.org/10.48550/arXiv.2407.05627}
}

@article{berger2020threshold,
  title={Threshold optimization for F measure of macro-averaged precision and recall},
  author={Berger, Adam and Guda, Subhashini},
  journal={Pattern Recognition},
  volume={102},
  pages={107250},
  year={2020},
  doi={10.1016/j.patcog.2020.107250},
  url={https://doi.org/10.1016/j.patcog.2020.107250}
}

@article{shakith2024enhancing,
  title={Enhancing classification accuracy on code-mixed and imbalanced data using an adaptive deep autoencoder and XGBoost},
  author={Shakith, Anjana and Arockiam, Louis},
  journal={The Scientific Temper},
  year={2024},
  doi={10.58414/scientifictemper.2024.15.3.27},
  url={https://doi.org/10.58414/scientifictemper.2024.15.3.27}
}

@article{hote2023open,
  title={OPEN-AMZPRE : Optimized Preprocessing with Ensemble Classification for Amazon Product Reviews Sentiment Prediction},
  author={Hote, Pratik and Pandey, Dhirendra},
  journal={International Journal of Scientific Research in Science and Technology},
  year={2023},
  doi={10.32628/ijsrst52310672},
  url={https://doi.org/10.32628/ijsrst52310672}
}

@article{abrar2025religious,
  title={Religious Bias Landscape in Language and Text-to-Image Models: Analysis, Detection, and Debiasing Strategies},
  author={Abrar, Ajwad and Oeshy, Nafisa Tabassum and Kabir, Mohsinul and Ananiadou, Sophia},
  journal={arXiv preprint arXiv:2501.08441},
  year={2025}
}

@article{fleiss1971measuring,
  title={Measuring nominal scale agreement among many raters.},
  author={Fleiss, Joseph L},
  journal={Psychological bulletin},
  volume={76},
  number={5},
  pages={378},
  year={1971},
  publisher={American Psychological Association}
}

@article{Sherstinsky_2020,
   title={Fundamentals of Recurrent Neural Network (RNN) and Long Short-Term Memory (LSTM) network},
   volume={404},
   ISSN={0167-2789},
   url={http://dx.doi.org/10.1016/j.physd.2019.132306},
   DOI={10.1016/j.physd.2019.132306},
   journal={Physica D: Nonlinear Phenomena},
   publisher={Elsevier BV},
   author={Sherstinsky, Alex},
   year={2020},
   month=mar, pages={132306} }
@inproceedings{dey2017gru,
  title={Gate-Variants of Gated Recurrent Unit (GRU) Neural Networks},
  author={Dey, Rahul and Salem, Fathi M.},
  booktitle={Circuits, Systems, and Neural Networks (CSANN) Lab},
  organization={Department of Electrical and Computer Engineering, Michigan State University},
  address={East Lansing, MI, USA},
  year={2017},
  note={\url{https://deyrahul@msu.edu} || \url{salemf@msu.edu}}
}
@misc{cui2019deepbidirectionalunidirectionallstm,
      title={Deep Bidirectional and Unidirectional LSTM Recurrent Neural Network for Network-wide Traffic Speed Prediction}, 
      author={Zhiyong Cui and Ruimin Ke and Ziyuan Pu and Yinhai Wang},
      year={2019},
      eprint={1801.02143},
      archivePrefix={arXiv},
      primaryClass={cs.LG},
      url={https://arxiv.org/abs/1801.02143}, 
}

@misc{brown2020languagemodelsfewshotlearners,
      title={Language Models are Few-Shot Learners}, 
      author={Tom B. Brown and Benjamin Mann and Nick Ryder and Melanie Subbiah and Jared Kaplan and Prafulla Dhariwal and Arvind Neelakantan and Pranav Shyam and Girish Sastry and Amanda Askell and Sandhini Agarwal and Ariel Herbert-Voss and Gretchen Krueger and Tom Henighan and Rewon Child and Aditya Ramesh and Daniel M. Ziegler and Jeffrey Wu and Clemens Winter and Christopher Hesse and Mark Chen and Eric Sigler and Mateusz Litwin and Scott Gray and Benjamin Chess and Jack Clark and Christopher Berner and Sam McCandlish and Alec Radford and Ilya Sutskever and Dario Amodei},
      year={2020},
      eprint={2005.14165},
      archivePrefix={arXiv},
      primaryClass={cs.CL},
      url={https://arxiv.org/abs/2005.14165}, 
}
@misc{imtiaz2022takingsidespublicopinion,
      title={Taking sides: Public Opinion over the Israel-Palestine Conflict in 2021}, 
      author={Arsal Imtiaz and Danish Khan and Hanjia Lyu and Jiebo Luo},
      year={2022},
      eprint={2201.05961},
      archivePrefix={arXiv},
      primaryClass={cs.SI},
      url={https://arxiv.org/abs/2201.05961}, 
}
@misc{kingma2017adammethodstochasticoptimization,
      title={Adam: A Method for Stochastic Optimization}, 
      author={Diederik P. Kingma and Jimmy Ba},
      year={2017},
      eprint={1412.6980},
      archivePrefix={arXiv},
      primaryClass={cs.LG},
      url={https://arxiv.org/abs/1412.6980}, 
}
@article{JMLR:v15:srivastava14a,
  author  = {Nitish Srivastava and Geoffrey Hinton and Alex Krizhevsky and Ilya Sutskever and Ruslan Salakhutdinov},
  title   = {Dropout: A Simple Way to Prevent Neural Networks from Overfitting},
  journal = {Journal of Machine Learning Research},
  year    = {2014},
  volume  = {15},
  number  = {56},
  pages   = {1929--1958},
  url     = {http://jmlr.org/papers/v15/srivastava14a.html}
}
@article{hussein2024earlystopping,
  author = {Hussein, Bootan M. and Shareef, Shareef M.},
  title = {An Empirical Study on the Correlation between Early Stopping Patience and Epochs in Deep Learning},
  journal = {ITM Web of Conferences},
  volume = {64},
  pages = {01003},
  year = {2024},
  doi = {10.1051/itmconf/20246401003}
}
