@misc{Radish,
    author = "Andrew Howard and Nicholas Roy", 
    year = "2003",
    title = "The Robotics Data Set Repository (Radish)",
    url = "http://radish.sourceforge.net/",
    }

@inproceedings{boniardi2016autonomous,
  title={Autonomous indoor robot navigation using a sketch interface for drawing maps and routes},
  author={Boniardi, Federico and Valada, Abhinav and Burgard, Wolfram and Tipaldi, Gian Diego},
  booktitle={2016 IEEE international conference on robotics and automation (ICRA)},
  pages={2896--2901},
  year={2016},
  organization={IEEE}
}

@article{boniardi2019pose,
  title={A pose graph-based localization system for long-term navigation in CAD floor plans},
  author={Boniardi, Federico and Caselitz, Tim and K{\"u}mmerle, Rainer and Burgard, Wolfram},
  journal={Robotics and Autonomous Systems},
  volume={112},
  pages={84--97},
  year={2019},
  publisher={Elsevier}
}

@inproceedings{chen2024f3loc,
  title={F3Loc: Fusion and Filtering for Floorplan Localization},
  author={Chen, Changan and Wang, Rui and Vogel, Christoph and Pollefeys, Marc},
  booktitle={Proceedings of the IEEE/CVF Conference on Computer Vision and Pattern Recognition},
  pages={18029--18038},
  year={2024}
}

@inproceedings{feng2023floorplannet,
  title={Floorplannet: Learning topometric floorplan matching for robot localization},
  author={Feng, Delin and He, Zhenpeng and Hou, Jiawei and Schwertfeger, S{\"o}ren and Zhang, Liangjun},
  booktitle={2023 IEEE International Conference on Robotics and Automation (ICRA)},
  pages={6168--6174},
  year={2023},
  organization={IEEE}
}

@article{hamieh2020bim,
  title={A BIM-based method to plan indoor paths},
  author={Hamieh, Ahmed and Makhlouf, Aicha Ben and Louhichi, Borhen and Deneux, Dominique},
  journal={Automation in Construction},
  volume={113},
  pages={103120},
  year={2020},
  publisher={Elsevier}
}

@article{helmberger2022hilti,
  title={The hilti slam challenge dataset},
  author={Helmberger, Michael and Morin, Kristian and Berner, Beda and Kumar, Nitish and Cioffi, Giovanni and Scaramuzza, Davide},
  journal={IEEE Robotics and Automation Letters},
  volume={7},
  number={3},
  pages={7518--7525},
  year={2022},
  publisher={IEEE}
}

@inproceedings{hendrikx2021connecting,
  title={Connecting semantic building information models and robotics: An application to 2d lidar-based localization},
  author={Hendrikx, RWM and Pauwels, Pieter and Torta, Elena and Bruyninckx, Herman PJ and van de Molengraft, MJG},
  booktitle={2021 IEEE international conference on robotics and automation (ICRA)},
  pages={11654--11660},
  year={2021},
  organization={IEEE}
}

@inproceedings{jiao2022fusionportable,
  title={Fusionportable: A multi-sensor campus-scene dataset for evaluation of localization and mapping accuracy on diverse platforms},
  author={Jiao, Jianhao and Wei, Hexiang and Hu, Tianshuai and Hu, Xiangcheng and Zhu, Yilong and He, Zhijian and Wu, Jin and Yu, Jingwen and Xie, Xupeng and Huang, Huaiyang and others},
  booktitle={2022 IEEE/RSJ International Conference on Intelligent Robots and Systems (IROS)},
  pages={3851--3856},
  year={2022},
  organization={IEEE}
}

@inproceedings{kalervo2019cubicasa5k,
  title={Cubicasa5k: A dataset and an improved multi-task model for floorplan image analysis},
  author={Kalervo, Ahti and Ylioinas, Juha and H{\"a}iki{\"o}, Markus and Karhu, Antti and Kannala, Juho},
  booktitle={Image Analysis: 21st Scandinavian Conference, SCIA 2019, Norrk{\"o}ping, Sweden, June 11--13, 2019, Proceedings 21},
  pages={28--40},
  year={2019},
  organization={Springer}
}

@article{kim2022bim,
  title={BIM-based semantic building world modeling for robot task planning and execution in built environments},
  author={Kim, Kyungki and Peavy, Matthew},
  journal={Automation in Construction},
  volume={138},
  pages={104247},
  year={2022},
  publisher={Elsevier}
}

@inproceedings{li2020online,
  title={Online localization with imprecise floor space maps using stochastic gradient descent},
  author={Li, Zhikai and Ang, Marcelo H and Rus, Daniela},
  booktitle={2020 IEEE/RSJ International Conference on Intelligent Robots and Systems (IROS)},
  pages={8571--8578},
  year={2020},
  organization={IEEE}
}

@article{lu2021novel,
  title={A novel methodology for the path alignment of visual SLAM in indoor construction inspection},
  author={Lu, Tao and Tervola, Sonja and L{\"u}, Xiaoshu and Kibert, Charles J and Zhang, Qunli and Li, Tong and Yao, Zhitong},
  journal={Automation in Construction},
  volume={127},
  pages={103723},
  year={2021},
  publisher={Elsevier}
}

@article{qiao2024speak,
  title={Speak the Same Language: Global LiDAR Registration on BIM Using Pose Hough Transform},
  author={Qiao, Zhijian and Huang, Haoming and Liu, Chuhao and Shen, Shaojie and Zhang, Fumin and Yin, Huan},
  journal={arXiv preprint arXiv:2405.03969},
  year={2024}
}

@inproceedings{shotton2013scene,
  title={Scene coordinate regression forests for camera relocalization in RGB-D images},
  author={Shotton, Jamie and Glocker, Ben and Zach, Christopher and Izadi, Shahram and Criminisi, Antonio and Fitzgibbon, Andrew},
  booktitle={Proceedings of the IEEE conference on computer vision and pattern recognition},
  pages={2930--2937},
  year={2013}
}

@inproceedings{sturm2012benchmark,
  title={A benchmark for the evaluation of RGB-D SLAM systems},
  author={Sturm, J{\"u}rgen and Engelhard, Nikolas and Endres, Felix and Burgard, Wolfram and Cremers, Daniel},
  booktitle={2012 IEEE/RSJ international conference on intelligent robots and systems},
  pages={573--580},
  year={2012},
  organization={IEEE}
}

@article{tang2024mobile,
  title={Mobile Robot Oriented Large-Scale Indoor Dataset for Dynamic Scene Understanding},
  author={Tang, Yifan and Tai, Cong and Chen, Fangxing and Zhang, Wanting and Zhang, Tao and Liu, Xueping and Liu, Yongjin and Zeng, Long},
  journal={arXiv preprint arXiv:2406.19791},
  year={2024}
}

@article{wang2022object,
  title={Object verification based on deep learning point feature comparison for scan-to-BIM},
  author={Wang, Boyu and Wang, Qian and Cheng, Jack CP and Yin, Chao},
  journal={Automation in Construction},
  volume={142},
  pages={104515},
  year={2022},
  publisher={Elsevier}
}

@article{wang2024omni,
  title={Omni-Scan2BIM: A ready-to-use Scan2BIM approach based on vision foundation models for MEP scenes},
  author={Wang, Boyu and Chen, Zhengyi and Li, Mingkai and Wang, Qian and Yin, Chao and Cheng, Jack CP},
  journal={Automation in Construction},
  volume={162},
  pages={105384},
  year={2024},
  publisher={Elsevier}
}

@inproceedings{yin2022towards,
  title={Towards BIM-based robot localization: A real-world case study},
  author={Yin, Huan and Liew, Jia Min and Lee, Wai Leong and Ang Jr, MH and Yeoh, Justin KW},
  booktitle={ISARC. Proceedings of the International Symposium on Automation and Robotics in Construction},
  volume={39},
  pages={71--77},
  year={2022},
  organization={IAARC Publications}
}

@article{yin2023semantic,
  title={Semantic localization on BIM-generated maps using a 3D LiDAR sensor},
  author={Yin, Huan and Lin, Zhiyi and Yeoh, Justin KW},
  journal={Automation in Construction},
  volume={146},
  pages={104641},
  year={2023},
  publisher={Elsevier}
}

