@article{tang2024mobile,
  title={Mobile Robot Oriented Large-Scale Indoor Dataset for Dynamic Scene Understanding},
  author={Tang, Yifan and Tai, Cong and Chen, Fangxing and Zhang, Wanting and Zhang, Tao and Liu, Xueping and Liu, Yongjin and Zeng, Long},
  journal={arXiv preprint arXiv:2406.19791},
  year={2024}
}
@article{yang2020teaser,
  title={Teaser: Fast and certifiable point cloud registration},
  author={Yang, Heng and Shi, Jingnan and Carlone, Luca},
  journal={IEEE Transactions on Robotics},
  volume={37},
  number={2},
  pages={314--333},
  year={2020},
  publisher={IEEE}
}

@inproceedings{aoki20243d,
  title={3d-bbs: Global localization for 3d point cloud scan matching using branch-and-bound algorithm},
  author={Aoki, Koki and Koide, Kenji and Oishi, Shuji and Yokozuka, Masashi and Banno, Atsuhiko and Meguro, Junichi},
  booktitle={2024 IEEE International Conference on Robotics and Automation (ICRA)},
  pages={1796--1802},
  year={2024},
  organization={IEEE}
}

@inproceedings{hess2016real,
  title={Real-time loop closure in 2D LIDAR SLAM},
  author={Hess, Wolfgang and Kohler, Damon and Rapp, Holger and Andor, Daniel},
  booktitle={2016 IEEE international conference on robotics and automation (ICRA)},
  pages={1271--1278},
  year={2016},
  organization={IEEE}
}
@inproceedings{rusu2009fast,
  title={Fast point feature histograms (FPFH) for 3D registration},
  author={Rusu, Radu Bogdan and Blodow, Nico and Beetz, Michael},
  booktitle={2009 IEEE international conference on robotics and automation},
  pages={3212--3217},
  year={2009},
  organization={IEEE}
}

@article{bavle2023s,
  title={S-graphs+: Real-time localization and mapping leveraging hierarchical representations},
  author={Bavle, Hriday and Sanchez-Lopez, Jose Luis and Shaheer, Muhammad and Civera, Javier and Voos, Holger},
  journal={IEEE Robotics and Automation Letters},
  volume={8},
  number={8},
  pages={4927--4934},
  year={2023},
  publisher={IEEE}
}

@article{koide2021voxelized,
  title={Voxelized GICP for fast and accurate 3D point cloud registration},
  author={Koide, Kenji and Yokozuka, Masashi and Oishi, Shuji and Banno, Atsuhiko},
  booktitle={2021 IEEE International Conference on Robotics and Automation (ICRA)},
  pages={11054--11059},
  year={2021},
  organization={IEEE}
}

@article{qiao2024speak,
  title={Speak the Same Language: Global LiDAR Registration on BIM Using Pose Hough Transform},
  author={Qiao, Zhijian and Huang, Haoming and Liu, Chuhao and Shen, Shaojie and Zhang, Fumin and Yin, Huan},
  journal={arXiv preprint arXiv:2405.03969},
  year={2024}
}

@inproceedings{rosinol2020kimera,
  title={Kimera: an open-source library for real-time metric-semantic localization and mapping},
  author={Rosinol, Antoni and Abate, Marcus and Chang, Yun and Carlone, Luca},
  booktitle={2020 IEEE International Conference on Robotics and Automation (ICRA)},
  pages={1689--1696},
  year={2020},
  organization={IEEE}
}

@article{yin2023semantic,
  title={Semantic localization on BIM-generated maps using a 3D LiDAR sensor},
  author={Yin, Huan and Lin, Zhiyi and Yeoh, Justin KW},
  journal={Automation in Construction},
  volume={146},
  pages={104641},
  year={2023},
  publisher={Elsevier}
}

@inproceedings{feng2023floorplannet,
  title={Floorplannet: Learning topometric floorplan matching for robot localization},
  author={Feng, Delin and He, Zhenpeng and Hou, Jiawei and Schwertfeger, S{\"o}ren and Zhang, Liangjun},
  booktitle={2023 IEEE International Conference on Robotics and Automation (ICRA)},
  pages={6168--6174},
  year={2023},
  organization={IEEE}
}

@article{torres2024bim,
  title={Bim-slam: Integrating bim models in multi-session slam for lifelong mapping using 3d lidar},
  author={Torres, Miguel Arturo Vega and Braun, Alexander and Borrmann, Andr{\'e}},
  journal={arXiv preprint arXiv:2408.15870},
  year={2024}
}

@article{boniardi2019pose,
  title={A pose graph-based localization system for long-term navigation in CAD floor plans},
  author={Boniardi, Federico and Caselitz, Tim and K{\"u}mmerle, Rainer and Burgard, Wolfram},
  journal={Robotics and Autonomous Systems},
  volume={112},
  pages={84--97},
  year={2019},
  publisher={Elsevier}
}

@inproceedings{jiao2022fusionportable,
  title={Fusionportable: A multi-sensor campus-scene dataset for evaluation of localization and mapping accuracy on diverse platforms},
  author={Jiao, Jianhao and Wei, Hexiang and Hu, Tianshuai and Hu, Xiangcheng and Zhu, Yilong and He, Zhijian and Wu, Jin and Yu, Jingwen and Xie, Xupeng and Huang, Huaiyang and others},
  booktitle={2022 IEEE/RSJ International Conference on Intelligent Robots and Systems (IROS)},
  pages={3851--3856},
  year={2022},
  organization={IEEE}
}
@incollection{chen2022building,
  title={From building information modeling to digital twin: the core for sustainable smart campus at HKUST},
  author={Chen, Weiwei and Chen, Keyu and Cheng, Jack CP},
  booktitle={Research Companion to Building Information Modeling},
  pages={671--696},
  year={2022},
  publisher={Edward Elgar Publishing}
}
@inproceedings{besl1992method,
  title={Method for registration of 3-D shapes},
  author={Besl, Paul J and McKay, Neil D},
  booktitle={Sensor fusion IV: control paradigms and data structures},
  volume={1611},
  pages={586--606},
  year={1992},
  organization={Spie}
}

@article{xu2022fast,
  title={Fast-lio2: Fast direct lidar-inertial odometry},
  author={Xu, Wei and Cai, Yixi and He, Dongjiao and Lin, Jiarong and Zhang, Fu},
  journal={IEEE Transactions on Robotics},
  volume={38},
  number={4},
  pages={2053--2073},
  year={2022},
  publisher={IEEE}
}

@misc{Radish,
    author = "Andrew Howard and Nicholas Roy", 
    year = "2003",
    title = "The Robotics Data Set Repository (Radish)",
    url = "http://radish.sourceforge.net/",
    }

@inproceedings{shotton2013scene,
  title={Scene coordinate regression forests for camera relocalization in RGB-D images},
  author={Shotton, Jamie and Glocker, Ben and Zach, Christopher and Izadi, Shahram and Criminisi, Antonio and Fitzgibbon, Andrew},
  booktitle={Proceedings of the IEEE conference on computer vision and pattern recognition},
  pages={2930--2937},
  year={2013}
}

@inproceedings{li2020online,
  title={Online localization with imprecise floor space maps using stochastic gradient descent},
  author={Li, Zhikai and Ang, Marcelo H and Rus, Daniela},
  booktitle={2020 IEEE/RSJ International Conference on Intelligent Robots and Systems (IROS)},
  pages={8571--8578},
  year={2020},
  organization={IEEE}
}

@inproceedings{huang2020semantic,
  title={Semantic Enhanced As-Built BIM Updating Based on vSLAM and Image Processing},
  author={Huang, Hong and Lo, Ying and Zhu, Jingling and Ge, Shucheng and Zhang, Cheng},
  booktitle={Construction Research Congress 2020},
  pages={773--781},
  year={2020},
  organization={American Society of Civil Engineers Reston, VA}
}

@article{lu2021novel,
  title={A novel methodology for the path alignment of visual SLAM in indoor construction inspection},
  author={Lu, Tao and Tervola, Sonja and L{\"u}, Xiaoshu and Kibert, Charles J and Zhang, Qunli and Li, Tong and Yao, Zhitong},
  journal={Automation in Construction},
  volume={127},
  pages={103723},
  year={2021},
  publisher={Elsevier}
}

@article{hamieh2020bim,
  title={A BIM-based method to plan indoor paths},
  author={Hamieh, Ahmed and Makhlouf, Aicha Ben and Louhichi, Borhen and Deneux, Dominique},
  journal={Automation in Construction},
  volume={113},
  pages={103120},
  year={2020},
  publisher={Elsevier}
}

@inproceedings{hendrikx2021connecting,
  title={Connecting semantic building information models and robotics: An application to 2d lidar-based localization},
  author={Hendrikx, RWM and Pauwels, Pieter and Torta, Elena and Bruyninckx, Herman PJ and van de Molengraft, MJG},
  booktitle={2021 IEEE international conference on robotics and automation (ICRA)},
  pages={11654--11660},
  year={2021},
  organization={IEEE}
}

@article{kim2022bim,
  title={BIM-based semantic building world modeling for robot task planning and execution in built environments},
  author={Kim, Kyungki and Peavy, Matthew},
  journal={Automation in Construction},
  volume={138},
  pages={104247},
  year={2022},
  publisher={Elsevier}
}

@article{kim2015framework,
  title={A framework for dimensional and surface quality assessment of precast concrete elements using BIM and 3D laser scanning},
  author={Kim, Min-Koo and Cheng, Jack CP and Sohn, Hoon and Chang, Chih-Chen},
  journal={Automation in construction},
  volume={49},
  pages={225--238},
  year={2015},
  publisher={Elsevier}
}

@article{wang2024omni,
  title={Omni-Scan2BIM: A ready-to-use Scan2BIM approach based on vision foundation models for MEP scenes},
  author={Wang, Boyu and Chen, Zhengyi and Li, Mingkai and Wang, Qian and Yin, Chao and Cheng, Jack CP},
  journal={Automation in Construction},
  volume={162},
  pages={105384},
  year={2024},
  publisher={Elsevier}
}

@inproceedings{kalervo2019cubicasa5k,
  title={Cubicasa5k: A dataset and an improved multi-task model for floorplan image analysis},
  author={Kalervo, Ahti and Ylioinas, Juha and H{\"a}iki{\"o}, Markus and Karhu, Antti and Kannala, Juho},
  booktitle={Image Analysis: 21st Scandinavian Conference, SCIA 2019, Norrk{\"o}ping, Sweden, June 11--13, 2019, Proceedings 21},
  pages={28--40},
  year={2019},
  organization={Springer}
}

@inproceedings{yin2022towards,
  title={Towards BIM-based robot localization: A real-world case study},
  author={Yin, Huan and Liew, Jia Min and Lee, Wai Leong and Ang Jr, MH and Yeoh, Justin KW},
  booktitle={ISARC. Proceedings of the International Symposium on Automation and Robotics in Construction},
  volume={39},
  pages={71--77},
  year={2022},
  organization={IAARC Publications}
}

@article{pomerleau2013comparing,
  title={Comparing ICP variants on real-world data sets: Open-source library and experimental protocol},
  author={Pomerleau, Fran{\c{c}}ois and Colas, Francis and Siegwart, Roland and Magnenat, St{\'e}phane},
  journal={Autonomous robots},
  volume={34},
  pages={133--148},
  year={2013},
  publisher={Springer}
}

@article{liu2024fm,
  title={FM-Fusion: Instance-aware Semantic Mapping Boosted by Vision-Language Foundation Models},
  author={Liu, Chuhao and Wang, Ke and Shi, Jieqi and Qiao, Zhijian and Shen, Shaojie},
  journal={IEEE Robotics and Automation Letters},
  year={2024},
  publisher={IEEE}
}

@article{cadena2016past,
  title={Past, present, and future of simultaneous localization and mapping: Toward the robust-perception age},
  author={Cadena, Cesar and Carlone, Luca and Carrillo, Henry and Latif, Yasir and Scaramuzza, Davide and Neira, Jos{\'e} and Reid, Ian and Leonard, John J},
  journal={IEEE Transactions on robotics},
  volume={32},
  number={6},
  pages={1309--1332},
  year={2016},
  publisher={IEEE}
}

@article{dissanayake2001solution,
  title={A solution to the simultaneous localization and map building (SLAM) problem},
  author={Dissanayake, MWM Gamini and Newman, Paul and Clark, Steve and Durrant-Whyte, Hugh F and Csorba, Michael},
  journal={IEEE Transactions on robotics and automation},
  volume={17},
  number={3},
  pages={229--241},
  year={2001},
  publisher={IEEE}
}

@inproceedings{chen2024f3loc,
  title={F3Loc: Fusion and Filtering for Floorplan Localization},
  author={Chen, Changan and Wang, Rui and Vogel, Christoph and Pollefeys, Marc},
  booktitle={Proceedings of the IEEE/CVF Conference on Computer Vision and Pattern Recognition},
  pages={18029--18038},
  year={2024}
}

@article{durrant2006simultaneous,
  title={Simultaneous localization and mapping: part I},
  author={Durrant-Whyte, Hugh and Bailey, Tim},
  journal={IEEE robotics \& automation magazine},
  volume={13},
  number={2},
  pages={99--110},
  year={2006},
  publisher={IEEE}
}

@article{helmberger2022hilti,
  title={The hilti slam challenge dataset},
  author={Helmberger, Michael and Morin, Kristian and Berner, Beda and Kumar, Nitish and Cioffi, Giovanni and Scaramuzza, Davide},
  journal={IEEE Robotics and Automation Letters},
  volume={7},
  number={3},
  pages={7518--7525},
  year={2022},
  publisher={IEEE}
}

@inproceedings{lin2022r,
  title={R 3 LIVE: A Robust, Real-time, RGB-colored, LiDAR-Inertial-Visual tightly-coupled state Estimation and mapping package},
  author={Lin, Jiarong and Zhang, Fu},
  booktitle={2022 International Conference on Robotics and Automation (ICRA)},
  pages={10672--10678},
  year={2022},
  organization={IEEE}
}

@inproceedings{boniardi2016autonomous,
  title={Autonomous indoor robot navigation using a sketch interface for drawing maps and routes},
  author={Boniardi, Federico and Valada, Abhinav and Burgard, Wolfram and Tipaldi, Gian Diego},
  booktitle={2016 IEEE international conference on robotics and automation (ICRA)},
  pages={2896--2901},
  year={2016},
  organization={IEEE}
}

@article{wang2022object,
  title={Object verification based on deep learning point feature comparison for scan-to-BIM},
  author={Wang, Boyu and Wang, Qian and Cheng, Jack CP and Yin, Chao},
  journal={Automation in Construction},
  volume={142},
  pages={104515},
  year={2022},
  publisher={Elsevier}
}

@article{liu2024slideslam,
  title={SlideSLAM: Sparse, Lightweight, Decentralized Metric-Semantic SLAM for Multi-Robot Navigation},
  author={Liu, Xu and Lei, Jiuzhou and Prabhu, Ankit and Tao, Yuezhan and Spasojevic, Igor and Chaudhari, Pratik and Atanasov, Nikolay and Kumar, Vijay},
  journal={arXiv preprint arXiv:2406.17249},
  year={2024}
}

@article{hughes2022hydra,
  title={Hydra: A real-time spatial perception system for 3D scene graph construction and optimization},
  author={Hughes, Nathan and Chang, Yun and Carlone, Luca},
  journal={arXiv preprint arXiv:2201.13360},
  year={2022}
}

@article{chang2022dlite,
  title={D-lite: Navigation-oriented compression of 3d scene graphs under communication constraints},
  author={Chang, Yun and Ballotta, Luca and Carlone, Luca},
  journal={arXiv preprint arXiv:2209.06111},
  volume={1},
  number={2},
  year={2022}
}

@article{Ray2024tamp,
  title = {Task and Motion Planning in Hierarchical 3d Scene Graphs},
  author={Ray, Aaron and Bradley, Christopher and Carlone, Luca and Roy, Nicholas},
  journal = {arXiv preprint: 2403.08094},
  Year = {2024}
}

@article{tuna2023x,
  title={X-icp: Localizability-aware lidar registration for robust localization in extreme environments},
  author={Tuna, Turcan and Nubert, Julian and Nava, Yoshua and Khattak, Shehryar and Hutter, Marco},
  journal={IEEE Transactions on Robotics},
  year={2023},
  publisher={IEEE}
}

@inproceedings{dai2017scannet,
  title={Scannet: Richly-annotated 3d reconstructions of indoor scenes},
  author={Dai, Angela and Chang, Angel X and Savva, Manolis and Halber, Maciej and Funkhouser, Thomas and Nie{\ss}ner, Matthias},
  booktitle={Proceedings of the IEEE conference on computer vision and pattern recognition(CVPR)},
  pages={5828--5839},
  year={2017}
}

@article{zhang2023ram,
  title={Recognize Anything: A Strong Image Tagging Model},
  author={Zhang, Youcai and Huang, Xinyu and Ma, Jinyu and Li, Zhaoyang and Luo, Zhaochuan and Xie, Yanchun and Qin, Yuzhuo and Luo, Tong and Li, Yaqian and Liu, Shilong and others},
  journal={arXiv preprint:2306.03514},
  year={2023}
}

@article{liu2023grounding,
  title={Grounding dino: Marrying dino with grounded pre-training for open-set object detection},
  author={Liu, Shilong and Zeng, Zhaoyang and Ren, Tianhe and Li, Feng and Zhang, Hao and Yang, Jie and Li, Chunyuan and Yang, Jianwei and Su, Hang and Zhu, Jun and others},
  journal={arXiv preprint:2303.05499},
  year={2023}
}

@article{kirillov2023sam,
  title={Segment Anything}, 
  author={Kirillov, Alexander and Mintun, Eric and Ravi, Nikhila and Mao, Hanzi and Rolland, Chloe and Gustafson, Laura and Xiao, Tete and Whitehead, Spencer and Berg, Alexander C. and Lo, Wan-Yen and Doll{\'a}r, Piotr and Girshick, Ross},
  journal={arXiv:2304.02643},
  year={2023}
}

@inproceedings{sturm2012benchmark,
  title={A benchmark for the evaluation of RGB-D SLAM systems},
  author={Sturm, J{\"u}rgen and Engelhard, Nikolas and Endres, Felix and Burgard, Wolfram and Cremers, Daniel},
  booktitle={2012 IEEE/RSJ international conference on intelligent robots and systems},
  pages={573--580},
  year={2012},
  organization={IEEE}
}

@inproceedings{lin2020loam,
  title={Loam livox: A fast, robust, high-precision LiDAR odometry and mapping package for LiDARs of small FoV},
  author={Lin, Jiarong and Zhang, Fu},
  booktitle={2020 IEEE international conference on robotics and automation (ICRA)},
  pages={3126--3131},
  year={2020},
  organization={IEEE}
}

@article{yin2024survey,
  title={A survey on global lidar localization: Challenges, advances and open problems},
  author={Yin, Huan and Xu, Xuecheng and Lu, Sha and Chen, Xieyuanli and Xiong, Rong and Shen, Shaojie and Stachniss, Cyrill and Wang, Yue},
  journal={International Journal of Computer Vision},
  pages={1--33},
  year={2024},
  publisher={Springer}
}