@article{chang2021contrastive,
	title={Contrastive attention for video anomaly detection},
	author={Chang, Shuning and Li, Yanchao and Shen, Shengmei and Feng, Jiashi and Zhou, Zhiying},
	journal={IEEE Transactions on Multimedia},
	volume={24},
	pages={4067--4076},
	year={2021},
	publisher={IEEE}
}

@article{chen2023cross,
	title={Cross-modal Data Augmentation for Tasks of Different Modalities},
	author={Chen, D and Zhuang, Y and Shen, Z and Yang, C and Wang, G and Tang, S and Yang, Y},
	journal={IEEE Transactions on Multimedia},
	year={2023},
	publisher={Institute of Electrical and Electronics Engineers}
}

@article{chen2023parameter,
	title={Parameter-Efficient Fine-Tuning Design Spaces},
	author={Chen, Jiaao and Zhang, Aston and Shi, Xingjian and Li, Mu and Smola, Alex and Yang, Diyi},
	journal={arXiv preprint arXiv:2301.01821},
	year={2023}
}

@inproceedings{chen2024data,
	title={Data Shunt: Collaboration of Small and Large Models for Lower Costs and Better Performance},
	author={Chen, Dong and Zhuang, Yueting and Zhang, Shuo and Liu, Jinfeng and Dong, Su and Tang, Siliang},
	booktitle={Proceedings of the AAAI Conference on Artificial Intelligence},
	volume={38},
	number={10},
	pages={11249--11257},
	year={2024}
}

@article{chen2024improving,
	title={Improving Large Models with Small models: Lower Costs and Better Performance},
	author={Chen, Dong and Zhang, Shuo and Zhuang, Yueting and Tang, Siliang and Liu, Qidong and Wang, Hua and Xu, Mingliang},
	journal={arXiv preprint arXiv:2406.15471},
	year={2024}
}

@article{chen2024improvingg,
	title={Improving vision anomaly detection with the guidance of language modality},
	author={Chen, Dong and Pan, Kaihang and Dai, Guangyu and Wang, Guoming and Zhuang, Yueting and Tang, Siliang and Xu, Mingliang},
	journal={IEEE Transactions on Multimedia},
	year={2024},
	publisher={IEEE}
}

@article{elhafsi2023semantic,
	title={Semantic anomaly detection with large language models},
	author={Elhafsi, Amine and Sinha, Rohan and Agia, Christopher and Schmerling, Edward and Nesnas, Issa AD and Pavone, Marco},
	journal={Autonomous Robots},
	volume={47},
	number={8},
	pages={1035--1055},
	year={2023},
	publisher={Springer}
}

@article{guo2024recontrast,
	title={Recontrast: Domain-specific anomaly detection via contrastive reconstruction},
	author={Guo, Jia and Jia, Lize and Zhang, Weihang and Li, Huiqi and others},
	journal={Advances in Neural Information Processing Systems},
	volume={36},
	year={2024}
}

@article{hilal2022financial,
	title={Financial fraud: a review of anomaly detection techniques and recent advances},
	author={Hilal, Waleed and Gadsden, S Andrew and Yawney, John},
	journal={Expert systems With applications},
	volume={193},
	pages={116429},
	year={2022},
	publisher={Elsevier}
}

@inproceedings{houlsby2019parameter,
	title={Parameter-efficient transfer learning for NLP},
	author={Houlsby, Neil and Giurgiu, Andrei and Jastrzebski, Stanislaw and Morrone, Bruna and De Laroussilhe, Quentin and Gesmundo, Andrea and Attariyan, Mona and Gelly, Sylvain},
	booktitle={International Conference on Machine Learning},
	pages={2790--2799},
	year={2019},
	organization={PMLR}
}

@article{huang2018codetect,
	title={CoDetect: Financial fraud detection with anomaly feature detection},
	author={Huang, Dongxu and Mu, Dejun and Yang, Libin and Cai, Xiaoyan},
	journal={IEEE Access},
	volume={6},
	pages={19161--19174},
	year={2018},
	publisher={IEEE}
}

@article{li2020spatial,
	title={Spatial-temporal cascade autoencoder for video anomaly detection in crowded scenes},
	author={Li, Nanjun and Chang, Faliang and Liu, Chunsheng},
	journal={IEEE Transactions on Multimedia},
	volume={23},
	pages={203--215},
	year={2020},
	publisher={IEEE}
}

@inproceedings{liu2023simplenet,
	title={Simplenet: A simple network for image anomaly detection and localization},
	author={Liu, Zhikang and Zhou, Yiming and Xu, Yuansheng and Wang, RZilei},
	booktitle={Proceedings of the IEEE/CVF Conference on Computer Vision and Pattern Recognition},
	pages={20402--20411},
	year={2023}
}

@article{liu2024deep,
	title={Deep industrial image anomaly detection: A survey},
	author={Liu, Jiaqi and Xie, Guoyang and Wang, Jinbao and Li, Shangnian and Wang, Chengjie and Zheng, Feng and Jin, Yaochu},
	journal={Machine Intelligence Research},
	volume={21},
	number={1},
	pages={104--135},
	year={2024},
	publisher={Springer}
}

@article{liu2024large,
	title={Large language model guided knowledge distillation for time series anomaly detection},
	author={Liu, Chen and He, Shibo and Zhou, Qihang and Li, Shizhong and Meng, Wenchao},
	journal={arXiv preprint arXiv:2401.15123},
	year={2024}
}

@article{ngo2020adaptive,
	title={Adaptive anomaly detection for IoT data in hierarchical edge computing},
	author={Ngo, Mao V and Chaouchi, Hakima and Luo, Tie and Quek, Tony QS},
	journal={arXiv preprint arXiv:2001.03314},
	year={2020}
}

@article{pang2021deep,
	title={Deep learning for anomaly detection: A review},
	author={Pang, Guansong and Shen, Chunhua and Cao, Longbing and Hengel, Anton Van Den},
	journal={ACM computing surveys (CSUR)},
	volume={54},
	number={2},
	pages={1--38},
	year={2021},
	publisher={ACM New York, NY, USA}
}

@article{patrikar2022anomaly,
	title={Anomaly detection using edge computing in video surveillance system},
	author={Patrikar, Devashree R and Parate, Mayur Rajaram},
	journal={International Journal of Multimedia Information Retrieval},
	volume={11},
	number={2},
	pages={85--110},
	year={2022},
	publisher={Springer}
}

@inproceedings{roth2022towards,
	title={Towards total recall in industrial anomaly detection},
	author={Roth, Karsten and Pemula, Latha and Zepeda, Joaquin and Sch{\"o}lkopf, Bernhard and Brox, Thomas and Gehler, Peter},
	booktitle={Proceedings of the IEEE/CVF conference on computer vision and pattern recognition},
	pages={14318--14328},
	year={2022}
}

@inproceedings{sehwag2021ssd,
	title={SSD:  A Unified Framework for Self-Supervised Outlier Detection},
	author={Vikash Sehwag and Mung Chiang and Prateek Mittal},
	booktitle={International Conference on Learning Representations},
	year={2021},
	url={https://openreview.net/forum?id=v5gjXpmR8J}
}

@article{siegel2020industrial,
	title={Industrial anomaly detection: A comparison of unsupervised neural network architectures},
	author={Siegel, Barry},
	journal={IEEE Sensors Letters},
	volume={4},
	number={8},
	pages={1--4},
	year={2020},
	publisher={IEEE}
}

@article{yu2022edge,
	title={An edge computing based anomaly detection method in IoT industrial sustainability},
	author={Yu, Xiang and Yang, Xianfei and Tan, Qingji and Shan, Chun and Lv, Zhihan},
	journal={Applied Soft Computing},
	volume={128},
	pages={109486},
	year={2022},
	publisher={Elsevier}
}

@article{zaken2021bitfit,
	title={Bitfit: Simple parameter-efficient fine-tuning for transformer-based masked language-models},
	author={Zaken, Elad Ben and Ravfogel, Shauli and Goldberg, Yoav},
	journal={arXiv preprint arXiv:2106.10199},
	year={2021}
}

@inproceedings{zanella2024harnessing,
	title={Harnessing Large Language Models for Training-free Video Anomaly Detection},
	author={Zanella, Luca and Menapace, Willi and Mancini, Massimiliano and Wang, Yiming and Ricci, Elisa},
	booktitle={Proceedings of the IEEE/CVF Conference on Computer Vision and Pattern Recognition},
	pages={18527--18536},
	year={2024}
}

@article{zhang2020normality,
	title={Normality learning in multispace for video anomaly detection},
	author={Zhang, Yu and Nie, Xiushan and He, Rundong and Chen, Meng and Yin, Yilong},
	journal={IEEE Transactions on Circuits and Systems for Video Technology},
	volume={31},
	number={9},
	pages={3694--3706},
	year={2020},
	publisher={IEEE}
}

@article{zhang2021beyond,
	title={Beyond fully-connected layers with quaternions: Parameterization of hypercomplex multiplications with $1/n $ parameters},
	author={Zhang, Aston and Tay, Yi and Zhang, Shuai and Chan, Alvin and Luu, Anh Tuan and Hui, Siu Cheung and Fu, Jie},
	journal={arXiv preprint arXiv:2102.08597},
	year={2021}
}

@inproceedings{zong2018deep,
	title={Deep autoencoding gaussian mixture model for unsupervised anomaly detection},
	author={Zong, Bo and Song, Qi and Min, Martin Renqiang and Cheng, Wei and Lumezanu, Cristian and Cho, Daeki and Chen, Haifeng},
	booktitle={International conference on learning representations},
	year={2018}
}

