% Encoding: UTF-8

@inproceedings{chen2022active,
  title={Active multi-task representation learning},
  author={Chen, Yifang and Jamieson, Kevin and Du, Simon},
  booktitle={International Conference on Machine Learning},
  pages={3271--3298},
  year={2022},
  organization={PMLR}
}


@article{lu2021power,
  title={On the power of multitask representation learning in linear mdp},
  author={Lu, Rui and Huang, Gao and Du, Simon S},
  journal={arXiv preprint arXiv:2106.08053},
  year={2021}
}

@article{hutchinson1989stochastic,
  title={A stochastic estimator of the trace of the influence matrix for Laplacian smoothing splines},
  author={Hutchinson, Michael F},
  journal={Communications in Statistics-Simulation and Computation},
  volume={18},
  number={3},
  pages={1059--1076},
  year={1989},
  publisher={Taylor \& Francis}
}

@inproceedings{yao2021adahessian,
  title={Adahessian: An adaptive second order optimizer for machine learning},
  author={Yao, Zhewei and Gholami, Amir and Shen, Sheng and Mustafa, Mustafa and Keutzer, Kurt and Mahoney, Michael},
  booktitle={proceedings of the AAAI conference on artificial intelligence},
  volume={35},
  number={12},
  pages={10665--10673},
  year={2021}
}

@article{roosta2015improved,
  title={Improved bounds on sample size for implicit matrix trace estimators},
  author={Roosta-Khorasani, Farbod and Ascher, Uri},
  journal={Foundations of Computational Mathematics},
  volume={15},
  number={5},
  pages={1187--1212},
  year={2015},
  publisher={Springer}
}

@article{liu2023sophia,
  title={Sophia: A scalable stochastic second-order optimizer for language model pre-training},
  author={Liu, Hong and Li, Zhiyuan and Hall, David and Liang, Percy and Ma, Tengyu},
  journal={arXiv preprint arXiv:2305.14342},
  year={2023}
}

@article{achituve2024bayesian,
  title={Bayesian Uncertainty for Gradient Aggregation in Multi-Task Learning},
  author={Achituve, Idan and Diamant, Idit and Netzer, Arnon and Chechik, Gal and Fetaya, Ethan},
  journal={arXiv preprint arXiv:2402.04005},
  year={2024}
}

@inproceedings{schaul2013no,
  title={No more pesky learning rates},
  author={Schaul, Tom and Zhang, Sixin and LeCun, Yann},
  booktitle={International conference on machine learning},
  pages={343--351},
  year={2013},
  organization={PMLR}
}

@inproceedings{chapelle2011improved,
  title={Improved preconditioner for hessian free optimization},
  author={Chapelle, Olivier and Erhan, Dumitru and others},
  booktitle={NIPS Workshop on Deep Learning and Unsupervised Feature Learning},
  volume={201},
  number={1},
  year={2011},
  organization={Citeseer}
}


@article{lin2023libmtl,
  title={Libmtl: A python library for deep multi-task learning},
  author={Lin, Baijiong and Zhang, Yu},
  journal={The Journal of Machine Learning Research},
  volume={24},
  number={1},
  pages={9999--10005},
  year={2023},
  publisher={JMLRORG}
}

@article{lee2024parrot,
  title={Parrot: Pareto-optimal multi-reward reinforcement learning framework for text-to-image generation},
  author={Lee, Seung Hyun and Li, Yinxiao and Ke, Junjie and Yoo, Innfarn and Zhang, Han and Yu, Jiahui and Wang, Qifei and Deng, Fei and Entis, Glenn and He, Junfeng and others},
  journal={arXiv preprint arXiv:2401.05675},
  year={2024}
}
@inproceedings{dann2023reinforcement,
  title={Reinforcement learning can be more efficient with multiple rewards},
  author={Dann, Christoph and Mansour, Yishay and Mohri, Mehryar},
  booktitle={International Conference on Machine Learning},
  pages={6948--6967},
  year={2023},
  organization={PMLR}
}

@book{boyd2004convex,
  title={Convex optimization},
  author={Boyd, Stephen and Vandenberghe, Lieven},
  year={2004},
  publisher={Cambridge university press}
}

@article{daskalakis2018last,
  title={Last-iterate convergence: Zero-sum games and constrained min-max optimization},
  author={Daskalakis, Constantinos and Panageas, Ioannis},
  journal={arXiv preprint arXiv:1807.04252},
  year={2018}
}
@article{rakhlin2013optimization,
  title={Optimization, learning, and games with predictable sequences},
  author={Rakhlin, Sasha and Sridharan, Karthik},
  journal={Advances in Neural Information Processing Systems},
  volume={26},
  year={2013}
}
@article{mertikopoulos2018mirror,
  title={Mirror descent in saddle-point problems: Going the extra (gradient) mile},
  author={Mertikopoulos, Panayotis and Zenati, Houssam and Lecouat, Bruno and Foo, Chuan-Sheng and Chandrasekhar, Vijay and Piliouras, Georgios},
  journal={arXiv preprint arXiv:1807.02629},
  year={2018}
}
@article{cen2021fast,
  title={Fast policy extragradient methods for competitive games with entropy regularization},
  author={Cen, Shicong and Wei, Yuting and Chi, Yuejie},
  journal={Advances in Neural Information Processing Systems},
  volume={34},
  pages={27952--27964},
  year={2021}
}

@book{nesterov2013introductory,
  title={Introductory lectures on convex optimization: A basic course},
  author={Nesterov, Yurii},
  volume={87},
  year={2013},
  publisher={Springer Science \& Business Media}
}

@book{nesterov2018lectures,
  title={Lectures on convex optimization},
  author={Nesterov, Yurii and others},
  volume={137},
  year={2018},
  publisher={Springer}
}

@article{desideri2012multiple,
  title={Multiple-gradient descent algorithm (MGDA) for multiobjective optimization},
  author={D{\'e}sid{\'e}ri, Jean-Antoine},
  journal={Comptes Rendus Mathematique},
  volume={350},
  number={5-6},
  pages={313--318},
  year={2012},
  publisher={Elsevier}
}

@article{sener2018multi,
  title={Multi-task learning as multi-objective optimization},
  author={Sener, Ozan and Koltun, Vladlen},
  journal={Advances in neural information processing systems},
  volume={31},
  year={2018}
}

@inproceedings{chen2018gradnorm,
  title={Gradnorm: Gradient normalization for adaptive loss balancing in deep multitask networks},
  author={Chen, Zhao and Badrinarayanan, Vijay and Lee, Chen-Yu and Rabinovich, Andrew},
  booktitle={International conference on machine learning},
  pages={794--803},
  year={2018},
  organization={PMLR}
}

@article{liu2021conflict,
  title={Conflict-averse gradient descent for multi-task learning},
  author={Liu, Bo and Liu, Xingchao and Jin, Xiaojie and Stone, Peter and Liu, Qiang},
  journal={Advances in Neural Information Processing Systems},
  volume={34},
  pages={18878--18890},
  year={2021}
}

@article{navon2022multi,
  title={Multi-task learning as a bargaining game},
  author={Navon, Aviv and Shamsian, Aviv and Achituve, Idan and Maron, Haggai and Kawaguchi, Kenji and Chechik, Gal and Fetaya, Ethan},
  journal={arXiv preprint arXiv:2202.01017},
  year={2022}
}

@inproceedings{chennupati2019multinet++,
  title={Multinet++: Multi-stream feature aggregation and geometric loss strategy for multi-task learning},
  author={Chennupati, Sumanth and Sistu, Ganesh and Yogamani, Senthil and A Rawashdeh, Samir},
  booktitle={Proceedings of the IEEE/CVF conference on computer vision and pattern recognition workshops},
  pages={0--0},
  year={2019}
}

@article{lin2021reasonable,
  title={Reasonable effectiveness of random weighting: A litmus test for multi-task learning},
  author={Lin, Baijiong and Ye, Feiyang and Zhang, Yu and Tsang, Ivor W},
  journal={arXiv preprint arXiv:2111.10603},
  year={2021}
}

@article{yu2020gradient,
  title={Gradient surgery for multi-task learning},
  author={Yu, Tianhe and Kumar, Saurabh and Gupta, Abhishek and Levine, Sergey and Hausman, Karol and Finn, Chelsea},
  journal={Advances in Neural Information Processing Systems},
  volume={33},
  pages={5824--5836},
  year={2020}
}

@article{bastani2021predicting,
  title={Predicting with proxies: Transfer learning in high dimension},
  author={Bastani, Hamsa},
  journal={Management Science},
  volume={67},
  number={5},
  pages={2964--2984},
  year={2021},
  publisher={INFORMS}
}

@article{dzyabura2019accounting,
  title={Accounting for discrepancies between online and offline product evaluations},
  author={Dzyabura, Daria and Jagabathula, Srikanth and Muller, Eitan},
  journal={Marketing Science},
  volume={38},
  number={1},
  pages={88--106},
  year={2019},
  publisher={INFORMS}
}

@article{forrester2007multi,
  title={Multi-fidelity optimization via surrogate modelling},
  author={Forrester, Alexander IJ and S{\'o}bester, Andr{\'a}s and Keane, Andy J},
  journal={Proceedings of the royal society a: mathematical, physical and engineering sciences},
  volume={463},
  number={2088},
  pages={3251--3269},
  year={2007},
  publisher={The Royal Society London}
}

@article{kandasamy2016multi,
  title={The multi-fidelity multi-armed bandit},
  author={Kandasamy, Kirthevasan and Dasarathy, Gautam and Poczos, Barnabas and Schneider, Jeff},
  journal={Advances in neural information processing systems},
  volume={29},
  year={2016}
}

@article{kandasamy2016gaussian,
  title={Gaussian process bandit optimisation with multi-fidelity evaluations},
  author={Kandasamy, Kirthevasan and Dasarathy, Gautam and Oliva, Junier B and Schneider, Jeff and P{\'o}czos, Barnab{\'a}s},
  journal={Advances in neural information processing systems},
  volume={29},
  year={2016}
}

@inproceedings{kandasamy2017multi,
  title={Multi-fidelity bayesian optimisation with continuous approximations},
  author={Kandasamy, Kirthevasan and Dasarathy, Gautam and Schneider, Jeff and P{\'o}czos, Barnab{\'a}s},
  booktitle={International conference on machine learning},
  pages={1799--1808},
  year={2017},
  organization={PMLR}
}

@inproceedings{song2019general,
  title={A general framework for multi-fidelity bayesian optimization with gaussian processes},
  author={Song, Jialin and Chen, Yuxin and Yue, Yisong},
  booktitle={The 22nd International Conference on Artificial Intelligence and Statistics},
  pages={3158--3167},
  year={2019},
  organization={PMLR}
}

@inproceedings{wu2020practical,
  title={Practical multi-fidelity Bayesian optimization for hyperparameter tuning},
  author={Wu, Jian and Toscano-Palmerin, Saul and Frazier, Peter I and Wilson, Andrew Gordon},
  booktitle={Uncertainty in Artificial Intelligence},
  pages={788--798},
  year={2020},
  organization={PMLR}
}

@inproceedings{takeno2020multi,
  title={Multi-fidelity Bayesian optimization with max-value entropy search and its parallelization},
  author={Takeno, Shion and Fukuoka, Hitoshi and Tsukada, Yuhki and Koyama, Toshiyuki and Shiga, Motoki and Takeuchi, Ichiro and Karasuyama, Masayuki},
  booktitle={International Conference on Machine Learning},
  pages={9334--9345},
  year={2020},
  organization={PMLR}
}

@article{yi2021active,
  title={An active-learning method based on multi-fidelity Kriging model for structural reliability analysis},
  author={Yi, Jiaxiang and Wu, Fangliang and Zhou, Qi and Cheng, Yuansheng and Ling, Hao and Liu, Jun},
  journal={Structural and Multidisciplinary Optimization},
  volume={63},
  pages={173--195},
  year={2021},
  publisher={Springer}
}

@article{li2022batch,
  title={Batch multi-fidelity active learning with budget constraints},
  author={Li, Shibo and Phillips, Jeff M and Yu, Xin and Kirby, Robert and Zhe, Shandian},
  journal={Advances in Neural Information Processing Systems},
  volume={35},
  pages={995--1007},
  year={2022}
}

@article{li2020deep,
  title={Deep multi-fidelity active learning of high-dimensional outputs},
  author={Li, Shibo and Kirby, Robert M and Zhe, Shandian},
  journal={arXiv preprint arXiv:2012.00901},
  year={2020}
}

@inproceedings{zhao2020sim,
  title={Sim-to-real transfer in deep reinforcement learning for robotics: a survey},
  author={Zhao, Wenshuai and Queralta, Jorge Pe{\~n}a and Westerlund, Tomi},
  booktitle={2020 IEEE symposium series on computational intelligence (SSCI)},
  pages={737--744},
  year={2020},
  organization={IEEE}
}

@inproceedings{peng2018sim,
  title={Sim-to-real transfer of robotic control with dynamics randomization},
  author={Peng, Xue Bin and Andrychowicz, Marcin and Zaremba, Wojciech and Abbeel, Pieter},
  booktitle={2018 IEEE international conference on robotics and automation (ICRA)},
  pages={3803--3810},
  year={2018},
  organization={IEEE}
}