@inproceedings{chauhan2023powrl,
  title={Powrl: A reinforcement learning framework for robust management of power networks},
  author={Chauhan, Anandsingh and Baranwal, Mayank and Basumatary, Ansuma},
  booktitle={Proceedings of the AAAI Conference on Artificial Intelligence},
  volume={37},
  pages={14757--14764},
  year={2023}
}

@article{dorfer2022power,
  title={Power grid congestion management via topology optimization with AlphaZero},
  author={Dorfer, Matthias and Fuxj{\"a}ger, Anton R and Kozak, Kristian and Blies, Patrick M and Wasserer, Marcel},
  journal={arXiv preprint arXiv:2211.05612},
  year={2022}
}

@misc{grid2op,
    author = {Benjamin Donnot},
    title = {{Grid2op- A testbed platform to model sequential decision making in power systems}},
    year = {2020},
    publisher = {GitHub},
    journal = {GitHub repository},
    howpublished = {\url{https://GitHub.com/rte-france/grid2op}},
}

@inproceedings{haarnoja2018soft,
  title={Soft actor-critic: Off-policy maximum entropy deep reinforcement learning with a stochastic actor},
  author={Haarnoja, Tuomas and Zhou, Aurick and Abbeel, Pieter and Levine, Sergey},
  booktitle={International conference on machine learning},
  pages={1861--1870},
  year={2018},
  organization={PMLR}
}

@article{heidarifar2021optimal,
  title={An optimal transmission line switching and bus splitting heuristic incorporating AC and N-1 contingency constraints},
  author={Heidarifar, Majid and Andrianesis, Panagiotis and Ruiz, Pablo and Caramanis, Michael C and Paschalidis, Ioannis Ch},
  journal={International Journal of Electrical Power \& Energy Systems},
  volume={133},
  pages={107278},
  year={2021},
  publisher={Elsevier}
}

@misc{icapswinner,
    author = {polixer},
    title = {Winner of L2RPN ICAPS 2021},
    year = {2020},
    publisher = {GitHub},
    journal = {GitHub repository},
    howpublished = {\url{https://github.com/polixir/L2RPN_2021}},
}

@inproceedings{lan2020ai,
  title={AI-based autonomous line flow control via topology adjustment for maximizing time-series ATCs},
  author={Lan, Tu and Duan, Jiajun and Zhang, Bei and Shi, Di and Wang, Zhiwei and Diao, Ruisheng and Zhang, Xiaohu},
  booktitle={2020 IEEE Power \& Energy Society General Meeting (PESGM)},
  pages={1--5},
  year={2020},
  organization={IEEE}
}

@article{lehna2023managing,
  title={Managing power grids through topology actions: A comparative study between advanced rule-based and reinforcement learning agents},
  author={Lehna, Malte and Viebahn, Jan and Marot, Antoine and Tomforde, Sven and Scholz, Christoph},
  journal={Energy and AI},
  volume={14},
  pages={100276},
  year={2023},
  publisher={Elsevier}
}

@inproceedings{little2021optimal,
  title={Optimal transmission topology for facilitating the growth of renewable power generation},
  author={Little, Emily and Bortolotti, Sandrine and Bourmaud, Jean-Yves and Karangelos, Efthymios and Perez, Yannick},
  booktitle={2021 IEEE Madrid PowerTech},
  pages={1--6},
  year={2021},
  organization={IEEE}
}

@misc{manczak2023hierarchical,
  title={Hierarchical Reinforcement Learning for Power Network Topology Control},
  author={Blazej Manczak and Jan Viebahn and Herke van Hoof},
  year={2023},
  note={\url{https://arxiv.org/abs/2311.02129}}
}

@inproceedings{marot2018expert,
  title={Expert system for topological remedial action discovery in smart grids},
  author={Marot, Antoine and Donnot, Benjamin and Tazi, Sami and Panciatici, Patrick},
  booktitle={Mediterranean Conference on Power Generation, Transmission, Distribution and Energy Conversion (MEDPOWER 2018)},
  pages={1--6},
  year={2018},
  organization={IET}
}

@inproceedings{marot2021learning,
  title={Learning to run a power network challenge: a retrospective analysis},
  author={Marot, Antoine and Donnot, Benjamin and Dulac-Arnold, Gabriel and Kelly, Adrian and Oâ€™Sullivan, Aidan and Viebahn, Jan and Awad, Mariette and Guyon, Isabelle and Panciatici, Patrick and Romero, Camilo},
  booktitle={NeurIPS 2020 Competition and Demonstration Track},
  pages={112--132},
  year={2021},
  organization={PMLR}
}

@article{marot2022learning,
  title={Learning to run a power network with trust},
  author={Marot, Antoine and Donnot, Benjamin and Chaouache, Karim and Kelly, Adrian and Huang, Qiuhua and Hossain, Ramij-Raja and Cremer, Jochen L},
  journal={Electric Power Systems Research},
  volume={212},
  pages={108487},
  year={2022},
  publisher={Elsevier}
}

@article{ruiz2016security,
  title={Security-constrained transmission topology control MILP formulation using sensitivity factors},
  author={Ruiz, Pablo Ariel and Goldis, Evgeniy and Rudkevich, Aleksandr M and Caramanis, Michael C and Philbrick, C Russ and Foster, Justin M},
  journal={IEEE Transactions on Power Systems},
  volume={32},
  number={2},
  pages={1597--1605},
  year={2016},
  publisher={IEEE}
}

@article{schulman2017proximal,
  title={Proximal policy optimization algorithms},
  author={Schulman, John and Wolski, Filip and Dhariwal, Prafulla and Radford, Alec and Klimov, Oleg},
  journal={arXiv preprint arXiv:1707.06347},
  year={2017}
}

@book{sutton2018reinforcement,
  title={Reinforcement learning: An introduction},
  author={Sutton, Richard S and Barto, Andrew G},
  year={2018},
  publisher={MIT press}
}

@misc{van2023multi,
      title={Multi-Agent Reinforcement Learning for Power Grid Topology Optimization}, 
      author={Erica van der Sar and Alessandro Zocca and Sandjai Bhulai},
      year={2023},
      eprint={2310.02605},
      archivePrefix={arXiv},
      primaryClass={cs.LG},
      url={https://arxiv.org/abs/2310.02605}
}

@article{viebahn2022potential,
  title={Potential and challenges of AI-powered decision support for short-term system operations},
  author={Viebahn, Jan and Naglic, Matija and Marot, Antoine and Donnot, Benjamin and Tindemans, Simon H},
  journal={CIGRE Session 2022},
  year={2022}
}

@inproceedings{yoon2020winning,
  title={Winning the l2rpn challenge: Power grid management via semi-markov afterstate actor-critic},
  author={Yoon, Deunsol and Hong, Sunghoon and Lee, Byung-Jun and Kim, Kee-Eung},
  booktitle={International Conference on Learning Representations},
  year={2020}
}

@article{yu2022surprising,
  title={The surprising effectiveness of ppo in cooperative multi-agent games},
  author={Yu, Chao and Velu, Akash and Vinitsky, Eugene and Gao, Jiaxuan and Wang, Yu and Bayen, Alexandre and Wu, Yi},
  journal={Advances in Neural Information Processing Systems},
  volume={35},
  pages={24611--24624},
  year={2022}
}

