@inproceedings{chaudhuri1997efficient,
  title={An Efficient Cost-Driven Index Selection Tool for Microsoft SQL Server},
  author={Chaudhuri, Surajit and Narasayya, Vivek},
  booktitle={Proceedings of the 23rd International Conference on Very Large Data Bases (VLDB)},
  pages={146--155},
  year={1997}
}

@article{chockchowwat2023airindex,
  title={Airindex: versatile index tuning through data and storage},
  author={Chockchowwat, Supawit and Liu, Wenjie and Park, Yongjoo},
  journal={Proceedings of the ACM on Management of Data},
  volume={1},
  number={3},
  pages={1--26},
  year={2023},
  publisher={ACM New York, NY, USA}
}

@article{chua2018deep,
  title={Deep reinforcement learning in a handful of trials using probabilistic dynamics models},
  author={Chua, Kurtland and Calandra, Roberto and McAllister, Rowan and Levine, Sergey},
  journal={Advances in neural information processing systems},
  volume={31},
  year={2018}
}

@article{comer1979ubiquitous,
  title={Ubiquitous B-tree},
  author={Comer, Douglas},
  journal={ACM Computing Surveys (CSUR)},
  volume={11},
  number={2},
  pages={121--137},
  year={1979},
  publisher={ACM New York, NY, USA}
}

@inproceedings{dayan2018dostoevsky,
  title={Dostoevsky: Better space-time trade-offs for LSM-tree based key-value stores via adaptive removal of superfluous merging},
  author={Dayan, Niv and Idreos, Stratos},
  booktitle={Proceedings of the 2018 International Conference on Management of Data},
  pages={505--520},
  year={2018}
}

@inproceedings{ding2020alex,
  title={ALEX: an updatable adaptive learned index},
  author={Ding, Jialin and Minhas, Umar Farooq and Yu, Jia and Wang, Chi and Do, Jaeyoung and Li, Yinan and Zhang, Hantian and Chandramouli, Badrish and Gehrke, Johannes and Kossmann, Donald and others},
  booktitle={Proceedings of the 2020 ACM SIGMOD International Conference on Management of Data},
  pages={969--984},
  year={2020}
}

@article{ferragina2020pgm,
  title={The PGM-index: a fully-dynamic compressed learned index with provable worst-case bounds},
  author={Ferragina, Paolo and Vinciguerra, Giorgio},
  journal={Proceedings of the VLDB Endowment},
  volume={13},
  number={8},
  pages={1162--1175},
  year={2020},
  publisher={VLDB Endowment}
}

@inproceedings{feurer2015initializing,
  title={Initializing bayesian hyperparameter optimization via meta-learning},
  author={Feurer, Matthias and Springenberg, Jost and Hutter, Frank},
  booktitle={Proceedings of the AAAI Conference on Artificial Intelligence},
  volume={29},
  number={1},
  year={2015}
}

@inproceedings{galakatos2019fiting,
  title={Fiting-tree: A data-aware index structure},
  author={Galakatos, Alex and Markovitch, Michael and Binnig, Carsten and Fonseca, Rodrigo and Kraska, Tim},
  booktitle={Proceedings of the 2019 international conference on management of data},
  pages={1189--1206},
  year={2019}
}

@article{gueffectively,
  title={Effectively Learning Spatial Indexes with a Support for Updates},
  author={Gu, Tu and Feng, Kaiyu and Cong, Gao and Long, Cheng and Wang, Zheng and Wang, Sheng}
}

@inproceedings{kamthe2018data,
  title={Data-efficient reinforcement learning with probabilistic model predictive control},
  author={Kamthe, Sanket and Deisenroth, Marc},
  booktitle={International conference on artificial intelligence and statistics},
  pages={1701--1710},
  year={2018},
  organization={PMLR}
}

@inproceedings{kipf2020radixspline,
  title={RadixSpline: a single-pass learned index},
  author={Kipf, Andreas and Marcus, Ryan and van Renen, Alexander and Stoian, Mihail and Kemper, Alfons and Kraska, Tim and Neumann, Thomas},
  booktitle={Proceedings of the third international workshop on exploiting artificial intelligence techniques for data management},
  pages={1--5},
  year={2020}
}

@inproceedings{kossmann2022swirl,
  title={{SWIRL}: Selection of Workload-aware Indexes via Reinforcement Learning},
  author={Kossmann, Jan and Mutlu, Onur and Posner, Scott and N{\"o}th, Felix},
  booktitle={Proceedings of the 2022 International Conference on Management of Data (SIGMOD)},
  pages={1570--1583},
  year={2022}
}

@inproceedings{kraska2018case,
  title={The case for learned index structures},
  author={Kraska, Tim and Beutel, Alex and Chi, Ed H and Dean, Jeffrey and Polyzotis, Neoklis},
  booktitle={Proceedings of the 2018 international conference on management of data},
  pages={489--504},
  year={2018}
}

@article{li2021finedex,
  title={FINEdex: a fine-grained learned index scheme for scalable and concurrent memory systems},
  author={Li, Pengfei and Hua, Yu and Jia, Jingnan and Zuo, Pengfei},
  journal={Proceedings of the VLDB Endowment},
  volume={15},
  number={2},
  pages={321--334},
  year={2021},
  publisher={VLDB Endowment}
}

@article{liang2024swix,
  title={SWIX: A Memory-efficient Sliding Window Learned Index},
  author={Liang, Liang and Yang, Guang and Hadian, Ali and Croquevielle, Luis Alberto and Heinis, Thomas},
  journal={Proceedings of the ACM on Management of Data},
  volume={2},
  number={1},
  pages={1--26},
  year={2024},
  publisher={ACM New York, NY, USA}
}

@article{lillicrap2015continuous,
  title={Continuous control with deep reinforcement learning},
  author={Lillicrap, TP},
  journal={arXiv preprint arXiv:1509.02971},
  year={2015}
}

@inproceedings{liu2021gptune,
  title={Gptune: Multitask learning for autotuning exascale applications},
  author={Liu, Yang and Sid-Lakhdar, Wissam M and Marques, Osni and Zhu, Xinran and Meng, Chang and Demmel, James W and Li, Xiaoye S},
  booktitle={Proceedings of the 26th ACM SIGPLAN Symposium on Principles and Practice of Parallel Programming},
  pages={234--246},
  year={2021}
}

@article{lu2021apex,
  title={APEX: a high-performance learned index on persistent memory},
  author={Lu, Baotong and Ding, Jialin and Lo, Eric and Minhas, Umar Farooq and Wang, Tianzheng},
  journal={arXiv preprint arXiv:2105.00683},
  year={2021}
}

@inproceedings{marcus2020cdfshop,
  title={Cdfshop: Exploring and optimizing learned index structures},
  author={Marcus, Ryan and Zhang, Emily and Kraska, Tim},
  booktitle={Proceedings of the 2020 ACM SIGMOD International Conference on Management of Data},
  pages={2789--2792},
  year={2020}
}

@article{mo2023learning,
  title={Learning to Optimize LSM-trees: Towards A Reinforcement Learning based Key-Value Store for Dynamic Workloads},
  author={Mo, Dingheng and Chen, Fanchao and Luo, Siqiang and Shan, Caihua},
  journal={arXiv preprint arXiv:2308.07013},
  year={2023}
}

@inproceedings{ozaki2020multiobjective,
  title={Multiobjective tree-structured parzen estimator for computationally expensive optimization problems},
  author={Ozaki, Yoshihiko and Tanigaki, Yuki and Watanabe, Shuhei and Onishi, Masaki},
  booktitle={Proceedings of the 2020 genetic and evolutionary computation conference},
  pages={533--541},
  year={2020}
}

@article{siddiqui2024ml,
  title={ML-Powered Index Tuning: An Overview of Recent Progress and Open Challenges},
  author={Siddiqui, Tarique and Wu, Wentao},
  journal={ACM SIGMOD Record},
  volume={52},
  number={4},
  pages={19--30},
  year={2024},
  publisher={ACM New York, NY, USA}
}

@article{snoek2012practical,
  title={Practical bayesian optimization of machine learning algorithms},
  author={Snoek, Jasper and Larochelle, Hugo and Adams, Ryan P},
  journal={Advances in neural information processing systems},
  volume={25},
  year={2012}
}

@article{stoian2021towards,
  title={Towards Practical Learned Indexing},
  author={Stoian, Mihail and Kipf, Andreas and Marcus, Ryan and Kraska, Tim},
  journal={arXiv preprint arXiv:2108.05117},
  year={2021}
}

@article{sun2023learned,
  title={Learned Index: A Comprehensive Experimental Evaluation},
  author={Sun, Zhaoyan and Zhou, Xuanhe and Li, Guoliang},
  journal={Proceedings of the VLDB Endowment},
  volume={16},
  number={8},
  pages={1992--2004},
  year={2023},
  publisher={VLDB Endowment}
}

@book{sutton2018reinforcement,
  title={Reinforcement learning: An introduction},
  author={Sutton, Richard S and Barto, Andrew G},
  year={2018},
  publisher={MIT press}
}

@inproceedings{tang2020xindex,
  title={XIndex: a scalable learned index for multicore data storage},
  author={Tang, Chuzhe and Wang, Youyun and Dong, Zhiyuan and Hu, Gansen and Wang, Zhaoguo and Wang, Minjie and Chen, Haibo},
  booktitle={Proceedings of the 25th ACM SIGPLAN symposium on principles and practice of parallel programming},
  pages={308--320},
  year={2020}
}

@inproceedings{valentin2000db2,
  title={{DB2} Advisor: An Optimizer Smart Enough to Recommend Its Own Indexes},
  author={Valentin, Grubb and Zuliani, Michael and Zilio, Diego and Lohman, Guy M. and Skelley, Alan},
  booktitle={Proceedings of the 16th International Conference on Data Engineering (ICDE)},
  pages={101--110},
  year={2000}
}

@article{wang2024leveraging,
  title={Leveraging Dynamic and Heterogeneous Workload Knowledge to Boost the Performance of Index Advisors},
  author={Wang, Zijia and Liu, Haoran and Lin, Chen and Bao, Zhifeng and Li, Guoliang and Wang, Tianqing},
  journal={Proceedings of the VLDB Endowment},
  volume={17},
  number={7},
  pages={1642--1654},
  year={2024},
  publisher={VLDB Endowment}
}

@article{wu2021lipp,
  title={Updatable learned index with precise positions},
  author={Wu, Jiacheng and Zhang, Yong and Chen, Shimin and Wang, Jin and Chen, Yu and Xing, Chunxiao},
  journal={arXiv preprint arXiv:2104.05520},
  year={2021}
}

@article{wu2021updatable,
  title={Updatable learned index with precise positions},
  author={Wu, Jiacheng and Zhang, Yong and Chen, Shimin and Wang, Jin and Chen, Yu and Xing, Chunxiao},
  journal={arXiv preprint arXiv:2104.05520},
  year={2021}
}

@inproceedings{yang2023flirt,
  title={FLIRT: A Fast Learned Index for Rolling Time frames.},
  author={Yang, Guang and Liang, Liang and Hadian, Ali and Heinis, Thomas},
  booktitle={EDBT},
  pages={234--246},
  year={2023}
}

@inproceedings{zhang2019end,
  title={An end-to-end automatic cloud database tuning system using deep reinforcement learning},
  author={Zhang, Ji and Liu, Yu and Zhou, Ke and Li, Guoliang and Xiao, Zhili and Cheng, Bin and Xing, Jiashu and Wang, Yangtao and Cheng, Tianheng and Liu, Li and others},
  booktitle={Proceedings of the 2019 International Conference on Management of Data},
  pages={415--432},
  year={2019}
}

@article{zhang2021carmi,
  title={Carmi: A cache-aware learned index with a cost-based construction algorithm},
  author={Zhang, Jiaoyi and Gao, Yihan},
  journal={arXiv preprint arXiv:2103.00858},
  year={2021}
}

@article{zhao2023automatic,
  title={Automatic database knob tuning: a survey},
  author={Zhao, Xinyang and Zhou, Xuanhe and Li, Guoliang},
  journal={IEEE Transactions on Knowledge and Data Engineering},
  volume={35},
  number={12},
  pages={12470--12490},
  year={2023},
  publisher={IEEE}
}

@article{zhou2024breaking,
  title={Breaking It Down: An In-Depth Study of Index Advisors},
  author={Zhou, Wei and Lin, Chen and Zhou, Xuanhe and Li, Guoliang},
  journal={Proceedings of the VLDB Endowment},
  volume={17},
  number={10},
  pages={2405--2418},
  year={2024},
  publisher={VLDB Endowment}
}

