
% Journals

% First the Full Name is given, then the abbreviation used in the AMS Math
% Reviews, with an indication if it could not be found there.
% Note the 2nd overwrites the 1st, so swap them if you want the full name.

 %{AMS}
 @String{AMSTrans = "American Mathematical Society Translations" }
 @String{AMSTrans = "Amer. Math. Soc. Transl." }
 @String{BullAMS = "Bulletin of the American Mathematical Society" }
 @String{BullAMS = "Bull. Amer. Math. Soc." }
 @String{ProcAMS = "Proceedings of the American Mathematical Society" }
 @String{ProcAMS = "Proc. Amer. Math. Soc." }
 @String{TransAMS = "Transactions of the American Mathematical Society" }
 @String{TransAMS = "Trans. Amer. Math. Soc." }

 %ACM
 @String{CACM = "Communications of the {ACM}" }
 @String{CACM = "Commun. {ACM}" }
 @String{CompServ = "Comput. Surveys" }
 @String{JACM = "J. ACM" }
 @String{ACMMathSoft = "{ACM} Transactions on Mathematical Software" }
 @String{ACMMathSoft = "{ACM} Trans. Math. Software" }
 @String{SIGNUM = "{ACM} {SIGNUM} Newsletter" }
 @String{SIGNUM = "{ACM} {SIGNUM} Newslett." }

 @String{AmerSocio = "American Journal of Sociology" }
 @String{AmerStatAssoc = "Journal of the American Statistical Association" }
 @String{AmerStatAssoc = "J. Amer. Statist. Assoc." }
 @String{ApplMathComp = "Applied Mathematics and Computation" }
 @String{ApplMathComp = "Appl. Math. Comput." }
 @String{AmerMathMonthly = "American Mathematical Monthly" }
 @String{AmerMathMonthly = "Amer. Math. Monthly" }
 @String{BIT = "{BIT}" }
 @String{BritStatPsych = "British Journal of Mathematical and Statistical
          Psychology" }
 @String{BritStatPsych = "Brit. J. Math. Statist. Psych." }
 @String{CanMathBull = "Canadian Mathematical Bulletin" }
 @String{CanMathBull = "Canad. Math. Bull." }
 @String{CompApplMath = "Journal of Computational and Applied Mathematics" }
 @String{CompApplMath = "J. Comput. Appl. Math." }
 @String{CompPhys = "Journal of Computational Physics" }
 @String{CompPhys = "J. Comput. Phys." }
 @String{CompStruct = "Computers and Structures" }
 @String{CompStruct = "Comput. \& Structures" }
 @String{CompJour = "The Computer Journal" }
 @String{CompJour = "Comput. J." }
 @String{CompSysSci = "Journal of Computer and System Sciences" }
 @String{CompSysSci = "J. Comput. System Sci." }
 @String{Computing = "Computing" }
 @String{ContempMath = "Contemporary Mathematics" }
 @String{ContempMath = "Contemp. Math." }
 @String{Crelle = "Crelle's Journal" }
 @String{GiornaleMath = "Giornale di Mathematiche" }
 @String{GiornaleMath = "Giorn. Mat." } % didn't find in AMS MR., ibid.

 %IEEE
 @String{Computer = "{IEEE} Computer" }
 @String{IEEETransComp = "{IEEE} Transactions on Computers" }
 @String{IEEETransComp = "{IEEE} Trans. Comput." }
 @String{IEEETransAC = "{IEEE} Transactions on Automatic Control" }
 @String{IEEETransAC = "{IEEE} Trans. Automat. Control" }
 @String{IEEESpec = "{IEEE} Spectrum" } % didn't find in AMS MR
 @String{ProcIEEE = "Proceedings of the {IEEE}" }
 @String{ProcIEEE = "Proc. {IEEE}" } % didn't find in AMS MR
 @String{IEEETransAeroElec = "{IEEE} Transactions on Aerospace and Electronic
     Systems" }
 @String{IEEETransAeroElec = "{IEEE} Trans. Aerospace Electron. Systems" }

 @String{IMANumerAna = "{IMA} Journal of Numerical Analysis" }
 @String{IMANumerAna = "{IMA} J. Numer. Anal." }
 @String{InfProcLet = "Information Processing Letters" }
 @String{InfProcLet = "Inform. Process. Lett." }
 @String{InstMathApp = "Journal of the Institute of Mathematics and
     its Applications" }
 @String{InstMathApp = "J. Inst. Math. Appl." }
 @String{IntControl = "International Journal of Control" }
 @String{IntControl = "Internat. J. Control" }
 @String{IntNumerEng = "International Journal for Numerical Methods in
     Engineering" }
 @String{IntNumerEng = "Internat. J. Numer. Methods Engrg." }
 @String{IntSuper = "International Journal of Supercomputing Applications" }
 @String{IntSuper = "Internat. J. Supercomputing Applic." } % didn't find
%% in AMS MR
 @String{Kibernetika = "Kibernetika" }
 @String{JResNatBurStand = "Journal of Research of the National Bureau
     of Standards" }
 @String{JResNatBurStand = "J. Res. Nat. Bur. Standards" }
 @String{LinAlgApp = "Linear Algebra and its Applications" }
 @String{LinAlgApp = "Linear Algebra Appl." }
 @String{MathAnaAppl = "Journal of Mathematical Analysis and Applications" }
 @String{MathAnaAppl = "J. Math. Anal. Appl." }
 @String{MathAnnalen = "Mathematische Annalen" }
 @String{MathAnnalen = "Math. Ann." }
 @String{MathPhys = "Journal of Mathematical Physics" }
 @String{MathPhys = "J. Math. Phys." }
 @String{MathComp = "Mathematics of Computation" }
 @String{MathComp = "Math. Comp." }
 @String{MathScand = "Mathematica Scandinavica" }
 @String{MathScand = "Math. Scand." }
 @String{TablesAidsComp = "Mathematical Tables and Other Aids to Computation" }
 @String{TablesAidsComp = "Math. Tables Aids Comput." }
 @String{NumerMath = "Numerische Mathematik" }
 @String{NumerMath = "Numer. Math." }
 @String{PacificMath = "Pacific Journal of Mathematics" }
 @String{PacificMath = "Pacific J. Math." }
 @String{ParDistComp = "Journal of Parallel and Distributed Computing" }
 @String{ParDistComp = "J. Parallel and Distrib. Comput." } % didn't find
%% in AMS MR
 @String{ParComputing = "Parallel Computing" }
 @String{ParComputing = "Parallel Comput." }
 @String{PhilMag = "Philosophical Magazine" }
 @String{PhilMag = "Philos. Mag." }
 @String{ProcNAS = "Proceedings of the National Academy of Sciences
                    of the USA" }
 @String{ProcNAS = "Proc. Nat. Acad. Sci. U. S. A." }
 @String{Psychometrika = "Psychometrika" }
 @String{QuartMath = "Quarterly Journal of Mathematics, Oxford, Series (2)" }
 @String{QuartMath = "Quart. J. Math. Oxford Ser. (2)" }
 @String{QuartApplMath = "Quarterly of Applied Mathematics" }
 @String{QuartApplMath = "Quart. Appl. Math." }
 @String{RevueInstStat = "Review of the International Statisical Institute" }
 @String{RevueInstStat = "Rev. Inst. Internat. Statist." }

 %SIAM
 @String{JSIAM = "Journal of the Society for Industrial and Applied
     Mathematics" }
 @String{JSIAM = "J. Soc. Indust. Appl. Math." }
 @String{JSIAMB = "Journal of the Society for Industrial and Applied
     Mathematics, Series B, Numerical Analysis" }
 @String{JSIAMB = "J. Soc. Indust. Appl. Math. Ser. B Numer. Anal." }
 @String{SIAMAlgMeth = "{SIAM} Journal on Algebraic and Discrete Methods" }
 @String{SIAMAlgMeth = "{SIAM} J. Algebraic Discrete Methods" }
 @String{SIAMAppMath = "{SIAM} Journal on Applied Mathematics" }
 @String{SIAMAppMath = "{SIAM} J. Appl. Math." }
 @String{SIAMComp = "{SIAM} Journal on Computing" }
 @String{SIAMComp = "{SIAM} J. Comput." }
 @String{SIAMMatrix = "{SIAM} Journal on Matrix Analysis and Applications" }
 @String{SIAMMatrix = "{SIAM} J. Matrix Anal. Appl." }
 @String{SIAMNumAnal = "{SIAM} Journal on Numerical Analysis" }
 @String{SIAMNumAnal = "{SIAM} J. Numer. Anal." }
 @String{SIAMReview = "{SIAM} Review" }
 @String{SIAMReview = "{SIAM} Rev." }
 @String{SIAMSciStat = "{SIAM} Journal on Scientific and Statistical
     Computing" }
 @String{SIAMSciStat = "{SIAM} J. Sci. Statist. Comput." }

 @String{SoftPracExp = "Software Practice and Experience" }
 @String{SoftPracExp = "Software Prac. Experience" } % didn't find in AMS MR
 @String{StatScience = "Statistical Science" }
 @String{StatScience = "Statist. Sci." }
 @String{Techno = "Technometrics" }
 @String{USSRCompMathPhys = "{USSR} Computational Mathematics and Mathematical
     Physics" }
 @String{USSRCompMathPhys = "{U. S. S. R.} Comput. Math. and Math. Phys." }
 @String{VLSICompSys = "Journal of {VLSI} and Computer Systems" }
 @String{VLSICompSys = "J. {VLSI} Comput. Syst." }
 @String{ZAngewMathMech = "Zeitschrift fur Angewandte Mathematik und
     Mechanik" }
 @String{ZAngewMathMech = "Z. Angew. Math. Mech." }
 @String{ZAngewMathPhys = "Zeitschrift fur Angewandte Mathematik und Physik" }
 @String{ZAngewMathPhys = "Z. Angew. Math. Phys." }

% Publishers % ================================================= |

 @String{Academic = "Academic Press" }
 @String{ACMPress = "{ACM} Press" }
 @String{AdamHilger = "Adam Hilger" }
 @String{AddisonWesley = "Addison-Wesley" }
 @String{AllynBacon = "Allyn and Bacon" }
 @String{AMS = "American Mathematical Society" }
 @String{Birkhauser = "Birkha{\"u}ser" }
 @String{CambridgePress = "Cambridge University Press" }
 @String{Chelsea = "Chelsea" }
 @String{ClaredonPress = "Claredon Press" }
 @String{DoverPub = "Dover Publications" }
 @String{Eyolles = "Eyolles" }
 @String{HoltRinehartWinston = "Holt, Rinehart and Winston" }
 @String{Interscience = "Interscience" }
 @String{JohnsHopkinsPress = "The Johns Hopkins University Press" }
 @String{JohnWileySons = "John Wiley and Sons" }
 @String{Macmillan = "Macmillan" }
 @String{MathWorks = "The Math Works Inc." }
 @String{McGrawHill = "McGraw-Hill" }
 @String{NatBurStd = "National Bureau of Standards" }
 @String{NorthHolland = "North-Holland" }
 @String{OxfordPress = "Oxford University Press" }  %address Oxford or London?
 @String{PergamonPress = "Pergamon Press" }
 @String{PlenumPress = "Plenum Press" }
 @String{PrenticeHall = "Prentice-Hall" }
 @String{SIAMPub = "{SIAM} Publications" }
 @String{Springer = "Springer-Verlag" }
 @String{TexasPress = "University of Texas Press" }
 @String{VanNostrand = "Van Nostrand" }
 @String{WHFreeman = "W. H. Freeman and Co." }

%Entries

@inproceedings{ansel2014opentuner,
  title={Opentuner: An extensible framework for program autotuning},
  author={Ansel, Jason and Kamil, Shoaib and Veeramachaneni, Kalyan and Ragan-Kelley, Jonathan and Bosboom, Jeffrey and O'Reilly, Una-May and Amarasinghe, Saman},
  booktitle={Proceedings of the 23rd international conference on Parallel architectures and compilation},
  pages={303--316},
  year={2014}
}



@Article{Abril07,
  author        = "Patricia S. Abril and Robert Plant",
  title         = "The patent holder's dilemma: Buy, sell, or troll?",
  journal       = "Communications of the ACM",
  volume        = "50",
  number        = "1",
  month         = jan,
  year          = "2007",
  pages         = "36--44",
  doi           = "10.1145/1188913.1188915",
  url           = "http://doi.acm.org/10.1145/1219092.1219093",
  note          = "",
}

@Article{Cohen07,
  author        = "Sarah Cohen and Werner Nutt and Yehoshua Sagic",
  title         = "Deciding equivalances among conjunctive aggregate queries",
  journal       = JACM,
  articleno     = 5,
  numpages      = 50,
  volume        = 54,
  number        = 2,
  month         = apr,
  year          = 2007,
  doi           = "10.1145/1219092.1219093",
  url           = "http://doi.acm.org/10.1145/1219092.1219093",
  acmid         = 1219093,
}


@article{gueffectively,
  title={Effectively Learning Spatial Indexes with a Support for Updates},
  author={Gu, Tu and Feng, Kaiyu and Cong, Gao and Long, Cheng and Wang, Zheng and Wang, Sheng}
}

@inproceedings{liu2021gptune,
  title={Gptune: Multitask learning for autotuning exascale applications},
  author={Liu, Yang and Sid-Lakhdar, Wissam M and Marques, Osni and Zhu, Xinran and Meng, Chang and Demmel, James W and Li, Xiaoye S},
  booktitle={Proceedings of the 26th ACM SIGPLAN Symposium on Principles and Practice of Parallel Programming},
  pages={234--246},
  year={2021}
}

@inproceedings{bergstra2013hyperopt,
  title={Hyperopt: A python library for optimizing the hyperparameters of machine learning algorithms},
  author={Bergstra, James and Yamins, Dan and Cox, David D and others},
  booktitle={Proceedings of the 12th Python in science conference},
  volume={13},
  pages={20},
  year={2013},
  organization={Citeseer}
}


@article{snoek2012practical,
  title={Practical bayesian optimization of machine learning algorithms},
  author={Snoek, Jasper and Larochelle, Hugo and Adams, Ryan P},
  journal={Advances in neural information processing systems},
  volume={25},
  year={2012}
}

@inproceedings{kraska2018case,
  title={The case for learned index structures},
  author={Kraska, Tim and Beutel, Alex and Chi, Ed H and Dean, Jeffrey and Polyzotis, Neoklis},
  booktitle={Proceedings of the 2018 international conference on management of data},
  pages={489--504},
  year={2018}
}

@article{roderick2017implementing,
  title={Implementing the deep q-network},
  author={Roderick, Melrose and MacGlashan, James and Tellex, Stefanie},
  journal={arXiv preprint arXiv:1711.07478},
  year={2017}
}



@inproceedings{zhang2019end,
  title={An end-to-end automatic cloud database tuning system using deep reinforcement learning},
  author={Zhang, Ji and Liu, Yu and Zhou, Ke and Li, Guoliang and Xiao, Zhili and Cheng, Bin and Xing, Jiashu and Wang, Yangtao and Cheng, Tianheng and Liu, Li and others},
  booktitle={Proceedings of the 2019 International Conference on Management of Data},
  pages={415--432},
  year={2019}
}

@inproceedings{ying2018transfer,
  title={Transfer learning via learning to transfer},
  author={Ying, Wei and Zhang, Yu and Huang, Junzhou and Yang, Qiang},
  booktitle={International Conference on Machine Learning},
  pages={5085--5094},
  year={2018},
  organization={PMLR}
}

@inproceedings{sharma2007transfer,
  title={Transfer Learning in Real-Time Strategy Games Using Hybrid CBR/RL.},
  author={Sharma, Manu and Holmes, Michael P and Santamar{\'\i}a, Juan Carlos and Irani, Arya and Isbell Jr, Charles Lee and Ram, Ashwin},
  booktitle={IJCAI},
  volume={7},
  pages={1041--1046},
  year={2007}
}

@article{sun2022transfer,
  title={Transfer RL across observation feature spaces via model-based regularization},
  author={Sun, Yanchao and Zheng, Ruijie and Wang, Xiyao and Cohen, Andrew and Huang, Furong},
  journal={arXiv preprint arXiv:2201.00248},
  year={2022}
}

@article{zhang2021carmi,
  title={Carmi: A cache-aware learned index with a cost-based construction algorithm},
  author={Zhang, Jiaoyi and Gao, Yihan},
  journal={arXiv preprint arXiv:2103.00858},
  year={2021}
}

@inproceedings{ding2020alex,
  title={ALEX: an updatable adaptive learned index},
  author={Ding, Jialin and Minhas, Umar Farooq and Yu, Jia and Wang, Chi and Do, Jaeyoung and Li, Yinan and Zhang, Hantian and Chandramouli, Badrish and Gehrke, Johannes and Kossmann, Donald and others},
  booktitle={Proceedings of the 2020 ACM SIGMOD International Conference on Management of Data},
  pages={969--984},
  year={2020}
}

@article{kipf2019sosd,
  title={SOSD: A benchmark for learned indexes},
  author={Kipf, Andreas and Marcus, Ryan and van Renen, Alexander and Stoian, Mihail and Kemper, Alfons and Kraska, Tim and Neumann, Thomas},
  journal={arXiv preprint arXiv:1911.13014},
  year={2019}
}

@inproceedings{ozaki2020multiobjective,
  title={Multiobjective tree-structured parzen estimator for computationally expensive optimization problems},
  author={Ozaki, Yoshihiko and Tanigaki, Yuki and Watanabe, Shuhei and Onishi, Masaki},
  booktitle={Proceedings of the 2020 genetic and evolutionary computation conference},
  pages={533--541},
  year={2020}
}

@inproceedings{storm2006adaptive,
  title={Adaptive self-tuning memory in DB2},
  author={Storm, Adam J and Garcia-Arellano, Christian and Lightstone, Sam S and Diao, Yixin and Surendra, Maheswaran},
  booktitle={Proceedings of the 32nd international conference on Very large data bases},
  pages={1081--1092},
  year={2006}
}

@inproceedings{zhu2017bestconfig,
  title={Bestconfig: tapping the performance potential of systems via automatic configuration tuning},
  author={Zhu, Yuqing and Liu, Jianxun and Guo, Mengying and Bao, Yungang and Ma, Wenlong and Liu, Zhuoyue and Song, Kunpeng and Yang, Yingchun},
  booktitle={Proceedings of the 2017 Symposium on Cloud Computing},
  pages={338--350},
  year={2017}
}

@inproceedings{van2017automatic,
  title={Automatic database management system tuning through large-scale machine learning},
  author={Van Aken, Dana and Pavlo, Andrew and Gordon, Geoffrey J and Zhang, Bohan},
  booktitle={Proceedings of the 2017 ACM international conference on management of data},
  pages={1009--1024},
  year={2017}
}

@inproceedings{patroumpas2006window,
  title={Window specification over data streams},
  author={Patroumpas, Kostas and Sellis, Timos},
  booktitle={International Conference on Extending Database Technology},
  pages={445--464},
  year={2006},
  organization={Springer}
}

@inproceedings{feurer2015initializing,
  title={Initializing bayesian hyperparameter optimization via meta-learning},
  author={Feurer, Matthias and Springenberg, Jost and Hutter, Frank},
  booktitle={Proceedings of the AAAI Conference on Artificial Intelligence},
  volume={29},
  number={1},
  year={2015}
}

@article{huynh2021endure,
  title={Endure: a robust tuning paradigm for LSM trees under workload uncertainty},
  author={Huynh, Andy and Chaudhari, Harshal A and Terzi, Evimaria and Athanassoulis, Manos},
  journal={arXiv preprint arXiv:2110.13801},
  year={2021}
}

@article{kim2020robust,
  title={Robust and efficient memory management in Apache AsterixDB},
  author={Kim, Taewoo and Behm, Alexander and Blow, Michael and Borkar, Vinayak and Bu, Yingyi and Carey, Michael J and Hubail, Murtadha and Jahangiri, Shiva and Jia, Jianfeng and Li, Chen and others},
  journal={Software: Practice and Experience},
  volume={50},
  number={7},
  pages={1114--1151},
  year={2020},
  publisher={Wiley Online Library}
}

@book{sutton2018reinforcement,
  title={Reinforcement learning: An introduction},
  author={Sutton, Richard S and Barto, Andrew G},
  year={2018},
  publisher={MIT press}
}

@article{mo2023learning,
  title={Learning to Optimize LSM-trees: Towards A Reinforcement Learning based Key-Value Store for Dynamic Workloads},
  author={Mo, Dingheng and Chen, Fanchao and Luo, Siqiang and Shan, Caihua},
  journal={arXiv preprint arXiv:2308.07013},
  year={2023}
}

@inproceedings{zhu2021reducing,
  title={Reducing bloom filter cpu overhead in lsm-trees on modern storage devices},
  author={Zhu, Zichen and Mun, Ju Hyoung and Raman, Aneesh and Athanassoulis, Manos},
  booktitle={Proceedings of the 17th International Workshop on Data Management on New Hardware (DaMoN 2021)},
  pages={1--10},
  year={2021}
}

@inproceedings{dayan2018dostoevsky,
  title={Dostoevsky: Better space-time trade-offs for LSM-tree based key-value stores via adaptive removal of superfluous merging},
  author={Dayan, Niv and Idreos, Stratos},
  booktitle={Proceedings of the 2018 International Conference on Management of Data},
  pages={505--520},
  year={2018}
}


@article{ferragina2020pgm,
  title={The PGM-index: a fully-dynamic compressed learned index with provable worst-case bounds},
  author={Ferragina, Paolo and Vinciguerra, Giorgio},
  journal={Proceedings of the VLDB Endowment},
  volume={13},
  number={8},
  pages={1162--1175},
  year={2020},
  publisher={VLDB Endowment}
}

@article{sun2023learned,
  title={Learned Index: A Comprehensive Experimental Evaluation},
  author={Sun, Zhaoyan and Zhou, Xuanhe and Li, Guoliang},
  journal={Proceedings of the VLDB Endowment},
  volume={16},
  number={8},
  pages={1992--2004},
  year={2023},
  publisher={VLDB Endowment}
}


@article{stoian2021towards,
  title={Towards Practical Learned Indexing},
  author={Stoian, Mihail and Kipf, Andreas and Marcus, Ryan and Kraska, Tim},
  journal={arXiv preprint arXiv:2108.05117},
  year={2021}
}

@article{wu2021updatable,
  title={Updatable learned index with precise positions},
  author={Wu, Jiacheng and Zhang, Yong and Chen, Shimin and Wang, Jin and Chen, Yu and Xing, Chunxiao},
  journal={arXiv preprint arXiv:2104.05520},
  year={2021}
}


@inproceedings{kipf2020radixspline,
  title={RadixSpline: a single-pass learned index},
  author={Kipf, Andreas and Marcus, Ryan and van Renen, Alexander and Stoian, Mihail and Kemper, Alfons and Kraska, Tim and Neumann, Thomas},
  booktitle={Proceedings of the third international workshop on exploiting artificial intelligence techniques for data management},
  pages={1--5},
  year={2020}
}

@inproceedings{galakatos2019fiting,
  title={Fiting-tree: A data-aware index structure},
  author={Galakatos, Alex and Markovitch, Michael and Binnig, Carsten and Fonseca, Rodrigo and Kraska, Tim},
  booktitle={Proceedings of the 2019 international conference on management of data},
  pages={1189--1206},
  year={2019}
}

@inproceedings{sun2022constrained,
  title={Constrained MDPs can be Solved by Eearly-Termination with Recurrent Models},
  author={Sun, Hao and Xu, Ziping and Peng, Zhenghao and Fang, Meng and Wang, Taiyi and Dai, Bo and Zhou, Bolei},
  booktitle={NeurIPS 2022 Foundation Models for Decision Making Workshop},
  year={2022}
}

@inproceedings{wang2020neural,
  title={Neural architecture search using deep neural networks and monte carlo tree search},
  author={Wang, Linnan and Zhao, Yiyang and Jinnai, Yuu and Tian, Yuandong and Fonseca, Rodrigo},
  booktitle={Proceedings of the AAAI Conference on Artificial Intelligence},
  volume={34},
  number={06},
  pages={9983--9991},
  year={2020}
}

@article{khalil2017learning,
  title={Learning combinatorial optimization algorithms over graphs},
  author={Khalil, Elias and Dai, Hanjun and Zhang, Yuyu and Dilkina, Bistra and Song, Le},
  journal={Advances in neural information processing systems},
  volume={30},
  year={2017}
}

@article{talaat2023rl,
  title={RL based hyper-parameters optimization algorithm (ROA) for convolutional neural network},
  author={Talaat, Fatma M and Gamel, Samah A},
  journal={Journal of Ambient Intelligence and Humanized Computing},
  volume={14},
  number={10},
  pages={13349--13359},
  year={2023},
  publisher={Springer}
}

@article{lyu2021multiobjective,
  title={Multiobjective reinforcement learning-based neural architecture search for efficient portrait parsing},
  author={Lyu, Bo and Wen, Shiping and Shi, Kaibo and Huang, Tingwen},
  journal={IEEE Transactions on Cybernetics},
  volume={53},
  number={2},
  pages={1158--1169},
  year={2021},
  publisher={IEEE}
}

@inproceedings{vahdat2020unas,
  title={Unas: Differentiable architecture search meets reinforcement learning},
  author={Vahdat, Arash and Mallya, Arun and Liu, Ming-Yu and Kautz, Jan},
  booktitle={Proceedings of the IEEE/CVF conference on computer vision and pattern recognition},
  pages={11266--11275},
  year={2020}
}

@article{wang2019benchmarking,
  title={Benchmarking Model-Based Reinforcement Learning},
  author={Wang, Tingwu and Bao, Xuchan and Clavera, Ignasi and Hoang, Jerrick and Wen, Yeming and Langlois, Eric and Zhang, Shunshi and Zhang, Guodong and Abbeel, Pieter and Ba, Jimmy},
  journal={arXiv preprint arXiv:1907.02057},
  year={2019}
}

@inproceedings{wachi2020safe,
  title={Safe reinforcement learning in constrained markov decision processes},
  author={Wachi, Akifumi and Sui, Yanan},
  booktitle={International Conference on Machine Learning},
  pages={9797--9806},
  year={2020},
  organization={PMLR}
}

@article{yang2021recurrent,
  title={Recurrent off-policy baselines for memory-based continuous control},
  author={Yang, Zhihan and Nguyen, Hai},
  journal={arXiv preprint arXiv:2110.12628},
  year={2021}
}

@article{graves2012long,
  title={Long short-term memory},
  author={Graves, Alex and Graves, Alex},
  journal={Supervised sequence labelling with recurrent neural networks},
  pages={37--45},
  year={2012},
  publisher={Springer}
}


@article{liang2024swix,
  title={SWIX: A Memory-efficient Sliding Window Learned Index},
  author={Liang, Liang and Yang, Guang and Hadian, Ali and Croquevielle, Luis Alberto and Heinis, Thomas},
  journal={Proceedings of the ACM on Management of Data},
  volume={2},
  number={1},
  pages={1--26},
  year={2024},
  publisher={ACM New York, NY, USA}
}

@inproceedings{yang2023flirt,
  title={FLIRT: A Fast Learned Index for Rolling Time frames.},
  author={Yang, Guang and Liang, Liang and Hadian, Ali and Heinis, Thomas},
  booktitle={EDBT},
  pages={234--246},
  year={2023}
}


@article{li2023dili,
  title={DILI: A distribution-driven learned index},
  author={Li, Pengfei and Lu, Hua and Zhu, Rong and Ding, Bolin and Yang, Long and Pan, Gang},
  journal={Proceedings of the VLDB Endowment},
  volume={16},
  number={9},
  pages={2212--2224},
  year={2023},
  publisher={VLDB Endowment}
}

@inproceedings{marcus2020cdfshop,
  title={Cdfshop: Exploring and optimizing learned index structures},
  author={Marcus, Ryan and Zhang, Emily and Kraska, Tim},
  booktitle={Proceedings of the 2020 ACM SIGMOD International Conference on Management of Data},
  pages={2789--2792},
  year={2020}
}


@inproceedings{tang2020xindex,
  title={XIndex: a scalable learned index for multicore data storage},
  author={Tang, Chuzhe and Wang, Youyun and Dong, Zhiyuan and Hu, Gansen and Wang, Zhaoguo and Wang, Minjie and Chen, Haibo},
  booktitle={Proceedings of the 25th ACM SIGPLAN symposium on principles and practice of parallel programming},
  pages={308--320},
  year={2020}
}

@article{marcus2020benchmarking,
  title={Benchmarking learned indexes},
  author={Marcus, Ryan and Kipf, Andreas and van Renen, Alexander and Stoian, Mihail and Misra, Sanchit and Kemper, Alfons and Neumann, Thomas and Kraska, Tim},
  journal={arXiv preprint arXiv:2006.12804},
  year={2020}
}


@article{li2021finedex,
  title={FINEdex: a fine-grained learned index scheme for scalable and concurrent memory systems},
  author={Li, Pengfei and Hua, Yu and Jia, Jingnan and Zuo, Pengfei},
  journal={Proceedings of the VLDB Endowment},
  volume={15},
  number={2},
  pages={321--334},
  year={2021},
  publisher={VLDB Endowment}
}

@article{lu2021apex,
  title={APEX: a high-performance learned index on persistent memory},
  author={Lu, Baotong and Ding, Jialin and Lo, Eric and Minhas, Umar Farooq and Wang, Tianzheng},
  journal={arXiv preprint arXiv:2105.00683},
  year={2021}
}


@article{wongkham2022updatable,
  title={Are updatable learned indexes ready?},
  author={Wongkham, Chaichon and Lu, Baotong and Liu, Chris and Zhong, Zhicong and Lo, Eric and Wang, Tianzheng},
  journal={arXiv preprint arXiv:2207.02900},
  year={2022}
}

@article{fu2023maml2,
  title={MAML2: meta reinforcement learning via meta-learning for task categories},
  author={Fu, Qiming and Wang, Zhechao and Fang, Nengwei and Xing, Bin and Zhang, Xiao and Chen, Jianping},
  journal={Frontiers of Computer Science},
  volume={17},
  number={4},
  pages={174325},
  year={2023},
  publisher={Springer}
}

@inproceedings{shin2024task,
  title={On task-relevant loss functions in meta-reinforcement learning},
  author={Shin, Jaeuk and Kim, Giho and Lee, Howon and Han, Joonho and Yang, Insoon},
  booktitle={6th Annual Learning for Dynamics \& Control Conference},
  pages={1174--1186},
  year={2024},
  organization={PMLR}
}
@article{schulman2015high,
  title={High-dimensional continuous control using generalized advantage estimation},
  author={Schulman, John and Moritz, Philipp and Levine, Sergey and Jordan, Michael and Abbeel, Pieter},
  journal={arXiv preprint arXiv:1506.02438},
  year={2015}
}

@article{chow2018lyapunov,
  title={A lyapunov-based approach to safe reinforcement learning},
  author={Chow, Yinlam and Nachum, Ofir and Duenez-Guzman, Edgar and Ghavamzadeh, Mohammad},
  journal={Advances in neural information processing systems},
  volume={31},
  year={2018}
}

@article{zhao2023automatic,
  title={Automatic database knob tuning: a survey},
  author={Zhao, Xinyang and Zhou, Xuanhe and Li, Guoliang},
  journal={IEEE Transactions on Knowledge and Data Engineering},
  volume={35},
  number={12},
  pages={12470--12490},
  year={2023},
  publisher={IEEE}
}

@article{chua2018deep,
  title={Deep reinforcement learning in a handful of trials using probabilistic dynamics models},
  author={Chua, Kurtland and Calandra, Roberto and McAllister, Rowan and Levine, Sergey},
  journal={Advances in neural information processing systems},
  volume={31},
  year={2018}
}

@inproceedings{kamthe2018data,
  title={Data-efficient reinforcement learning with probabilistic model predictive control},
  author={Kamthe, Sanket and Deisenroth, Marc},
  booktitle={International conference on artificial intelligence and statistics},
  pages={1701--1710},
  year={2018},
  organization={PMLR}
}


@article{chockchowwat2023airindex,
  title={Airindex: versatile index tuning through data and storage},
  author={Chockchowwat, Supawit and Liu, Wenjie and Park, Yongjoo},
  journal={Proceedings of the ACM on Management of Data},
  volume={1},
  number={3},
  pages={1--26},
  year={2023},
  publisher={ACM New York, NY, USA}
}

@article{usmanova2024log,
  title={Log barriers for safe black-box optimization with application to safe reinforcement learning},
  author={Usmanova, Ilnura and As, Yarden and Kamgarpour, Maryam and Krause, Andreas},
  journal={Journal of Machine Learning Research},
  volume={25},
  number={171},
  pages={1--54},
  year={2024}
}

@inproceedings{usmanova2020safe,
  title={Safe non-smooth black-box optimization with application to policy search},
  author={Usmanova, Ilnura and Krause, Andreas and Kamgarpour, Maryam},
  booktitle={Learning for Dynamics and Control},
  pages={980--989},
  year={2020},
  organization={PMLR}
}

@inproceedings{chaudhuri1997efficient,
  title={An Efficient Cost-Driven Index Selection Tool for Microsoft SQL Server},
  author={Chaudhuri, Surajit and Narasayya, Vivek},
  booktitle={Proceedings of the 23rd International Conference on Very Large Data Bases (VLDB)},
  pages={146--155},
  year={1997}
}

@inproceedings{valentin2000db2,
  title={{DB2} Advisor: An Optimizer Smart Enough to Recommend Its Own Indexes},
  author={Valentin, Grubb and Zuliani, Michael and Zilio, Diego and Lohman, Guy M. and Skelley, Alan},
  booktitle={Proceedings of the 16th International Conference on Data Engineering (ICDE)},
  pages={101--110},
  year={2000}
}

@inproceedings{kossmann2022swirl,
  title={{SWIRL}: Selection of Workload-aware Indexes via Reinforcement Learning},
  author={Kossmann, Jan and Mutlu, Onur and Posner, Scott and N{\"o}th, Felix},
  booktitle={Proceedings of the 2022 International Conference on Management of Data (SIGMOD)},
  pages={1570--1583},
  year={2022}
}

@article{schulman2017proximal,
  title={Proximal policy optimization algorithms},
  author={Schulman, John and Wolski, Filip and Dhariwal, Prafulla and Radford, Alec and Klimov, Oleg},
  journal={arXiv preprint arXiv:1707.06347},
  year={2017}
}

@article{siddiqui2024ml,
  title={ML-Powered Index Tuning: An Overview of Recent Progress and Open Challenges},
  author={Siddiqui, Tarique and Wu, Wentao},
  journal={ACM SIGMOD Record},
  volume={52},
  number={4},
  pages={19--30},
  year={2024},
  publisher={ACM New York, NY, USA}
}

@article{wang2024leveraging,
  title={Leveraging Dynamic and Heterogeneous Workload Knowledge to Boost the Performance of Index Advisors},
  author={Wang, Zijia and Liu, Haoran and Lin, Chen and Bao, Zhifeng and Li, Guoliang and Wang, Tianqing},
  journal={Proceedings of the VLDB Endowment},
  volume={17},
  number={7},
  pages={1642--1654},
  year={2024},
  publisher={VLDB Endowment}
}

@article{zhou2024breaking,
  title={Breaking It Down: An In-Depth Study of Index Advisors},
  author={Zhou, Wei and Lin, Chen and Zhou, Xuanhe and Li, Guoliang},
  journal={Proceedings of the VLDB Endowment},
  volume={17},
  number={10},
  pages={2405--2418},
  year={2024},
  publisher={VLDB Endowment}
}

@article{comer1979ubiquitous,
  title={Ubiquitous B-tree},
  author={Comer, Douglas},
  journal={ACM Computing Surveys (CSUR)},
  volume={11},
  number={2},
  pages={121--137},
  year={1979},
  publisher={ACM New York, NY, USA}
}

@article{wu2021lipp,
  title={Updatable learned index with precise positions},
  author={Wu, Jiacheng and Zhang, Yong and Chen, Shimin and Wang, Jin and Chen, Yu and Xing, Chunxiao},
  journal={arXiv preprint arXiv:2104.05520},
  year={2021}
}


@article{lillicrap2015continuous,
  title={Continuous control with deep reinforcement learning},
  author={Lillicrap, TP},
  journal={arXiv preprint arXiv:1509.02971},
  year={2015}
}

@article{ding2022sagedb,
  title={Sagedb: An instance-optimized data analytics system},
  author={Ding, Jialin and Marcus, Ryan and Kipf, Andreas and Nathan, Vikram and Nrusimha, Aniruddha and Vaidya, Kapil and van Renen, Alexander and Kraska, Tim},
  journal={Proceedings of the VLDB Endowment},
  volume={15},
  number={13},
  year={2022}
}


@article{kim2024accelerating,
  title={Accelerating String-key Learned Index Structures via Memoization-based Incremental Training},
  author={Kim, Minsu and Hwang, Jinwoo and Heo, Guseul and Cho, Seiyeon and Mahajan, Divya and Park, Jongse},
  journal={arXiv preprint arXiv:2403.11472},
  year={2024}
}