@inproceedings{10208649,
  author={Cai, Ruisi and Chen, Xiaohan and Liu, Shiwei and Srinivasa, Jayanth and Lee, Myungjin and Kompella, Ramana and Wang, Zhangyang},
  booktitle={2023 IEEE/CVF Conference on Computer Vision and Pattern Recognition Workshops (CVPRW)}, 
  title={Many-Task Federated Learning: A New Problem Setting and A Simple Baseline}, 
  year={2023},
  volume={},
  number={},
  pages={5037-5045},
  keywords={Training;Federated learning;Heuristic algorithms;Conferences;Distributed databases;Multitasking;Data models},
  doi={10.1109/CVPRW59228.2023.00532}
}

@misc{babakniya2023slorafederatedparameterefficient,
      title={SLoRA: Federated Parameter Efficient Fine-Tuning of Language Models}, 
      author={Sara Babakniya and Ahmed Roushdy Elkordy and Yahya H. Ezzeldin and Qingfeng Liu and Kee-Bong Song and Mostafa El-Khamy and Salman Avestimehr},
      year={2023},
      eprint={2308.06522},
      archivePrefix={arXiv},
      primaryClass={cs.LG},
      url={https://arxiv.org/abs/2308.06522}, 
}

@article{chen2023fedbone,
  title={Fedbone: Towards large-scale federated multi-task learning},
  author={Chen, Yiqiang and Zhang, Teng and Jiang, Xinlong and Chen, Qian and Gao, Chenlong and Huang, Wuliang},
  journal={arXiv preprint arXiv:2306.17465},
  year={2023}
}

@misc{hu2021loralowrankadaptationlarge,
      title={LoRA: Low-Rank Adaptation of Large Language Models}, 
      author={Edward J. Hu and Yelong Shen and Phillip Wallis and Zeyuan Allen-Zhu and Yuanzhi Li and Shean Wang and Lu Wang and Weizhu Chen},
      year={2021},
      eprint={2106.09685},
      archivePrefix={arXiv},
      primaryClass={cs.CL},
      url={https://arxiv.org/abs/2106.09685}, 
}

@misc{kuang2023federatedscopellmcomprehensivepackagefinetuning,
      title={FederatedScope-LLM: A Comprehensive Package for Fine-tuning Large Language Models in Federated Learning}, 
      author={Weirui Kuang and Bingchen Qian and Zitao Li and Daoyuan Chen and Dawei Gao and Xuchen Pan and Yuexiang Xie and Yaliang Li and Bolin Ding and Jingren Zhou},
      year={2023},
      eprint={2309.00363},
      archivePrefix={arXiv},
      primaryClass={cs.LG},
      url={https://arxiv.org/abs/2309.00363}, 
}

@misc{li2020federatedoptimizationheterogeneousnetworks,
      title={Federated Optimization in Heterogeneous Networks}, 
      author={Tian Li and Anit Kumar Sahu and Manzil Zaheer and Maziar Sanjabi and Ameet Talwalkar and Virginia Smith},
      year={2020},
      eprint={1812.06127},
      archivePrefix={arXiv},
      primaryClass={cs.LG},
      url={https://arxiv.org/abs/1812.06127}, 
}

@article{lu2023towards,
  title={Towards Hetero-Client Federated Multi-Task Learning},
  author={Lu, Yuxiang and Huang, Suizhi and Yang, Yuwen and Sirejiding, Shalayiding and Ding, Yue and Lu, Hongtao},
  journal={arXiv preprint arXiv:2311.13250},
  year={2023}
}

@inproceedings{muhamed2024fed,
    title={Fed Up with Complexity: Simplifying Many-Task Federated Learning with {NTKF}edAvg},
    author={Aashiq Muhamed and Meher Mankikar and Virginia Smith},
    booktitle={Privacy Regulation and Protection in Machine Learning},
    year={2024},
    url={https://openreview.net/forum?id=K8jxsDF9xO}
}

@misc{sun2024improvingloraprivacypreservingfederated,
      title={Improving LoRA in Privacy-preserving Federated Learning}, 
      author={Youbang Sun and Zitao Li and Yaliang Li and Bolin Ding},
      year={2024},
      eprint={2403.12313},
      archivePrefix={arXiv},
      primaryClass={cs.LG},
      url={https://arxiv.org/abs/2403.12313}, 
}

@misc{tsouvalas2023federatedfinetuningfoundationmodels,
      title={Federated Fine-Tuning of Foundation Models via Probabilistic Masking}, 
      author={Vasileios Tsouvalas and Yuki Asano and Aaqib Saeed},
      year={2023},
      eprint={2311.17299},
      archivePrefix={arXiv},
      primaryClass={cs.LG},
      url={https://arxiv.org/abs/2311.17299}, 
}

@misc{yadav2023tiesmergingresolvinginterferencemerging,
      title={TIES-Merging: Resolving Interference When Merging Models}, 
      author={Prateek Yadav and Derek Tam and Leshem Choshen and Colin Raffel and Mohit Bansal},
      year={2023},
      eprint={2306.01708},
      archivePrefix={arXiv},
      primaryClass={cs.LG},
      url={https://arxiv.org/abs/2306.01708}, 
}

@inproceedings{zhuang2023mas,
  title={MAS: Towards Resource-Efficient Federated Multiple-Task Learning},
  author={Zhuang, Weiming and Wen, Yonggang and Lyu, Lingjuan and Zhang, Shuai},
  booktitle={Proceedings of the IEEE/CVF International Conference on Computer Vision},
  pages={23414--23424},
  year={2023}
}

