@inproceedings{mcmahan2017communication,
  title={Communication-efficient learning of deep networks from decentralized data},
  author={McMahan, Brendan and Moore, Eider and Ramage, Daniel and Hampson, Seth and y Arcas, Blaise Aguera},
  booktitle={Artificial intelligence and statistics},
  pages={1273--1282},
  year={2017},
  organization={PMLR}
}

% fmtl papers

@article{cao2023cross,
  title={Cross-silo heterogeneous model federated multitask learning},
  author={Cao, Xingjian and Li, Zonghang and Sun, Gang and Yu, Hongfang and Guizani, Mohsen},
  journal={Knowledge-Based Systems},
  volume={265},
  pages={110347},
  year={2023},
  publisher={Elsevier}
}

@article{shu2022clustered,
  title={Clustered federated multitask learning on non-IID data with enhanced privacy},
  author={Shu, Jiangang and Yang, Tingting and Liao, Xinying and Chen, Farong and Xiao, Yao and Yang, Kan and Jia, Xiaohua},
  journal={IEEE Internet of Things Journal},
  volume={10},
  number={4},
  pages={3453--3467},
  year={2022},
  publisher={IEEE}
}

@article{marfoq2021federated,
  title={Federated multi-task learning under a mixture of distributions},
  author={Marfoq, Othmane and Neglia, Giovanni and Bellet, Aur{\'e}lien and Kameni, Laetitia and Vidal, Richard},
  journal={Advances in Neural Information Processing Systems},
  volume={34},
  pages={15434--15447},
  year={2021}
}

@article{smith2017federated,
  title={Federated multi-task learning},
  author={Smith, Virginia and Chiang, Chao-Kai and Sanjabi, Maziar and Talwalkar, Ameet S},
  journal={Advances in neural information processing systems},
  volume={30},
  year={2017}
}

@inproceedings{muhamed2024fed,
    title={Fed Up with Complexity: Simplifying Many-Task Federated Learning with {NTKF}edAvg},
    author={Aashiq Muhamed and Meher Mankikar and Virginia Smith},
    booktitle={Privacy Regulation and Protection in Machine Learning},
    year={2024},
    url={https://openreview.net/forum?id=K8jxsDF9xO}
}

@misc{tenison2023gradientmaskedaveragingfederated,
      title={Gradient Masked Averaging for Federated Learning}, 
      author={Irene Tenison and Sai Aravind Sreeramadas and Vaikkunth Mugunthan and Edouard Oyallon and Irina Rish and Eugene Belilovsky},
      year={2023},
      eprint={2201.11986},
      archivePrefix={arXiv},
      primaryClass={cs.LG},
      url={https://arxiv.org/abs/2201.11986}, 
}

@misc{parascandolo2020learningexplanationshardvary,
      title={Learning explanations that are hard to vary}, 
      author={Giambattista Parascandolo and Alexander Neitz and Antonio Orvieto and Luigi Gresele and Bernhard Sch√∂lkopf},
      year={2020},
      eprint={2009.00329},
      archivePrefix={arXiv},
      primaryClass={cs.LG},
      url={https://arxiv.org/abs/2009.00329}, 
}

@inproceedings{10208649,
  author={Cai, Ruisi and Chen, Xiaohan and Liu, Shiwei and Srinivasa, Jayanth and Lee, Myungjin and Kompella, Ramana and Wang, Zhangyang},
  booktitle={2023 IEEE/CVF Conference on Computer Vision and Pattern Recognition Workshops (CVPRW)}, 
  title={Many-Task Federated Learning: A New Problem Setting and A Simple Baseline}, 
  year={2023},
  volume={},
  number={},
  pages={5037-5045},
  keywords={Training;Federated learning;Heuristic algorithms;Conferences;Distributed databases;Multitasking;Data models},
  doi={10.1109/CVPRW59228.2023.00532}
}

@article{chen2023fedbone,
  title={Fedbone: Towards large-scale federated multi-task learning},
  author={Chen, Yiqiang and Zhang, Teng and Jiang, Xinlong and Chen, Qian and Gao, Chenlong and Huang, Wuliang},
  journal={arXiv preprint arXiv:2306.17465},
  year={2023}
}

@inproceedings{zhuang2023mas,
  title={MAS: Towards Resource-Efficient Federated Multiple-Task Learning},
  author={Zhuang, Weiming and Wen, Yonggang and Lyu, Lingjuan and Zhang, Shuai},
  booktitle={Proceedings of the IEEE/CVF International Conference on Computer Vision},
  pages={23414--23424},
  year={2023}
}

@article{lu2023towards,
  title={Towards Hetero-Client Federated Multi-Task Learning},
  author={Lu, Yuxiang and Huang, Suizhi and Yang, Yuwen and Sirejiding, Shalayiding and Ding, Yue and Lu, Hongtao},
  journal={arXiv preprint arXiv:2311.13250},
  year={2023}
}

% LoRA in FL

@article{yi2023fedlora,
  title={Fedlora: Model-heterogeneous personalized federated learning with lora tuning},
  author={Yi, Liping and Yu, Han and Wang, Gang and Liu, Xiaoguang},
  journal={arXiv preprint arXiv:2310.13283},
  year={2023}
}

@inproceedings{cho2024heterogeneous,
title={Heterogeneous Lo{RA} for Federated Fine-tuning of On-device Foundation Models},
author={Yae Jee Cho and Luyang Liu and Zheng Xu and Aldi Fahrezi and Matt Barnes and Gauri Joshi},
booktitle={International Workshop on Federated Learning in the Age of Foundation Models in Conjunction with NeurIPS 2023},
year={2023},
url={https://openreview.net/forum?id=EmV9sGpZ7q}
}

@article{nguyen2024flora,
  title={FLoRA: Enhancing Vision-Language Models with Parameter-Efficient Federated Learning},
  author={Nguyen, Duy Phuong and Munoz, J Pablo and Jannesari, Ali},
  journal={arXiv preprint arXiv:2404.15182},
  year={2024}
}

@article{ping2024fl,
  title={FL-TAC: Enhanced Fine-Tuning in Federated Learning via Low-Rank, Task-Specific Adapter Clustering},
  author={Ping, Siqi and Mao, Yuzhu and Liu, Yang and Zhang, Xiao-Ping and Ding, Wenbo},
  journal={arXiv preprint arXiv:2404.15384},
  year={2024}
}

% task similarity
@inproceedings{achille2019task2vec,
  title={Task2vec: Task embedding for meta-learning},
  author={Achille, Alessandro and Lam, Michael and Tewari, Rahul and Ravichandran, Avinash and Maji, Subhransu and Fowlkes, Charless C and Soatto, Stefano and Perona, Pietro},
  booktitle={Proceedings of the IEEE/CVF international conference on computer vision},
  pages={6430--6439},
  year={2019}
}

@inproceedings{gholami2023etran,
  title={Etran: Energy-based transferability estimation},
  author={Gholami, Mohsen and Akbari, Mohammad and Wang, Xinglu and Kamranian, Behnam and Zhang, Yong},
  booktitle={Proceedings of the IEEE/CVF International Conference on Computer Vision},
  pages={18613--18622},
  year={2023}
}


@misc{ilharco2023editing,
      title={Editing Models with Task Arithmetic}, 
      author={Gabriel Ilharco and Marco Tulio Ribeiro and Mitchell Wortsman and Suchin Gururangan and Ludwig Schmidt and Hannaneh Hajishirzi and Ali Farhadi},
      year={2023},
      eprint={2212.04089},
      archivePrefix={arXiv},
      primaryClass={cs.LG}
}

@misc{yadav2023tiesmerging,
      title={TIES-Merging: Resolving Interference When Merging Models}, 
      author={Prateek Yadav and Derek Tam and Leshem Choshen and Colin Raffel and Mohit Bansal},
      year={2023},
      eprint={2306.01708},
      archivePrefix={arXiv},
      primaryClass={cs.LG}
}

@misc{zamir2018taskonomydisentanglingtasktransfer,
      title={Taskonomy: Disentangling Task Transfer Learning}, 
      author={Amir Zamir and Alexander Sax and William Shen and Leonidas Guibas and Jitendra Malik and Silvio Savarese},
      year={2018},
      eprint={1804.08328},
      archivePrefix={arXiv},
      primaryClass={cs.CV},
      url={https://arxiv.org/abs/1804.08328}, 
}

@misc{ding2022pactranpacbayesianmetricsestimating,
      title={PACTran: PAC-Bayesian Metrics for Estimating the Transferability of Pretrained Models to Classification Tasks}, 
      author={Nan Ding and Xi Chen and Tomer Levinboim and Beer Changpinyo and Radu Soricut},
      year={2022},
      eprint={2203.05126},
      archivePrefix={arXiv},
      primaryClass={cs.LG},
      url={https://arxiv.org/abs/2203.05126}, 
}

@misc{bao2022informationtheoreticapproachtransferabilitytask,
      title={An Information-Theoretic Approach to Transferability in Task Transfer Learning}, 
      author={Yajie Bao and Yang Li and Shao-Lun Huang and Lin Zhang and Lizhong Zheng and Amir Zamir and Leonidas Guibas},
      year={2022},
      eprint={2212.10082},
      archivePrefix={arXiv},
      primaryClass={cs.LG},
      url={https://arxiv.org/abs/2212.10082}, 
}

@misc{gholami2023etranenergybasedtransferabilityestimation,
      title={ETran: Energy-Based Transferability Estimation}, 
      author={Mohsen Gholami and Mohammad Akbari and Xinglu Wang and Behnam Kamranian and Yong Zhang},
      year={2023},
      eprint={2308.02027},
      archivePrefix={arXiv},
      primaryClass={cs.CV},
      url={https://arxiv.org/abs/2308.02027}, 
}

@misc{yang2024adamergingadaptivemodelmerging,
      title={AdaMerging: Adaptive Model Merging for Multi-Task Learning}, 
      author={Enneng Yang and Zhenyi Wang and Li Shen and Shiwei Liu and Guibing Guo and Xingwei Wang and Dacheng Tao},
      year={2024},
      eprint={2310.02575},
      archivePrefix={arXiv},
      primaryClass={cs.LG},
      url={https://arxiv.org/abs/2310.02575}, 
}

@misc{dosovitskiy2021imageworth16x16words,
      title={An Image is Worth 16x16 Words: Transformers for Image Recognition at Scale}, 
      author={Alexey Dosovitskiy and Lucas Beyer and Alexander Kolesnikov and Dirk Weissenborn and Xiaohua Zhai and Thomas Unterthiner and Mostafa Dehghani and Matthias Minderer and Georg Heigold and Sylvain Gelly and Jakob Uszkoreit and Neil Houlsby},
      year={2021},
      eprint={2010.11929},
      archivePrefix={arXiv},
      primaryClass={cs.CV},
      url={https://arxiv.org/abs/2010.11929}, 
}

@inproceedings{5206848,
  author={Deng, Jia and Dong, Wei and Socher, Richard and Li, Li-Jia and Kai Li and Li Fei-Fei},
  booktitle={2009 IEEE Conference on Computer Vision and Pattern Recognition}, 
  title={ImageNet: A large-scale hierarchical image database}, 
  year={2009},
  volume={},
  number={},
  pages={248-255},
  keywords={Large-scale systems;Image databases;Explosions;Internet;Robustness;Information retrieval;Image retrieval;Multimedia databases;Ontologies;Spine},
  doi={10.1109/CVPR.2009.5206848}}


@misc{yu2024languagemodelssupermario,
      title={Language Models are Super Mario: Absorbing Abilities from Homologous Models as a Free Lunch}, 
      author={Le Yu and Bowen Yu and Haiyang Yu and Fei Huang and Yongbin Li},
      year={2024},
      eprint={2311.03099},
      archivePrefix={arXiv},
      primaryClass={cs.CL},
      url={https://arxiv.org/abs/2311.03099}, 
}
@misc{huang2024emrmergingtuningfreehighperformancemodel,
      title={EMR-Merging: Tuning-Free High-Performance Model Merging}, 
      author={Chenyu Huang and Peng Ye and Tao Chen and Tong He and Xiangyu Yue and Wanli Ouyang},
      year={2024},
      eprint={2405.17461},
      archivePrefix={arXiv},
      primaryClass={cs.LG},
      url={https://arxiv.org/abs/2405.17461}, 
}

@inproceedings{zhang2023composing,
    title={Composing Parameter-Efficient Modules with Arithmetic Operations}, 
    author={Zhang, Jinghan and Chen, Shiqi and Liu, Junteng and He, Junxian},
    booktitle={Advances in Neural Information Processing Systems},
    year={2023}
}

@misc{ortizjimenez2023task,
      title={Task Arithmetic in the Tangent Space: Improved Editing of Pre-Trained Models}, 
      author={Guillermo Ortiz-Jimenez and Alessandro Favero and Pascal Frossard},
      year={2023},
      eprint={2305.12827},
      archivePrefix={arXiv},
      primaryClass={cs.LG}
}

@misc{smith2018federated,
      title={Federated Multi-Task Learning}, 
      author={Virginia Smith and Chao-Kai Chiang and Maziar Sanjabi and Ameet Talwalkar},
      year={2018},
      eprint={1705.10467},
      archivePrefix={arXiv},
      primaryClass={cs.LG}
}
@misc{marfoq2022federated,
      title={Federated Multi-Task Learning under a Mixture of Distributions}, 
      author={Othmane Marfoq and Giovanni Neglia and Aur√©lien Bellet and Laetitia Kameni and Richard Vidal},
      year={2022},
      eprint={2108.10252},
      archivePrefix={arXiv},
      primaryClass={cs.LG}
}

@misc{tsouvalas2023federatedfinetuningfoundationmodels,
      title={Federated Fine-Tuning of Foundation Models via Probabilistic Masking}, 
      author={Vasileios Tsouvalas and Yuki Asano and Aaqib Saeed},
      year={2023},
      eprint={2311.17299},
      archivePrefix={arXiv},
      primaryClass={cs.LG},
      url={https://arxiv.org/abs/2311.17299}, 
}

@misc{babakniya2023slorafederatedparameterefficient,
      title={SLoRA: Federated Parameter Efficient Fine-Tuning of Language Models}, 
      author={Sara Babakniya and Ahmed Roushdy Elkordy and Yahya H. Ezzeldin and Qingfeng Liu and Kee-Bong Song and Mostafa El-Khamy and Salman Avestimehr},
      year={2023},
      eprint={2308.06522},
      archivePrefix={arXiv},
      primaryClass={cs.LG},
      url={https://arxiv.org/abs/2308.06522}, 
}

@misc{sun2024improvingloraprivacypreservingfederated,
      title={Improving LoRA in Privacy-preserving Federated Learning}, 
      author={Youbang Sun and Zitao Li and Yaliang Li and Bolin Ding},
      year={2024},
      eprint={2403.12313},
      archivePrefix={arXiv},
      primaryClass={cs.LG},
      url={https://arxiv.org/abs/2403.12313}, 
}

@misc{arivazhagan2019federatedlearningpersonalizationlayers,
      title={Federated Learning with Personalization Layers}, 
      author={Manoj Ghuhan Arivazhagan and Vinay Aggarwal and Aaditya Kumar Singh and Sunav Choudhary},
      year={2019},
      eprint={1912.00818},
      archivePrefix={arXiv},
      primaryClass={cs.LG},
      url={https://arxiv.org/abs/1912.00818}, 
}

@misc{yadav2023tiesmergingresolvinginterferencemerging,
      title={TIES-Merging: Resolving Interference When Merging Models}, 
      author={Prateek Yadav and Derek Tam and Leshem Choshen and Colin Raffel and Mohit Bansal},
      year={2023},
      eprint={2306.01708},
      archivePrefix={arXiv},
      primaryClass={cs.LG},
      url={https://arxiv.org/abs/2306.01708}, 
}

@misc{kuang2023federatedscopellmcomprehensivepackagefinetuning,
      title={FederatedScope-LLM: A Comprehensive Package for Fine-tuning Large Language Models in Federated Learning}, 
      author={Weirui Kuang and Bingchen Qian and Zitao Li and Daoyuan Chen and Dawei Gao and Xuchen Pan and Yuexiang Xie and Yaliang Li and Bolin Ding and Jingren Zhou},
      year={2023},
      eprint={2309.00363},
      archivePrefix={arXiv},
      primaryClass={cs.LG},
      url={https://arxiv.org/abs/2309.00363}, 
}

@misc{hu2021loralowrankadaptationlarge,
      title={LoRA: Low-Rank Adaptation of Large Language Models}, 
      author={Edward J. Hu and Yelong Shen and Phillip Wallis and Zeyuan Allen-Zhu and Yuanzhi Li and Shean Wang and Lu Wang and Weizhu Chen},
      year={2021},
      eprint={2106.09685},
      archivePrefix={arXiv},
      primaryClass={cs.CL},
      url={https://arxiv.org/abs/2106.09685}, 
}

@misc{li2020federatedoptimizationheterogeneousnetworks,
      title={Federated Optimization in Heterogeneous Networks}, 
      author={Tian Li and Anit Kumar Sahu and Manzil Zaheer and Maziar Sanjabi and Ameet Talwalkar and Virginia Smith},
      year={2020},
      eprint={1812.06127},
      archivePrefix={arXiv},
      primaryClass={cs.LG},
      url={https://arxiv.org/abs/1812.06127}, 
}

@article{mnist,
  title={MNIST handwritten digit database},
  author={LeCun, Yann and Cortes, Corinna and Burges, CJ},
  journal={ATT Labs [Online]. Available: http://yann.lecun.com/exdb/mnist},
  volume={2},
  year={2010}
}

@TECHREPORT{cifar,
    author = {Alex Krizhevsky},
    title = {Learning multiple layers of features from tiny images},
    institution = {},
    year = {2009}
}

@inproceedings{food101,
  title = {Food-101 -- Mining Discriminative Components with Random Forests},
  author = {Bossard, Lukas and Guillaumin, Matthieu and Van Gool, Luc},
  booktitle = {European Conference on Computer Vision},
  year = {2014}
}

@misc{eurosat,
    title={EuroSAT: A Novel Dataset and Deep Learning Benchmark for Land Use and Land Cover Classification},
    author={Patrick Helber and Benjamin Bischke and Andreas Dengel and Damian Borth},
    year={2017},
    eprint={1709.00029},
    archivePrefix={arXiv},
    primaryClass={cs.CV}
}

@article{svhn,
author = {Netzer, Yuval and Wang, Tao and Coates, Adam and Bissacco, Alessandro and Wu, Bo and Ng, Andrew Y},
booktitle = {Advances in Neural Information Processing Systems ({NIPS})},
title = {Reading Digits in Natural Images with Unsupervised Feature Learning},
year = {2011}
}

@article{emnist,
    title={EMNIST: Extending MNIST to handwritten letters},
    DOI={10.1109/ijcnn.2017.7966217},
    journal={2017 International Joint Conference on Neural Networks (IJCNN)},
    author={Cohen, Gregory and Afshar, Saeed and Tapson, Jonathan and Schaik, Andre Van},
    year={2017}
}

@inproceedings{dtd,
    Author    = {M. Cimpoi and S. Maji and I. Kokkinos and S. Mohamed and A. Vedaldi},
    Title     = {Describing Textures in the Wild},
    Booktitle = {Proceedings of the {IEEE} Conf. on Computer Vision and Pattern Recognition ({CVPR})},
    Year      = {2014} 
}

@inproceedings{sun397,
    author={J. {Xiao} and J. {Hays} and K. A. {Ehinger} and A. {Oliva} and A. {Torralba} },
    booktitle={2010 IEEE Computer Society Conference on Computer Vision and Pattern Recognition},
    title={SUN database: Large-scale scene recognition from abbey to zoo},
    year={2010},
    volume={},
    number={},
    pages={3485-3492},
    doi={10.1109/CVPR.2010.5539970},
    ISSN={1063-6919},
    month={June},
}

@misc{li2021federatedlearningnoniiddata,
      title={Federated Learning on Non-IID Data Silos: An Experimental Study}, 
      author={Qinbin Li and Yiqun Diao and Quan Chen and Bingsheng He},
      year={2021},
      eprint={2102.02079},
      archivePrefix={arXiv},
      primaryClass={cs.LG},
      url={https://arxiv.org/abs/2102.02079}, 
}
@article{fmnist,
      author    = {Han Xiao and Kashif Rasul and Roland Vollgraf},
      title     = {Fashion-MNIST: a Novel Image Dataset for Benchmarking Machine Learning Algorithms},
      journal   = {CoRR},
      volume    = {abs/1708.07747},
      year      = {2017},
      url       = {http://arxiv.org/abs/1708.07747},
      archivePrefix = {arXiv},
      eprint    = {1708.07747},
      timestamp = {Mon, 13 Aug 2018 16:47:27 +0200},
      biburl    = {https://dblp.org/rec/bib/journals/corr/abs-1708-07747},
      bibsource = {dblp computer science bibliography, https://dblp.org}
}

@inproceedings{pets,
      author       = "Parkhi, O. M. and Vedaldi, A. and Zisserman, A. and Jawahar, C.~V.",
      title        = "Cats and Dogs",
      booktitle    = "IEEE Conference on Computer Vision and Pattern Recognition",
      year         = "2012",
}

@inproceedings{vegetables,
      author={Ahmed, M. Israk and Mahmud Mamun, Shahriyar and Zaman Asif, Asif Uz},
      booktitle={2021 5th International Conference on Computer, Communication and Signal Processing (ICCCSP)}, 
      title={DCNN-Based Vegetable Image Classification Using Transfer Learning: A Comparative Study}, 
      year={2021},
      volume={},
      number={},
      pages={235-243},
      keywords={Deep learning;Machine learning algorithms;Transfer learning;Signal processing algorithms;Computer architecture;Tools;Signal processing;Vegetable image classification;deep learning;CNN;VGG16;MobileNet;Inception-V3;ResNet},
      doi={10.1109/ICCCSP52374.2021.9465499}
}

@dataset{kvasir,
    author = {Pogorelov, Konstantin and Randel, Kristin Ranheim and Griwodz, Carsten and Eskeland, Sigrun Losada and de Lange, Thomas and Johansen, Dag and Spampinato, Concetto and Dang-Nguyen, Duc-Tien and Lux, Mathias and Schmidt, Peter Thelin and Riegler, Michael and Halvorsen, Pal},
    title = {KVASIR: A Multi-Class Image Dataset for Computer Aided Gastrointestinal Disease Detection},
    year = {2017},
    publisher = {Association for Computing Machinery},
    url = {https://doi.org/10.1145/3193289},
}

@inproceedings{cars,
  author={Krause, Jonathan and Stark, Michael and Deng, Jia and Fei-Fei, Li},
  booktitle={2013 IEEE International Conference on Computer Vision Workshops}, 
  title={3D Object Representations for Fine-Grained Categorization}, 
  year={2013},
  volume={},
  number={},
  pages={554-561},
  keywords={Three-dimensional displays;Geometry;Solid modeling;Design automation;Training data;Training;Feature extraction},
  doi={10.1109/ICCVW.2013.77}}

@misc{intel,
  author       = {P. Bansal},
  title        = {Intel Image Classification},
  year         = {2019},
  url          = {https://www.kaggle.com/puneet6060/intel-image-classification},
  note         = {Online; accessed 2024-10-04}
}

@article{weather,
    author = {Xiao, Haixia and Zhang, Feng and Shen, Zhongping and Wu, Kun and Zhang, Jinglin},
    title = {Classification of Weather Phenomenon From Images by Using Deep Convolutional Neural Network},
    journal = {Earth and Space Science},
    volume = {8},
    number = {5},
    pages = {e2020EA001604},
    keywords = {Database, deep convolutional neural network, images, weather phenomenon},
    doi = {https://doi.org/10.1029/2020EA001604},
    url = {https://agupubs.onlinelibrary.wiley.com/doi/abs/10.1029/2020EA001604},
    eprint = {https://agupubs.onlinelibrary.wiley.com/doi/pdf/10.1029/2020EA001604},
    note = {e2020EA001604 2020EA001604},
    year = {2021}
}

@misc{dogsncats,
    author = {Will Cukierski},
    title = {Dogs vs. Cats},
    publisher = {Kaggle},
    year = {2013},
    url = {https://kaggle.com/competitions/dogs-vs-cats}
}


@article{mango,
  title     = "{MangoLeafBD}: A comprehensive image dataset to classify diseased and healthy mango leaves",
  author    = "Ahmed, Sarder Iftekhar and Ibrahim, Muhammad and Nadim, Md and Rahman, Md Mizanur and Shejunti, Maria Mehjabin and Jabid, Taskeed and Ali, Md Sawkat",
  journal   = "Data Brief",
  publisher = "Elsevier BV",
  volume    =  47,
  number    =  108941,
  pages     = "108941",
  month     =  apr,
  year      =  2023,
  keywords  = "Image classification; Image dataset; Machine learning; Plant disease detection; Precision agriculture",
  copyright = "http://creativecommons.org/licenses/by/4.0/",
  language  = "en"
}

@online{beans,
    author="Makerere AI Lab",
    title="Bean disease dataset",
    month="January",
    year="2020",
    url="https://github.com/AI-Lab-Makerere/ibean/"
}

@inproceedings{gtsrb,
  author={Stallkamp, Johannes and Schlipsing, Marc and Salmen, Jan and Igel, Christian},
  booktitle={The 2011 International Joint Conference on Neural Networks}, 
  title={The German Traffic Sign Recognition Benchmark: A multi-class classification competition}, 
  year={2011},
  volume={},
  number={},
  pages={1453-1460},
  keywords={Humans;Training;Image color analysis;Benchmark testing;Lead;Histograms;Image resolution},
  doi={10.1109/IJCNN.2011.6033395}
}

@inproceedings{dogs,
  title={Novel Dataset for Fine-Grained Image Categorization : Stanford Dogs},
  author={Aditya Khosla and Nityananda Jayadevaprakash and Bangpeng Yao and Li Fei-Fei},
  year={2012},
  url={https://api.semanticscholar.org/CorpusID:3181866}
}

@inproceedings{landscape,
  title={HistoGAN: Controlling Colors of GAN-Generated and Real Images via Color Histograms},
  author={Afifi, Mahmoud and Brubaker, Marcus A. and Brown, Michael S.},
  booktitle={Proceedings of the IEEE Conference on Computer Vision and Pattern Recognition},
  year={2021}
}

@misc{flowers,
  author       = {A. Mamaev},
  title        = {Flowers Recognition},
  url          = {https://www.kaggle.com/datasets/alxmamaev/flowers-recognition},
  note         = {Online; accessed 2024-10-04}
}


@inproceedings{stl,
  title = 	 {An Analysis of Single-Layer Networks in Unsupervised Feature Learning},
  author = 	 {Coates, Adam and Ng, Andrew and Lee, Honglak},
  booktitle = 	 {Proceedings of the Fourteenth International Conference on Artificial Intelligence and Statistics},
  pages = 	 {215--223},
  year = 	 {2011},
  editor = 	 {Gordon, Geoffrey and Dunson, David and Dud√≠k, Miroslav},
  volume = 	 {15},
  series = 	 {Proceedings of Machine Learning Research},
  address = 	 {Fort Lauderdale, FL, USA},
  month = 	 {11--13 Apr},
  publisher =    {PMLR},
  pdf = 	 {http://proceedings.mlr.press/v15/coates11a/coates11a.pdf},
  url = 	 {https://proceedings.mlr.press/v15/coates11a.html},
}

@techreport{cub200,
    Author = {P. Welinder and S. Branson and T. Mita and C. Wah and F. Schroff and S. Belongie and P. Perona},
    Institution = {California Institute of Technology},
    Number = {CNS-TR-2010-001},
    Title = { {Caltech-UCSD Birds 200} },
    Year = {2010}
}

@article{resisc45,
  author={Cheng, Gong and Han, Junwei and Lu, Xiaoqiang},
  journal={Proceedings of the IEEE}, 
  title={Remote Sensing Image Scene Classification: Benchmark and State of the Art}, 
  year={2017},
  volume={105},
  number={10},
  pages={1865-1883},
  keywords={Remote sensing;Benchmark testing;Spatial resolution;Social network services;Satellites;Image analysis;Machine learning;Unsupervised learning;Classification;Benchmark data set;deep learning;handcrafted features;remote sensing image;scene classification;unsupervised feature learning},
  doi={10.1109/JPROC.2017.2675998}
}

@misc{kfood,
      title={Scraping Social Media Photos Posted in Kenya and Elsewhere to Detect and Analyze Food Types}, 
      author={Kaihong Wang and Mona Jalal and Sankara Jefferson and Yi Zheng and Elaine O. Nsoesie and Margrit Betke},
      year={2019},
      eprint={1909.00134},
      archivePrefix={arXiv},
      primaryClass={cs.CV},
      url={https://arxiv.org/abs/1909.00134}
}

@InProceedings{animals,
  title = 	 {{SELFIE}: Refurbishing Unclean Samples for Robust Deep Learning},
  author =       {Song, Hwanjun and Kim, Minseok and Lee, Jae-Gil},
  booktitle = 	 {Proceedings of the 36th International Conference on Machine Learning},
  pages = 	 {5907--5915},
  year = 	 {2019},
  editor = 	 {Chaudhuri, Kamalika and Salakhutdinov, Ruslan},
  volume = 	 {97},
  series = 	 {Proceedings of Machine Learning Research},
  month = 	 {09--15 Jun},
  publisher =    {PMLR},
  pdf = 	 {http://proceedings.mlr.press/v97/song19b/song19b.pdf},
  url = 	 {https://proceedings.mlr.press/v97/song19b.html}
}

@misc{garbage,
	title={Garbage Classification},
	url={https://www.kaggle.com/ds/81794},
	doi={10.34740/KAGGLE/DS/81794},
	publisher={Kaggle},
	author={CCHANG},
	year={2018}
}

@misc{fruits,
      title={Fruit recognition from images using deep learning}, 
      author={Horea Mure≈üan and Mihai Oltean},
      year={2021},
      eprint={1712.00580},
      archivePrefix={arXiv},
      primaryClass={cs.CV},
      url={https://arxiv.org/abs/1712.00580}, 
}

@article{beutel2020flower,
  title={Flower: A Friendly Federated Learning Research Framework},
  author={Beutel, Daniel J and Topal, Taner and Mathur, Akhil and Qiu, Xinchi and Fernandez-Marques, Javier and Gao, Yan and Sani, Lorenzo and Kwing, Hei Li and Parcollet, Titouan and Gusm√£o, Pedro PB de and Lane, Nicholas D},
  journal={arXiv preprint arXiv:2007.14390},
  year={2020}
}

@article{vandermaaten08a,
  author  = {Laurens van der Maaten and Geoffrey Hinton},
  title   = {Visualizing Data using t-SNE},
  journal = {Journal of Machine Learning Research},
  year    = {2008},
  volume  = {9},
  number  = {86},
  pages   = {2579--2605},
  url     = {http://jmlr.org/papers/v9/vandermaaten08a.html}
}

@misc{you2021logmepracticalassessmentpretrained,
      title={LogME: Practical Assessment of Pre-trained Models for Transfer Learning}, 
      author={Kaichao You and Yong Liu and Jianmin Wang and Mingsheng Long},
      year={2021},
      eprint={2102.11005},
      archivePrefix={arXiv},
      primaryClass={cs.LG},
      url={https://arxiv.org/abs/2102.11005}, 
}

@article{LIU2025106796,
    title = {Wasserstein task embedding for measuring task similarities},
    author = {Xinran Liu and Yikun Bai and Yuzhe Lu and Andrea Soltoggio and Soheil Kolouri},
    journal = {Neural Networks},
    volume = {181},
    pages = {106796},
    year = {2025},
    issn = {0893-6080},
    doi = {https://doi.org/10.1016/j.neunet.2024.106796},
    url = {https://www.sciencedirect.com/science/article/pii/S0893608024007202}
}

@article{Amari1998NaturalGW,
  title={Natural Gradient Works Efficiently in Learning},
  author={Shun‚Äêichi Amari},
  journal={Neural Computation},
  year={1998},
  volume={10},
  pages={251-276},
  url={https://api.semanticscholar.org/CorpusID:207585383}
}

@misc{vu2022spotbetterfrozenmodel,
      title={SPoT: Better Frozen Model Adaptation through Soft Prompt Transfer}, 
      author={Tu Vu and Brian Lester and Noah Constant and Rami Al-Rfou and Daniel Cer},
      year={2022},
      eprint={2110.07904},
      archivePrefix={arXiv},
      primaryClass={cs.CL},
      url={https://arxiv.org/abs/2110.07904}, 
}