@article{bian2019unsupervised,
  title={Unsupervised scale-consistent depth and ego-motion learning from monocular video},
  author={Bian, Jiawang and Li, Zhichao and Wang, Naiyan and Zhan, Huangying and Shen, Ch
          unhua and Cheng, Ming-Ming and Reid, Ian},
  journal={Advances in neural information processing systems},
  volume={32},
  year={2019}
}

@inproceedings{godard2019digging,
  title={Digging into self-supervised monocular depth estimation},
  author={Godard, Cl{\'e}ment and Mac Aodha, Oisin and Firman, Michael and Brostow, Gabriel J},
  booktitle={Proceedings of the IEEE/CVF international conference on computer vision},
  pages={3828--3838},
  year={2019}
}

@inproceedings{li2023endodepthl,
  title={EndoDepthL: Lightweight Endoscopic Monocular Depth Estimation with CNN-Transformer},
  author={Li, Yangke},
  booktitle={2023 IEEE International Conference on Bioinformatics and Biomedicine (BIBM)},
  pages={4344--4351},
  year={2023},
  organization={IEEE}
}

@article{li2024image,
  title={Image Intrinsic-Based Unsupervised Monocular Depth Estimation in Endoscopy},
  author={Li, Bojian and Liu, Bo and Zhu, Miao and Luo, Xiaoyan and Zhou, Fugen},
  journal={IEEE Journal of Biomedical and Health Informatics},
  year={2024},
  publisher={IEEE}
}

@article{liao2024self,
  title={Self-supervised learning of monocular depth and ego-motion estimation for non-rigid scenes in wireless capsule endoscopy videos},
  author={Liao, Chao and Wang, Chengliang and Wang, Peng and Wu, Hao and Wang, Hongqian},
  journal={Biomedical Signal Processing and Control},
  volume={91},
  pages={105978},
  year={2024},
  publisher={Elsevier}
}

@article{liu2023self,
  title={Self-supervised monocular depth estimation for gastrointestinal endoscopy},
  author={Liu, Yuying and Zuo, Siyang},
  journal={Computer Methods and Programs in Biomedicine},
  volume={238},
  pages={107619},
  year={2023},
  publisher={Elsevier}
}

@inproceedings{lou2024ws,
  title={WS-SfMLearner: self-supervised monocular depth and ego-motion estimation on surgical videos with unknown camera parameters},
  author={Lou, Ange and Noble, Jack},
  booktitle={Medical Imaging 2024: Image-Guided Procedures, Robotic Interventions, and Modeling},
  volume={12928},
  pages={119--127},
  year={2024},
  organization={SPIE}
}

@article{ozyoruk2021endoslam,
  title={EndoSLAM dataset and an unsupervised monocular visual odometry and depth estimation approach for endoscopic videos},
  author={Ozyoruk, Kutsev Bengisu and Gokceler, Guliz Irem and Bobrow, Taylor L and Coskun, Gulfize and Incetan, Kagan and Almalioglu, Yasin and Mahmood, Faisal and Curto, Eva and Perdigoto, Luis and Oliveira, Marina and others},
  journal={Medical image analysis},
  volume={71},
  pages={102058},
  year={2021},
  publisher={Elsevier}
}

@inproceedings{rau2023task,
  title={Task-guided domain gap reduction for monocular depth prediction in endoscopy},
  author={Rau, Anita and Bhattarai, Binod and Agapito, Lourdes and Stoyanov, Danail},
  booktitle={MICCAI Workshop on Data Engineering in Medical Imaging},
  pages={111--122},
  year={2023},
  organization={Springer}
}

@inproceedings{rodriguez2022uncertain,
  title={On the uncertain single-view depths in colonoscopies},
  author={Rodriguez-Puigvert, Javier and Recasens, David and Civera, Javier and Martinez-Cantin, Ruben},
  booktitle={International Conference on Medical Image Computing and Computer-Assisted Intervention},
  pages={130--140},
  year={2022},
  organization={Springer}
}

@inproceedings{rodriguez2023lightdepth,
  title={LightDepth: Single-View Depth Self-Supervision from Illumination Decline},
  author={Rodr{\'\i}guez-Puigvert, Javier and Batlle, V{\'\i}ctor M and Montiel, JMM and Martinez-Cantin, Ruben and Fua, Pascal and Tard{\'o}s, Juan D and Civera, Javier},
  booktitle={Proceedings of the IEEE/CVF International Conference on Computer Vision},
  pages={21273--21283},
  year={2023}
}

@article{shao2022self,
  title={Self-supervised monocular depth and ego-motion estimation in endoscopy: Appearance flow to the rescue},
  author={Shao, Shuwei and Pei, Zhongcai and Chen, Weihai and Zhu, Wentao and Wu, Xingming and Sun, Dianmin and Zhang, Baochang},
  journal={Medical image analysis},
  volume={77},
  pages={102338},
  year={2022},
  publisher={Elsevier}
}

@article{shi2024long,
  title={Long-term reprojection loss for self-supervised monocular depth estimation in endoscopic surgery},
  author={Shi, Xiaowei and Cui, Beilei and Clarkson, Matthew J and Islam, Mobarakol},
  journal={Artificial Intelligence Surgery},
  volume={4},
  number={3},
  pages={247--257},
  year={2024},
  publisher={OAE Publishing Inc.}
}

@inproceedings{wang2023surface,
  title={A surface-normal based neural framework for colonoscopy reconstruction},
  author={Wang, Shuxian and Zhang, Yubo and McGill, Sarah K and Rosenman, Julian G and Frahm, Jan-Michael and Sengupta, Soumyadip and Pizer, Stephen M},
  booktitle={International Conference on Information Processing in Medical Imaging},
  pages={797--809},
  year={2023},
  organization={Springer}
}

@article{wu2023unleashing,
  title={Unleashing the Power of Depth and Pose Estimation Neural Networks by Designing Compatible Endoscopic Images},
  author={Wu, Junyang and Gu, Yun},
  journal={arXiv preprint arXiv:2309.07390},
  year={2023}
}

@inproceedings{yue2023tcl,
  title={TCL: Triplet Consistent Learning for Odometry Estimation of Monocular Endoscope},
  author={Yue, Hao and Gu, Yun},
  booktitle={International Conference on Medical Image Computing and Computer-Assisted Intervention},
  pages={144--153},
  year={2023},
  organization={Springer}
}

@article{zeinoddin2024dares,
  title={DARES: Depth Anything in Robotic Endoscopic Surgery with Self-supervised Vector-LoRA of the Foundation Model},
  author={Zeinoddin, Mona Sheikh and Lena, Chiara and Qu, Jiongqi and Carlini, Luca and Magro, Mattia and Kim, Seunghoi and De Momi, Elena and Bano, Sophia and Grech-Sollars, Matthew and Mazomenos, Evangelos and others},
  journal={arXiv preprint arXiv:2408.17433},
  year={2024}
}

@inproceedings{zhao2022monovit,
  title={Monovit: Self-supervised monocular depth estimation with a vision transformer},
  author={Zhao, Chaoqiang and Zhang, Youmin and Poggi, Matteo and Tosi, Fabio and Guo, Xianda and Zhu, Zheng and Huang, Guan and Tang, Yang and Mattoccia, Stefano},
  booktitle={2022 international conference on 3D vision (3DV)},
  pages={668--678},
  year={2022},
  organization={IEEE}
}

@inproceedings{zhou2017unsupervised,
  title={Unsupervised learning of depth and ego-motion from video},
  author={Zhou, Tinghui and Brown, Matthew and Snavely, Noah and Lowe, David G},
  booktitle={Proceedings of the IEEE conference on computer vision and pattern recognition},
  pages={1851--1858},
  year={2017}
}

@inproceedings{zhou2023tackling,
  title={Tackling Challenges of Low-texture and Illumination Variations for Endoscopy Self-supervised Monocular Depth Estimation},
  author={Zhou, Luyan and Luo, Jingjing and Wang, Hongbo and Zhao, Shizun and Han, Yuan and Li, Wenxian},
  booktitle={2023 IEEE International Conference on Bioinformatics and Biomedicine (BIBM)},
  pages={2427--2432},
  year={2023},
  organization={IEEE}
}

