# background
@misc{WHO2023,
  author = {{World Health Organization}},
  title = {Colorectal cancer},
  year = {2023},
  month = {July},
  day = {11},
  url = {www.who.int/news-room/fact-sheets/detail/colorectal-cancer},
  organization = {World Health Organization}
}

@misc{WCRF2022,
  author = {{World Cancer Research Fund International}},
  title = {Colorectal cancer statistics},
  year = {2022},
  url = {www.wcrf.org/cancer-trends/colorectal-cancer-statistics},
  organization = {World Cancer Research Fund International}
}

@misc{DCC, 
author={American Cancer Society},
title = {Can Colorectal Cancer Be Found Early?},
year={2024},
url={www.cancer.org/cancer/types/colon-rectal-cancer/detection-diagnosis-staging/detection.html}, 
}

# general self-supervised monocular depth estimation
@inproceedings{zhou2017unsupervised,
  title={Unsupervised learning of depth and ego-motion from video},
  author={Zhou, Tinghui and Brown, Matthew and Snavely, Noah and Lowe, David G},
  booktitle={Proceedings of the IEEE conference on computer vision and pattern recognition},
  pages={1851--1858},
  year={2017}
}

@article{bian2019unsupervised,
  title={Unsupervised scale-consistent depth and ego-motion learning from monocular video},
  author={Bian, Jiawang and Li, Zhichao and Wang, Naiyan and Zhan, Huangying and Shen, Ch
          unhua and Cheng, Ming-Ming and Reid, Ian},
  journal={Advances in neural information processing systems},
  volume={32},
  year={2019}
}

@inproceedings{godard2019digging,
  title={Digging into self-supervised monocular depth estimation},
  author={Godard, Cl{\'e}ment and Mac Aodha, Oisin and Firman, Michael and Brostow, Gabriel J},
  booktitle={Proceedings of the IEEE/CVF international conference on computer vision},
  pages={3828--3838},
  year={2019}
}

@inproceedings{zhao2022monovit,
  title={Monovit: Self-supervised monocular depth estimation with a vision transformer},
  author={Zhao, Chaoqiang and Zhang, Youmin and Poggi, Matteo and Tosi, Fabio and Guo, Xianda and Zhu, Zheng and Huang, Guan and Tang, Yang and Mattoccia, Stefano},
  booktitle={2022 international conference on 3D vision (3DV)},
  pages={668--678},
  year={2022},
  organization={IEEE}
}


# surgery light related

## traditional
@article{liu2024monocular,
title={Monocular endoscopy images depth estimation with multi-scale residual fusion},
author={Liu, Shiyuan and Fan, Jingfan and Yang, Yun and Xiao, Deqiang and Ai, Danni and Song, Hong and Wang, Yongtian and Yang, Jian},
journal={Computers in Biology and Medicine},
volume={169},
pages={107850},
year={2024},
publisher={Elsevier}
}

## deep learning

### endoslam and related

@article{ozyoruk2021endoslam,
  title={EndoSLAM dataset and an unsupervised monocular visual odometry and depth estimation approach for endoscopic videos},
  author={Ozyoruk, Kutsev Bengisu and Gokceler, Guliz Irem and Bobrow, Taylor L and Coskun, Gulfize and Incetan, Kagan and Almalioglu, Yasin and Mahmood, Faisal and Curto, Eva and Perdigoto, Luis and Oliveira, Marina and others},
  journal={Medical image analysis},
  volume={71},
  pages={102058},
  year={2021},
  publisher={Elsevier}
}

@inproceedings{rau2023task,
  title={Task-guided domain gap reduction for monocular depth prediction in endoscopy},
  author={Rau, Anita and Bhattarai, Binod and Agapito, Lourdes and Stoyanov, Danail},
  booktitle={MICCAI Workshop on Data Engineering in Medical Imaging},
  pages={111--122},
  year={2023},
  organization={Springer}
}

@article{mathew2023softennet,
  title={SoftEnNet: Symbiotic Monocular Depth Estimation and Lumen Segmentation for Colonoscopy Endorobots},
  author={Mathew, Alwyn and Magerand, Ludovic and Trucco, Emanuele and Manfredi, Luigi},
  journal={arXiv preprint arXiv:2301.08157},
  year={2023}
}


@article{liu2023self,
  title={Self-supervised monocular depth estimation for gastrointestinal endoscopy},
  author={Liu, Yuying and Zuo, Siyang},
  journal={Computer Methods and Programs in Biomedicine},
  volume={238},
  pages={107619},
  year={2023},
  publisher={Elsevier}
}

@inproceedings{wang2023surface,
  title={A surface-normal based neural framework for colonoscopy reconstruction},
  author={Wang, Shuxian and Zhang, Yubo and McGill, Sarah K and Rosenman, Julian G and Frahm, Jan-Michael and Sengupta, Soumyadip and Pizer, Stephen M},
  booktitle={International Conference on Information Processing in Medical Imaging},
  pages={797--809},
  year={2023},
  organization={Springer}
}

@inproceedings{yue2023tcl,
  title={TCL: Triplet Consistent Learning for Odometry Estimation of Monocular Endoscope},
  author={Yue, Hao and Gu, Yun},
  booktitle={International Conference on Medical Image Computing and Computer-Assisted Intervention},
  pages={144--153},
  year={2023},
  organization={Springer}
}

@article{mathew2023self,
  title={Self-supervised monocular depth estimation for high field of view colonoscopy cameras},
  author={Mathew, Alwyn and Magerand, Ludovic and Trucco, Emanuele and Manfredi, Luigi},
  journal={Frontiers in Robotics and AI},
  volume={10},
  pages={1212525},
  year={2023},
  publisher={Frontiers Media SA}
}

@article{liao2024self,
  title={Self-supervised learning of monocular depth and ego-motion estimation for non-rigid scenes in wireless capsule endoscopy videos},
  author={Liao, Chao and Wang, Chengliang and Wang, Peng and Wu, Hao and Wang, Hongqian},
  journal={Biomedical Signal Processing and Control},
  volume={91},
  pages={105978},
  year={2024},
  publisher={Elsevier}
}






### AFsfmlearner and related

@article{shao2022self,
  title={Self-supervised monocular depth and ego-motion estimation in endoscopy: Appearance flow to the rescue},
  author={Shao, Shuwei and Pei, Zhongcai and Chen, Weihai and Zhu, Wentao and Wu, Xingming and Sun, Dianmin and Zhang, Baochang},
  journal={Medical image analysis},
  volume={77},
  pages={102338},
  year={2022},
  publisher={Elsevier}
}

@inproceedings{lou2024ws,
  title={WS-SfMLearner: self-supervised monocular depth and ego-motion estimation on surgical videos with unknown camera parameters},
  author={Lou, Ange and Noble, Jack},
  booktitle={Medical Imaging 2024: Image-Guided Procedures, Robotic Interventions, and Modeling},
  volume={12928},
  pages={119--127},
  year={2024},
  organization={SPIE}
}

@inproceedings{zhou2023tackling,
  title={Tackling Challenges of Low-texture and Illumination Variations for Endoscopy Self-supervised Monocular Depth Estimation},
  author={Zhou, Luyan and Luo, Jingjing and Wang, Hongbo and Zhao, Shizun and Han, Yuan and Li, Wenxian},
  booktitle={2023 IEEE International Conference on Bioinformatics and Biomedicine (BIBM)},
  pages={2427--2432},
  year={2023},
  organization={IEEE}
}

@article{wu2023unleashing,
  title={Unleashing the Power of Depth and Pose Estimation Neural Networks by Designing Compatible Endoscopic Images},
  author={Wu, Junyang and Gu, Yun},
  journal={arXiv preprint arXiv:2309.07390},
  year={2023}
}

@inproceedings{li2023endodepthl,
  title={EndoDepthL: Lightweight Endoscopic Monocular Depth Estimation with CNN-Transformer},
  author={Li, Yangke},
  booktitle={2023 IEEE International Conference on Bioinformatics and Biomedicine (BIBM)},
  pages={4344--4351},
  year={2023},
  organization={IEEE}
}

@article{li2024image,
  title={Image Intrinsic-Based Unsupervised Monocular Depth Estimation in Endoscopy},
  author={Li, Bojian and Liu, Bo and Zhu, Miao and Luo, Xiaoyan and Zhou, Fugen},
  journal={IEEE Journal of Biomedical and Health Informatics},
  year={2024},
  publisher={IEEE}
}

@article{yang2024self,
  title={Self-supervised lightweight depth estimation in endoscopy combining cnn and transformer},
  author={Yang, Zhuoyue and Pan, Junjun and Dai, Ju and Sun, Zhen and Xiao, Yi},
  journal={IEEE Transactions on Medical Imaging},
  year={2024},
  publisher={IEEE}
}

@article{zhang2023aself,
  title={A self-supervised network-based smoke removal and depth estimation for monocular endoscopic videos},
  author={Zhang, Guo and Gao, Xinbo and Meng, Hongying and Pang, Yu and Nie, Xixi},
  journal={IEEE Transactions on Visualization and Computer Graphics},
  year={2023},
  publisher={IEEE}
}

@article{he2024monolot,
  title={MonoLoT: Self-Supervised Monocular Depth Estimation in Low-Texture Scenes for Automatic Robotic Endoscopy},
  author={He, Qi and Feng, Guang and Bano, Sophia and Stoyanov, Danail and Zuo, Siyang},
  journal={IEEE Journal of Biomedical and Health Informatics},
  year={2024},
  publisher={IEEE}
}

@inproceedings{cui2024endodac,
  title={Endodac: Efficient adapting foundation model for self-supervised depth estimation from any endoscopic camera},
  author={Cui, Beilei and Islam, Mobarakol and Bai, Long and Wang, An and Ren, Hongliang},
  booktitle={International Conference on Medical Image Computing and Computer-Assisted Intervention},
  pages={208--218},
  year={2024},
  organization={Springer}
}

@article{zhang2023self,
  title={Self-supervised neural network-based endoscopic monocular 3D reconstruction method},
  author={Zhang, Ziming and Tan, Wenjun and Sun, Yuhang and Han, Juntao and Wang, Zhe and Xue, Hongsheng and Wang, Ruoyu},
  journal={Health Information Science and Systems},
  volume={12},
  number={1},
  pages={4},
  year={2023},
  publisher={Springer}
}

@article{li2024self,
  title={Self-supervised monocular depth estimation for endoscopic imaging},
  author={Li, Changsheng and Li, Xue and Wang, Kaifeng and Chen, Wenxin and Liu, Qingyao and Duan, Xingguang},
  journal={IEEE Journal of Biomedical and Health Informatics},
  year={2024},
  publisher={IEEE}
}

### others:

@inproceedings{rodriguez2022uncertain,
  title={On the uncertain single-view depths in colonoscopies},
  author={Rodriguez-Puigvert, Javier and Recasens, David and Civera, Javier and Martinez-Cantin, Ruben},
  booktitle={International Conference on Medical Image Computing and Computer-Assisted Intervention},
  pages={130--140},
  year={2022},
  organization={Springer}
}

@inproceedings{rodriguez2023lightdepth,
  title={LightDepth: Single-View Depth Self-Supervision from Illumination Decline},
  author={Rodr{\'\i}guez-Puigvert, Javier and Batlle, V{\'\i}ctor M and Montiel, JMM and Martinez-Cantin, Ruben and Fua, Pascal and Tard{\'o}s, Juan D and Civera, Javier},
  booktitle={Proceedings of the IEEE/CVF International Conference on Computer Vision},
  pages={21273--21283},
  year={2023}
}

@article{shi2024long,
  title={Long-term reprojection loss for self-supervised monocular depth estimation in endoscopic surgery},
  author={Shi, Xiaowei and Cui, Beilei and Clarkson, Matthew J and Islam, Mobarakol},
  journal={Artificial Intelligence Surgery},
  volume={4},
  number={3},
  pages={247--257},
  year={2024},
  publisher={OAE Publishing Inc.}
}


@article{daher2023temporal,
  title={A temporal learning approach to inpainting endoscopic specularities and its effect on image correspondence},
  author={Daher, Rema and Vasconcelos, Francisco and Stoyanov, Danail},
  journal={Medical Image Analysis},
  volume={90},
  pages={102994},
  year={2023},
  publisher={Elsevier}
}

@article{el2011automatic,
  title={Automatic detection and inpainting of specular reflections for colposcopic images},
  author={El Meslouhi, Othmane and Kardouchi, Mustapha and Allali, Hakim and Gadi, Taoufiq and Benkaddour, Yassir Ait},
  journal={Central European Journal of Computer Science},
  volume={1},
  number={3},
  pages={341--354},
  year={2011},
  publisher={Springer}
}


% datasets
@article{borgli2020hyperkvasir,
  title={HyperKvasir, a comprehensive multi-class image and video dataset for gastrointestinal endoscopy},
  author={Borgli, Hanna and Thambawita, Vajira and Smedsrud, Pia H and Hicks, Steven and Jha, Debesh and Eskeland, Sigrun L and Randel, Kristin Ranheim and Pogorelov, Konstantin and Lux, Mathias and Nguyen, Duc Tien Dang and others},
  journal={Scientific Data},
  volume={7},
  number={1},
  pages={1--14},
  year={2020},
  publisher={Nature Publishing Group}
}

 @article{bobrow2023,
  title={Colonoscopy 3D video dataset with paired depth from 2D-3D registration},
  author={Bobrow, Taylor L and Golhar, Mayank and Vijayan, Rohan and Akshintala, Venkata S and Garcia, Juan R and Durr, Nicholas J},
  journal={Medical Image Analysis},
  pages={102956},
  year={2023},
  publisher={Elsevier},
}

@inproceedings{shi2017learning,
  title={Learning non-lambertian object intrinsics across shapenet categories},
  author={Shi, Jian and Dong, Yue and Su, Hao and Yu, Stella X},
  booktitle={Proceedings of the IEEE conference on computer vision and pattern recognition},
  pages={1685--1694},
  year={2017}
}

@INPROCEEDINGS{Sengupta2024,
  author={Sengupta, Agniva and Makki, Karim and Bartoli, Adrien},
  booktitle={2024 IEEE International Conference on Robotics and Automation (ICRA)}, 
  title={Using Specularities to Boost Non-Rigid Structure-from-Motion}, 
  year={2024},
  volume={},
  number={},
  pages={2652-2659},
  keywords={Surface reconstruction;Accuracy;Three-dimensional displays;Shape;Navigation;Grasping;Robots},
  doi={10.1109/ICRA57147.2024.10610803}}

@inproceedings{daher2023cyclesttn,
  title={Cyclesttn: A learning-based temporal model for specular augmentation in endoscopy},
  author={Daher, Rema and Barbed, O Le{\'o}n and Murillo, Ana C and Vasconcelos, Francisco and Stoyanov, Danail},
  booktitle={International Conference on Medical Image Computing and Computer-Assisted Intervention},
  pages={570--580},
  year={2023},
  organization={Springer}
}

@article{kuang2024stanford,
  title={Stanford-ORB: a real-world 3d object inverse rendering benchmark},
  author={Kuang, Zhengfei and Zhang, Yunzhi and Yu, Hong-Xing and Agarwala, Samir and Wu, Elliott and Wu, Jiajun and others},
  journal={Advances in Neural Information Processing Systems},
  volume={36},
  year={2024}
}


@article{zeinoddin2024dares,
  title={DARES: Depth Anything in Robotic Endoscopic Surgery with Self-supervised Vector-LoRA of the Foundation Model},
  author={Zeinoddin, Mona Sheikh and Lena, Chiara and Qu, Jiongqi and Carlini, Luca and Magro, Mattia and Kim, Seunghoi and De Momi, Elena and Bano, Sophia and Grech-Sollars, Matthew and Mazomenos, Evangelos and others},
  journal={arXiv preprint arXiv:2408.17433},
  year={2024}
}