@ARTICLE{10081412,
  author={Croitoru, Florinel-Alin and Hondru, Vlad and Ionescu, Radu Tudor and Shah, Mubarak},
  journal={IEEE Transactions on Pattern Analysis and Machine Intelligence}, 
  title={Diffusion Models in Vision: A Survey}, 
  year={2023},
  volume={45},
  number={9},
  pages={10850-10869},
  keywords={Computational modeling;Mathematical models;Noise reduction;Data models;Computer vision;Training;Task analysis;Denoising diffusion models;deep generative modeling;diffusion models;image generation;noise conditioned score networks;score-based models},
  doi={10.1109/TPAMI.2023.3261988}}

@inproceedings{bansal2023universal,
  title={Universal guidance for diffusion models},
  author={Bansal, Arpit and Chu, Hong-Min and Schwarzschild, Avi and Sengupta, Soumyadip and Goldblum, Micah and Geiping, Jonas and Goldstein, Tom},
  booktitle={Proceedings of the IEEE/CVF Conference on Computer Vision and Pattern Recognition},
  pages={843--852},
  year={2023}
}

@article{black2023training,
  title={Training diffusion models with reinforcement learning},
  author={Black, Kevin and Janner, Michael and Du, Yilun and Kostrikov, Ilya and Levine, Sergey},
  journal={arXiv preprint arXiv:2305.13301},
  year={2023}
}

@article{chen2024overview,
  title={An overview of diffusion models: Applications, guided generation, statistical rates and optimization},
  author={Chen, Minshuo and Mei, Song and Fan, Jianqing and Wang, Mengdi},
  journal={arXiv preprint arXiv:2404.07771},
  year={2024}
}

@article{chung2022diffusion,
  title={Diffusion posterior sampling for general noisy inverse problems},
  author={Chung, Hyungjin and Kim, Jeongsol and Mccann, Michael T and Klasky, Marc L and Ye, Jong Chul},
  journal={arXiv preprint arXiv:2209.14687},
  year={2022}
}

@article{dhariwal2021diffusion,
  title={Diffusion models beat gans on image synthesis},
  author={Dhariwal, Prafulla and Nichol, Alexander},
  journal={Advances in neural information processing systems},
  volume={34},
  pages={8780--8794},
  year={2021}
}

@article{eyring2024reno,
  title={ReNO: Enhancing One-step Text-to-Image Models through Reward-based Noise Optimization},
  author={Eyring, Luca and Karthik, Shyamgopal and Roth, Karsten and Dosovitskiy, Alexey and Akata, Zeynep},
  journal={arXiv preprint arXiv:2406.04312},
  year={2024}
}

@article{fan2024reinforcement,
  title={Reinforcement learning for fine-tuning text-to-image diffusion models},
  author={Fan, Ying and Watkins, Olivia and Du, Yuqing and Liu, Hao and Ryu, Moonkyung and Boutilier, Craig and Abbeel, Pieter and Ghavamzadeh, Mohammad and Lee, Kangwook and Lee, Kimin},
  journal={Advances in Neural Information Processing Systems},
  volume={36},
  year={2024}
}

@article{he2023manifold,
  title={Manifold preserving guided diffusion},
  author={He, Yutong and Murata, Naoki and Lai, Chieh-Hsin and Takida, Yuhta and Uesaka, Toshimitsu and Kim, Dongjun and Liao, Wei-Hsiang and Mitsufuji, Yuki and Kolter, J Zico and Salakhutdinov, Ruslan and others},
  journal={arXiv preprint arXiv:2311.16424},
  year={2023}
}

@article{hu2021lora,
  title={Lora: Low-rank adaptation of large language models},
  author={Hu, Edward J and Shen, Yelong and Wallis, Phillip and Allen-Zhu, Zeyuan and Li, Yuanzhi and Wang, Shean and Wang, Lu and Chen, Weizhu},
  journal={arXiv preprint arXiv:2106.09685},
  year={2021}
}

@inproceedings{karunratanakul2024optimizing,
  title={Optimizing diffusion noise can serve as universal motion priors},
  author={Karunratanakul, Korrawe and Preechakul, Konpat and Aksan, Emre and Beeler, Thabo and Suwajanakorn, Supasorn and Tang, Siyu},
  booktitle={Proceedings of the IEEE/CVF Conference on Computer Vision and Pattern Recognition},
  pages={1334--1345},
  year={2024}
}

@article{li2024derivative,
  title={Derivative-Free Guidance in Continuous and Discrete Diffusion Models with Soft Value-Based Decoding},
  author={Li, Xiner and Zhao, Yulai and Wang, Chenyu and Scalia, Gabriele and Eraslan, Gokcen and Nair, Surag and Biancalani, Tommaso and Regev, Aviv and Levine, Sergey and Uehara, Masatoshi},
  journal={arXiv preprint arXiv:2408.08252},
  year={2024}
}

@inproceedings{lu2023contrastive,
  title={Contrastive energy prediction for exact energy-guided diffusion sampling in offline reinforcement learning},
  author={Lu, Cheng and Chen, Huayu and Chen, Jianfei and Su, Hang and Li, Chongxuan and Zhu, Jun},
  booktitle={International Conference on Machine Learning},
  pages={22825--22855},
  year={2023},
  organization={PMLR}
}

@article{nesterov2017random,
  title={Random gradient-free minimization of convex functions},
  author={Nesterov, Yurii and Spokoiny, Vladimir},
  journal={Foundations of Computational Mathematics},
  volume={17},
  number={2},
  pages={527--566},
  year={2017},
  publisher={Springer}
}

@article{rafailov2024direct,
  title={Direct preference optimization: Your language model is secretly a reward model},
  author={Rafailov, Rafael and Sharma, Archit and Mitchell, Eric and Manning, Christopher D and Ermon, Stefano and Finn, Chelsea},
  journal={Advances in Neural Information Processing Systems},
  volume={36},
  year={2024}
}

@article{schulman2017equivalence,
  title={Equivalence between policy gradients and soft q-learning},
  author={Schulman, John and Chen, Xi and Abbeel, Pieter},
  journal={arXiv preprint arXiv:1704.06440},
  year={2017}
}

@article{tang2024tuning,
  title={Tuning-Free Alignment of Diffusion Models with Direct Noise Optimization},
  author={Tang, Zhiwei and Peng, Jiangweizhi and Tang, Jiasheng and Hong, Mingyi and Wang, Fan and Chang, Tsung-Hui},
  journal={arXiv preprint arXiv:2405.18881},
  year={2024}
}

@article{uehara2024understanding,
  title={Understanding reinforcement learning-based fine-tuning of diffusion models: A tutorial and review},
  author={Uehara, Masatoshi and Zhao, Yulai and Biancalani, Tommaso and Levine, Sergey},
  journal={arXiv preprint arXiv:2407.13734},
  year={2024}
}

@inproceedings{yang2024using,
  title={Using human feedback to fine-tune diffusion models without any reward model},
  author={Yang, Kai and Tao, Jian and Lyu, Jiafei and Ge, Chunjiang and Chen, Jiaxin and Shen, Weihan and Zhu, Xiaolong and Li, Xiu},
  booktitle={Proceedings of the IEEE/CVF Conference on Computer Vision and Pattern Recognition},
  pages={8941--8951},
  year={2024}
}

