@article{song2020score,
  title={Score-based generative modeling through stochastic differential equations},
  author={Song, Yang and Sohl-Dickstein, Jascha and Kingma, Diederik P and Kumar, Abhishek and Ermon, Stefano and Poole, Ben},
  journal={arXiv preprint arXiv:2011.13456},
  year={2020}
}

@article{lu2022dpm,
  title={Dpm-solver: A fast ode solver for diffusion probabilistic model sampling in around 10 steps},
  author={Lu, Cheng and Zhou, Yuhao and Bao, Fan and Chen, Jianfei and Li, Chongxuan and Zhu, Jun},
  journal={Advances in Neural Information Processing Systems},
  volume={35},
  pages={5775--5787},
  year={2022}
}


@article{lu2022dpm2,
  title={Dpm-solver++: Fast solver for guided sampling of diffusion probabilistic models},
  author={Lu, Cheng and Zhou, Yuhao and Bao, Fan and Chen, Jianfei and Li, Chongxuan and Zhu, Jun},
  journal={arXiv preprint arXiv:2211.01095},
  year={2022}
}

@inproceedings{rombach2022high,
  title={High-resolution image synthesis with latent diffusion models},
  author={Rombach, Robin and Blattmann, Andreas and Lorenz, Dominik and Esser, Patrick and Ommer, Bj{\"o}rn},
  booktitle={Proceedings of the IEEE/CVF conference on computer vision and pattern recognition},
  pages={10684--10695},
  year={2022}
}


@article{ramesh2022hierarchical,
  title={Hierarchical text-conditional image generation with clip latents},
  author={Ramesh, Aditya and Dhariwal, Prafulla and Nichol, Alex and Chu, Casey and Chen, Mark},
  journal={arXiv preprint arXiv:2204.06125},
  volume={1},
  number={2},
  pages={3},
  year={2022}
}

@article{ho2022imagen,
  title={Imagen video: High definition video generation with diffusion models},
  author={Ho, Jonathan and Chan, William and Saharia, Chitwan and Whang, Jay and Gao, Ruiqi and Gritsenko, Alexey and Kingma, Diederik P and Poole, Ben and Norouzi, Mohammad and Fleet, David J and others},
  journal={arXiv preprint arXiv:2210.02303},
  year={2022}
}


@inproceedings{kim2022guided,
  title={Guided-tts: A diffusion model for text-to-speech via classifier guidance},
  author={Kim, Heeseung and Kim, Sungwon and Yoon, Sungroh},
  booktitle={International Conference on Machine Learning},
  pages={11119--11133},
  year={2022},
  organization={PMLR}
}


@article{kong2020diffwave,
  title={Diffwave: A versatile diffusion model for audio synthesis},
  author={Kong, Zhifeng and Ping, Wei and Huang, Jiaji and Zhao, Kexin and Catanzaro, Bryan},
  journal={arXiv preprint arXiv:2009.09761},
  year={2020}
}


@inproceedings{
hu2023unified,
title={Unified Discrete Diffusion for Simultaneous Vision-Language Generation},
author={Minghui Hu and Chuanxia Zheng and Zuopeng Yang and Tat-Jen Cham and Heliang Zheng and Chaoyue Wang and Dacheng Tao and Ponnuthurai N. Suganthan},
booktitle={The Eleventh International Conference on Learning Representations },
year={2023},
}


@inproceedings{diffusionbert,
    title = "{D}iffusion{BERT}: Improving Generative Masked Language Models with Diffusion Models",
    author = "He, Zhengfu  and
      Sun, Tianxiang  and
      Tang, Qiong  and
      Wang, Kuanning  and
      Huang, Xuanjing  and
      Qiu, Xipeng",
    booktitle = "Proceedings of the 61st Annual Meeting of the Association for Computational Linguistics",
    year = "2023",
    pages = "4521--4534"
}

@article{lee2023score,
  title={Score-based generative modeling for de novo protein design},
  author={Lee, Jin Sub and Kim, Jisun and Kim, Philip M},
  journal={Nature Computational Science},
  pages={1--11},
  year={2023},
  publisher={Nature Publishing Group US New York}
}


@article{gruver2023protein,
  title={Protein Design with Guided Discrete Diffusion},
  author={Gruver, Nate and Stanton, Samuel and Frey, Nathan C and Rudner, Tim GJ and Hotzel, Isidro and Lafrance-Vanasse, Julien and Rajpal, Arvind and Cho, Kyunghyun and Wilson, Andrew Gordon},
  journal={arXiv preprint arXiv:2305.20009},
  year={2023}
}


@inproceedings{tumanyan2023plug,
  title={Plug-and-play diffusion features for text-driven image-to-image translation},
  author={Tumanyan, Narek and Geyer, Michal and Bagon, Shai and Dekel, Tali},
  booktitle={Proceedings of the IEEE/CVF Conference on Computer Vision and Pattern Recognition},
  pages={1921--1930},
  year={2023}
}


@inproceedings{kim2022diffusionclip,
  title={Diffusionclip: Text-guided diffusion models for robust image manipulation},
  author={Kim, Gwanghyun and Kwon, Taesung and Ye, Jong Chul},
  booktitle={Proceedings of the IEEE/CVF Conference on Computer Vision and Pattern Recognition},
  pages={2426--2435},
  year={2022}
}



@inproceedings{sun2022bbt,
  title={Black-Box Tuning for Language-Model-as-a-Service}, 
  author={Tianxiang Sun and Yunfan Shao and Hong Qian and Xuanjing Huang and Xipeng Qiu},
  booktitle = {Proceedings of {ICML}},
  year={2022}
}

@inproceedings{sun2022bbtv2,
  title={BBTv2: Towards a Gradient-Free Future with Large Language Models},
  author={Tianxiang Sun and Zhengfu He and Hong Qian and Yunhua Zhou and Xuanjing Huang and Xipeng Qiu},
  booktitle = {Proceedings of {EMNLP}},
  year={2022}
}






@incollection{hansen2006cma,
  title={The CMA evolution strategy: a comparing review},
  author={Hansen, Nikolaus},
  booktitle={Towards a new evolutionary computation},
  pages={75--102},
  year={2006},
  publisher={Springer}
}

@inproceedings{karunratanakul2024optimizing,
  title={Optimizing diffusion noise can serve as universal motion priors},
  author={Karunratanakul, Korrawe and Preechakul, Konpat and Aksan, Emre and Beeler, Thabo and Suwajanakorn, Supasorn and Tang, Siyu},
  booktitle={Proceedings of the IEEE/CVF Conference on Computer Vision and Pattern Recognition},
  pages={1334--1345},
  year={2024}
}

@article{eyring2024reno,
  title={ReNO: Enhancing One-step Text-to-Image Models through Reward-based Noise Optimization},
  author={Eyring, Luca and Karthik, Shyamgopal and Roth, Karsten and Dosovitskiy, Alexey and Akata, Zeynep},
  journal={arXiv preprint arXiv:2406.04312},
  year={2024}
}

@inproceedings{khan2018fast,
  title={Fast yet simple natural-gradient descent for variational inference in complex models},
  author={Khan, Mohammad Emtiyaz and Nielsen, Didrik},
  booktitle={2018 International Symposium on Information Theory and Its Applications (ISITA)},
  pages={31--35},
  year={2018},
  organization={IEEE}
}

@article{khan2017conjugate,
  title={Conjugate-computation variational inference: Converting variational inference in non-conjugate models to inferences in conjugate models},
  author={Khan, Mohammad Emtiyaz and Lin, Wu},
  journal={arXiv preprint arXiv:1703.04265},
  year={2017}
}


@article{choromanskicomplexity,
  title={From Complexity to Simplicity: Adaptive ES-Active Subspaces for Blackbox Optimization},
  author={Choromanski, Krzysztof and Pacchiano, Aldo and Parker-Holder, Jack and Tang, Yunhao},
  journal={arXiv:1903.04268},
  year={2019}
  
}

@inproceedings{Nips2012practical,
  title={Practical bayesian optimization of machine learning algorithms},
  author={Snoek, Jasper and Larochelle, Hugo and Adams, Ryan P},
  booktitle={NeurIPS},
  pages={2951--2959},
  year={2012}
}

@inproceedings{robot,
  title={Automatic Gait Optimization with Gaussian Process Regression.},
  author={Lizotte, Daniel J and Wang, Tao and Bowling, Michael H and Schuurmans, Dale},
  booktitle={IJCAI},
  volume={7},
  pages={944--949},
  year={2007}
}

@article{engineerDisign,
  title={Review of metamodeling techniques in support of engineering design optimization},
  author={Wang, G Gary and Shan, Songqing},
  journal={Journal of Mechanical design},
  volume={129},
  number={4},
  pages={370--380},
  year={2007},
  publisher={American Society of Mechanical Engineers}
}

@article{drugdiscovery,
  title={The knowledge-gradient algorithm for sequencing experiments in drug discovery},
  author={Negoescu, Diana M and Frazier, Peter I and Powell, Warren B},
  journal={INFORMS Journal on Computing},
  volume={23},
  number={3},
  pages={346--363},
  year={2011},
  publisher={INFORMS}
}

@inproceedings{BORL,
  title={Towards autonomous reinforcement learning: Automatic setting of hyper-parameters using Bayesian optimization},
  author={Barsce, Juan Cruz and Palombarini, Jorge A and Mart{\'\i}nez, Ernesto C},
  booktitle={Computer Conference (CLEI), 2017 XLIII Latin American},
  pages={1--9},
  year={2017},
  organization={IEEE}
}

@inproceedings{gpucb,
  title={Gaussian process optimization in the bandit setting: No regret and experimental design},
  author={Srinivas, Niranjan and Krause, Andreas and Kakade, Sham M and Seeger, Matthias},
  booktitle={ICML},
  year={2010}
}

@article{bull,
  title={Convergence rates of efficient global optimization algorithms},
  author={Bull, Adam D},
  journal={Journal of Machine Learning Research (JMLR)},
  volume={12},
  number={Oct},
  pages={2879--2904},
  year={2011}
}


@article{goldberg1988genetic,
  title={Genetic algorithms and machine learning},
  author={Goldberg, David E and Holland, John H},
  journal={Machine learning},
  volume={3},
  number={2},
  pages={95--99},
  year={1988},
  publisher={Springer}
}

@inproceedings{lehman2018more,
  title={ES is more than just a traditional finite-difference approximator},
  author={Lehman, Joel and Chen, Jay and Clune, Jeff and Stanley, Kenneth O},
  booktitle={Proceedings of the Genetic and Evolutionary Computation Conference},
  pages={450--457},
  year={2018},
  organization={ACM}
}

@inproceedings{choromanski2018structured,
  title={Structured evolution with compact architectures for scalable policy optimization},
  author={Choromanski, Krzysztof and Rowland, Mark and Sindhwani, Vikas and Turner, Richard E and Weller, Adrian},
  booktitle={ICML},
  pages={969--977},
   year={2018}
}

@article{salimans2017evolution,
  title={Evolution strategies as a scalable alternative to reinforcement learning},
  author={Salimans, Tim and Ho, Jonathan and Chen, Xi and Sidor, Szymon and Sutskever, Ilya},
  journal={arXiv preprint arXiv:1703.03864},
  year={2017}
}


@inproceedings{Liu2019,
title={Trust Region Evolution Strategies},
author={Guoqing Liu and Li Zhao and 
Feidiao Yang and 
Jiang Bian and
Tao Qin and
Nenghai Yu and
Tie-Yan Liu},
booktitle={AAAI},
year={2019}
}


@inproceedings{akimoto2010bidirectional,
  title={Bidirectional relation between CMA evolution strategies and natural evolution strategies},
  author={Akimoto, Youhei and Nagata, Yuichi and Ono, Isao and Kobayashi, Shigenobu},
  booktitle={International Conference on Parallel Problem Solving from Nature},
  pages={154--163},
  year={2010},
  organization={Springer}
}


@article{ollivier2017information,
  title={Information-geometric optimization algorithms: A unifying picture via invariance principles},
  author={Ollivier, Yann and Arnold, Ludovic and Auger, Anne and Hansen, Nikolaus},
  journal={The Journal of Machine Learning Research (JMLR)},
  volume={18},
  number={1},
  pages={564--628},
  year={2017},
  publisher={JMLR. org}
}


@article{NES,
  title={Natural evolution strategies},
  author={Wierstra, Daan and Schaul, Tom and Glasmachers, Tobias and Sun, Yi and Peters, Jan and Schmidhuber, J{\"u}rgen},
  journal={The Journal of Machine Learning Research (JMLR)},
  volume={15},
  number={1},
  pages={949--980},
  year={2014}
}

@article{azoury2001relative,
  title={Relative loss bounds for on-line density estimation with the exponential family of distributions},
  author={Azoury, Katy S and Warmuth, Manfred K},
  journal={Machine Learning},
  volume={43},
  number={3},
  pages={211--246},
  year={2001},
  publisher={Springer}
}

@article{raskutti2015information,
  title={The information geometry of mirror descent},
  author={Raskutti, Garvesh and Mukherjee, Sayan},
  journal={IEEE Transactions on Information Theory},
  volume={61},
  number={3},
  pages={1451--1457},
  year={2015},
  publisher={IEEE}
}


@inproceedings{khan2018fast2,
  title={Fast and scalable Bayesian deep learning by weight-perturbation in Adam},
  author={Khan, Mohammad Emtiyaz and Nielsen, Didrik and Tangkaratt, Voot and Lin, Wu and Gal, Yarin and Srivastava, Akash},
  booktitle={ICML},
  year={2018}
}


@inproceedings{rezende2014stochastic,
  title={Stochastic backpropagation and approximate inference in deep generative models},
  author={Rezende, Danilo Jimenez and Mohamed, Shakir and Wierstra, Daan},
  booktitle={ICML},
  year={2014}
}


@inproceedings{balasubramanian2018zeroth,
  title={Zeroth-order (non)-convex stochastic optimization via conditional gradient and gradient updates},
  author={Balasubramanian, Krishnakumar and Ghadimi, Saeed},
  booktitle={Advances in Neural Information Processing Systems},
  pages={3455--3464},
  year={2018}
}


@inproceedings{lyu2017spherical,
  title={Spherical structured feature maps for kernel approximation},
  author={Lyu, Yueming},
  booktitle={Proceedings of the 34th International Conference on Machine Learning (ICML)},
  pages={2256--2264},
  year={2017}
}


@article{domke2019provable,
  title={Provable Smoothness Guarantees for Black-Box Variational Inference},
  author={Domke, Justin},
  journal={arXiv preprint arXiv:1901.08431},
  year={2019}
}


@article{lyu2019efficient,
  title={Efficient Batch Black-box Optimization with Deterministic Regret Bounds},
  author={Lyu, Yueming and Yuan, Yuan and Tsang, Ivor W},
  journal={arXiv preprint arXiv:1905.10041},
  year={2019}
}


@misc{choromanski2019complexity,
  title={From complexity to simplicity: Adaptive es-active subspaces for blackbox optimization},
  author={Choromanski, Krzysztof and Pacchiano, Aldo and Parker-Holder, Jack and Tang, Yunhao and Sindhwani, Vikas},
  year={2019},
  publisher={NeurIPS}
}


@article{nesterov2017random,
  title={Random gradient-free minimization of convex functions},
  author={Nesterov, Yurii and Spokoiny, Vladimir},
  journal={Foundations of Computational Mathematics},
  volume={17},
  number={2},
  pages={527--566},
  year={2017},
  publisher={Springer}
}

@article{amari1998natural,
  title={Natural gradient works efficiently in learning},
  author={Amari, Shun-Ichi},
  journal={Neural computation},
  volume={10},
  number={2},
  pages={251--276},
  year={1998},
  publisher={MIT Press}
}


@article{akimoto2019diagonal,
  title={Diagonal Acceleration for Covariance Matrix Adaptation Evolution Strategies},
  author={Akimoto, Youhei and Hansen, Nikolaus},
  journal={Evolutionary computation},
  pages={1--30},
  year={2019},
  publisher={MIT Press}
}


@inproceedings{yu2016orthogonal,
  title={Orthogonal random features},
  author={Yu, Felix Xinnan X and Suresh, Ananda Theertha and Choromanski, Krzysztof M and Holtmann-Rice, Daniel N and Kumar, Sanjiv},
  booktitle={Advances in Neural Information Processing Systems},
  pages={1975--1983},
  year={2016}
}

@book{amari2016information,
  title={Information geometry and its applications},
  author={Amari, Shun-ichi},
  volume={194},
  year={2016},
  publisher={Springer}
}

@article{srinivas1994genetic,
  title={Genetic algorithms: A survey},
  author={Srinivas, Mandavilli and Patnaik, Lalit M},
  journal={computer},
  volume={27},
  number={6},
  pages={17--26},
  year={1994},
  publisher={IEEE}
}

@inproceedings{back1991survey,
  title={A survey of evolution strategies},
  author={Back, Thomas and Hoffmeister, Frank and Schwefel, Hans-Paul},
  booktitle={Proceedings of the fourth international conference on genetic algorithms},
  volume={2},
  number={9},
  year={1991},
  organization={Morgan Kaufmann Publishers San Mateo, CA}
}


@article{xu2011deterministic,
  title={Deterministic sampling of sparse trigonometric polynomials},
  author={Xu, Zhiqiang},
  journal={Journal of Complexity},
  volume={27},
  number={2},
  pages={133--140},
  year={2011},
  publisher={Elsevier}
}

@article{maddox2021optimizing,
  title={Optimizing High-Dimensional Physics Simulations via Composite Bayesian Optimization},
  author={Maddox, Wesley and Feng, Qing and Balandat, Max},
  journal={arXiv preprint arXiv:2111.14911},
  year={2021}
}


@inproceedings{gardner2017discovering,
  title={Discovering and exploiting additive structure for Bayesian optimization},
  author={Gardner, Jacob and Guo, Chuan and Weinberger, Kilian and Garnett, Roman and Grosse, Roger},
  booktitle={Artificial Intelligence and Statistics},
  pages={1311--1319},
  year={2017},
  organization={PMLR}
}


@inproceedings{hernandez2017parallel,
  title={Parallel and distributed Thompson sampling for large-scale accelerated exploration of chemical space},
  author={Hern{\'a}ndez-Lobato, Jos{\'e} Miguel and Requeima, James and Pyzer-Knapp, Edward O and Aspuru-Guzik, Al{\'a}n},
  booktitle={International conference on machine learning},
  pages={1470--1479},
  year={2017},
  organization={PMLR}
}


@inproceedings{nayebi2019framework,
  title={A framework for Bayesian optimization in embedded subspaces},
  author={Nayebi, Amin and Munteanu, Alexander and Poloczek, Matthias},
  booktitle={International Conference on Machine Learning},
  pages={4752--4761},
  year={2019},
  organization={PMLR}
}


@article{wierstra2014natural,
  title={Natural evolution strategies},
  author={Wierstra, Daan and Schaul, Tom and Glasmachers, Tobias and Sun, Yi and Peters, Jan and Schmidhuber, J{\"u}rgen},
  journal={The Journal of Machine Learning Research},
  volume={15},
  number={1},
  pages={949--980},
  year={2014},
  publisher={JMLR. org}
}

@inproceedings{lyu2021black,
  title={Black-Box Optimizer with Stochastic Implicit Natural Gradient},
  author={Lyu, Yueming and Tsang, Ivor W},
  booktitle={Machine Learning and Knowledge Discovery in Databases. Research Track: European Conference, ECML PKDD 2021, Bilbao, Spain, September 13--17, 2021, Proceedings, Part III 21},
  pages={217--232},
  year={2021},
  organization={Springer}
}

@article{mirjalili2019genetic,
  title={Genetic algorithm},
  author={Mirjalili, Seyedali and Mirjalili, Seyedali},
  journal={Evolutionary Algorithms and Neural Networks: Theory and Applications},
  pages={43--55},
  year={2019},
  publisher={Springer}
}


@article{eriksson2019scalable,
  title={Scalable global optimization via local bayesian optimization},
  author={Eriksson, David and Pearce, Michael and Gardner, Jacob and Turner, Ryan D and Poloczek, Matthias},
  journal={Advances in neural information processing systems},
  volume={32},
  year={2019}
}


@article{muller2021local,
  title={Local policy search with Bayesian optimization},
  author={M{\"u}ller, Sarah and von Rohr, Alexander and Trimpe, Sebastian},
  journal={Advances in Neural Information Processing Systems},
  volume={34},
  pages={20708--20720},
  year={2021}
}


@article{nguyen2022local,
  title={Local Bayesian optimization via maximizing probability of descent},
  author={Nguyen, Quan and Wu, Kaiwen and Gardner, Jacob and Garnett, Roman},
  journal={Advances in neural information processing systems},
  volume={35},
  pages={13190--13202},
  year={2022}
}


@inproceedings{korobov1960properties,
  title={Properties and calculation of optimal coefficients},
  author={Korobov, Nikolai Mikhailovich},
  booktitle={Doklady Akademii Nauk},
  volume={132},
  number={5},
  pages={1009--1012},
  year={1960},
  organization={Russian Academy of Sciences}
}


@article{sloan2000multiple,
  title={Multiple integration is intractable but not hopeless},
  author={Sloan, Ian H},
  journal={The ANZIAM Journal},
  volume={42},
  number={1},
  pages={3--8},
  year={2000},
  publisher={Cambridge University Press}
}


@article{dick2013high,
  title={High-dimensional integration: the quasi-Monte Carlo way},
  author={Dick, Josef and Kuo, Frances Y and Sloan, Ian H},
  journal={Acta Numerica},
  volume={22},
  pages={133--288},
  year={2013},
  publisher={Cambridge University Press}
}


@article{sloan2002component,
  title={Component-by-component construction of good lattice rules},
  author={Sloan, I and Reztsov, A},
  journal={Mathematics of Computation},
  volume={71},
  number={237},
  pages={263--273},
  year={2002}
}


@article{lyu2020subgroup,
  title={Subgroup-based rank-1 lattice quasi-monte carlo},
  author={Lyu, Yueming and Yuan, Yuan and Tsang, Ivor},
  journal={Advances in Neural Information Processing Systems},
  volume={33},
  pages={6269--6280},
  year={2020}
}


@phdthesis{rechenberg1970optimierung,
  title={Optimierung technischer Systeme nach Prinzipien der biologischen Evolution},
  author={Rechenberg, Ingo and  M. Eigen},
  year={1973},
  journal={Frommann-Holzboog Stuttgart}
}


@book{dummit2004abstract,
  title={Abstract algebra},
  author={Dummit, David Steven and Foote, Richard M},
  volume={3},
  year={2004},
  publisher={Wiley Hoboken}
}


@book{williams2006gaussian,
  title={Gaussian processes for machine learning},
  author={Williams, Christopher KI and Rasmussen, Carl Edward},
  volume={2},
  number={3},
  year={2006},
  publisher={MIT press Cambridge, MA}
}


@inproceedings{socher2013recursive,
  title={Recursive deep models for semantic compositionality over a sentiment treebank},
  author={Socher, Richard and Perelygin, Alex and Wu, Jean and Chuang, Jason and Manning, Christopher D and Ng, Andrew Y and Potts, Christopher},
  booktitle={Proceedings of the 2013 conference on empirical methods in natural language processing},
  pages={1631--1642},
  year={2013}
}



@article{zhang2015character,
  title={Character-level convolutional networks for text classification},
  author={Zhang, Xiang and Zhao, Junbo and LeCun, Yann},
  journal={Advances in neural information processing systems},
  volume={28},
  year={2015}
}



@article{bowman2015large,
  title={A large annotated corpus for learning natural language inference},
  author={Bowman, Samuel R and Angeli, Gabor and Potts, Christopher and Manning, Christopher D},
  journal={Proceedings of the 2015 conference on empirical methods in natural language processing},
  year={2015}
}


@article{wang2018glue,
  title={GLUE: A multi-task benchmark and analysis platform for natural language understanding},
  author={Wang, Alex and Singh, Amanpreet and Michael, Julian and Hill, Felix and Levy, Omer and Bowman, Samuel R},
  journal={In 7th
International Conference on Learning Representations,
ICLR},
  year={2019}
}


@inproceedings{dolan2005automatically,
  title={Automatically constructing a corpus of sentential paraphrases},
  author={Dolan, Bill and Brockett, Chris},
  booktitle={Third International Workshop on Paraphrasing (IWP2005)},
  year={2005}
}

@article{liu2018zeroth,
  title={Zeroth-order stochastic variance reduction for nonconvex optimization},
  author={Liu, Sijia and Kailkhura, Bhavya and Chen, Pin-Yu and Ting, Paishun and Chang, Shiyu and Amini, Lisa},
  journal={Advances in Neural Information Processing Systems},
  volume={31},
  year={2018}
}

@inproceedings{wang2018stochastic,
  title={Stochastic zeroth-order optimization in high dimensions},
  author={Wang, Yining and Du, Simon and Balakrishnan, Sivaraman and Singh, Aarti},
  booktitle={International conference on artificial intelligence and statistics},
  pages={1356--1365},
  year={2018},
  organization={PMLR}
}

@article{audet2017derivative,
  title={Derivative-free and blackbox optimization},
  author={Audet, Charles and Hare, Warren},
  year={2017},
  publisher={Springer}
}


@article{alarie2021two,
  title={Two decades of blackbox optimization applications},
  author={Alarie, St{\'e}phane and Audet, Charles and Gheribi, A{\"\i}men E and Kokkolaras, Michael and Le Digabel, S{\'e}bastien},
  journal={EURO Journal on Computational Optimization},
  volume={9},
  pages={100011},
  year={2021},
  publisher={Elsevier}
}

@article{doerr2019theory,
  title={Theory of evolutionary computation: Recent developments in discrete optimization},
  author={Doerr, Benjamin and Neumann, Frank},
  year={2019},
  publisher={Springer Nature}
}




@inproceedings{radford2021learning,
  title={Learning transferable visual models from natural language supervision},
  author={Radford, Alec and Kim, Jong Wook and Hallacy, Chris and Ramesh, Aditya and Goh, Gabriel and Agarwal, Sandhini and Sastry, Girish and Askell, Amanda and Mishkin, Pamela and Clark, Jack and others},
  booktitle={International conference on machine learning},
  pages={8748--8763},
  year={2021},
  organization={PMLR}
}



@article{krishnamoorthy2023diffusion,
  title={Diffusion Models for Black-Box Optimization},
  author={Krishnamoorthy, Siddarth and Mashkaria, Satvik Mehul and Grover, Aditya},
  journal={arXiv preprint arXiv:2306.07180},
  year={2023}
}


@article{yuan2024reward,
  title={Reward-directed conditional diffusion: Provable distribution estimation and reward improvement},
  author={Yuan, Hui and Huang, Kaixuan and Ni, Chengzhuo and Chen, Minshuo and Wang, Mengdi},
  journal={Advances in Neural Information Processing Systems},
  volume={36},
  year={2024}
}

@inproceedings{wallace2024diffusion,
  title={Diffusion model alignment using direct preference optimization},
  author={Wallace, Bram and Dang, Meihua and Rafailov, Rafael and Zhou, Linqi and Lou, Aaron and Purushwalkam, Senthil and Ermon, Stefano and Xiong, Caiming and Joty, Shafiq and Naik, Nikhil},
  booktitle={Proceedings of the IEEE/CVF Conference on Computer Vision and Pattern Recognition},
  pages={8228--8238},
  year={2024}
}

@article{dhariwal2021diffusion,
  title={Diffusion models beat gans on image synthesis},
  author={Dhariwal, Prafulla and Nichol, Alexander},
  journal={Advances in neural information processing systems},
  volume={34},
  pages={8780--8794},
  year={2021}
}


@article{ho2022classifier,
  title={Classifier-free diffusion guidance},
  author={Ho, Jonathan and Salimans, Tim},
  journal={arXiv preprint arXiv:2207.12598},
  year={2022}
}

@article{kingma2021variational,
  title={Variational diffusion models},
  author={Kingma, Diederik and Salimans, Tim and Poole, Ben and Ho, Jonathan},
  journal={Advances in neural information processing systems},
  volume={34},
  pages={21696--21707},
  year={2021}
}

@article{guan20233d,
  title={3d equivariant diffusion for target-aware molecule generation and affinity prediction},
  author={Guan, Jiaqi and Qian, Wesley Wei and Peng, Xingang and Su, Yufeng and Peng, Jian and Ma, Jianzhu},
  journal={arXiv preprint arXiv:2303.03543},
  year={2023}
}

@article{vlassis2023denoising,
  title={Denoising diffusion algorithm for inverse design of microstructures with fine-tuned nonlinear material properties},
  author={Vlassis, Nikolaos N and Sun, WaiChing},
  journal={Computer Methods in Applied Mechanics and Engineering},
  volume={413},
  pages={116126},
  year={2023},
  publisher={Elsevier}
}

@article{giannone2023aligning,
  title={Aligning optimization trajectories with diffusion models for constrained design generation},
  author={Giannone, Giorgio and Srivastava, Akash and Winther, Ole and Ahmed, Faez},
  journal={Advances in Neural Information Processing Systems},
  volume={36},
  pages={51830--51861},
  year={2023}
}

@article{clark2023directly,
  title={Directly fine-tuning diffusion models on differentiable rewards},
  author={Clark, Kevin and Vicol, Paul and Swersky, Kevin and Fleet, David J},
  journal={arXiv preprint arXiv:2309.17400},
  year={2023}
}

@inproceedings{song2023loss,
  title={Loss-guided diffusion models for plug-and-play controllable generation},
  author={Song, Jiaming and Zhang, Qinsheng and Yin, Hongxu and Mardani, Morteza and Liu, Ming-Yu and Kautz, Jan and Chen, Yongxin and Vahdat, Arash},
  booktitle={International Conference on Machine Learning},
  pages={32483--32498},
  year={2023},
  organization={PMLR}
}

@article{prabhudesai2023aligning,
  title={Aligning text-to-image diffusion models with reward backpropagation},
  author={Prabhudesai, Mihir and Goyal, Anirudh and Pathak, Deepak and Fragkiadaki, Katerina},
  journal={arXiv preprint arXiv:2310.03739},
  year={2023}
}

@article{eberhardt2021autodock,
  title={AutoDock Vina 1.2. 0: New docking methods, expanded force field, and python bindings},
  author={Eberhardt, Jerome and Santos-Martins, Diogo and Tillack, Andreas F and Forli, Stefano},
  journal={Journal of chemical information and modeling},
  volume={61},
  number={8},
  pages={3891--3898},
  year={2021},
  publisher={ACS Publications}
}

@article{ho2020denoising,
  title={Denoising diffusion probabilistic models},
  author={Ho, Jonathan and Jain, Ajay and Abbeel, Pieter},
  journal={Advances in neural information processing systems},
  volume={33},
  pages={6840--6851},
  year={2020}
}

@inproceedings{nichol2021improved,
  title={Improved denoising diffusion probabilistic models},
  author={Nichol, Alexander Quinn and Dhariwal, Prafulla},
  booktitle={International conference on machine learning},
  pages={8162--8171},
  year={2021},
  organization={PMLR}
}

@article{ho2022video,
  title={Video diffusion models},
  author={Ho, Jonathan and Salimans, Tim and Gritsenko, Alexey and Chan, William and Norouzi, Mohammad and Fleet, David J},
  journal={Advances in Neural Information Processing Systems},
  volume={35},
  pages={8633--8646},
  year={2022}
}

@article{corso2022diffdock,
  title={Diffdock: Diffusion steps, twists, and turns for molecular docking},
  author={Corso, Gabriele and St{\"a}rk, Hannes and Jing, Bowen and Barzilay, Regina and Jaakkola, Tommi},
  journal={arXiv preprint arXiv:2210.01776},
  year={2022}
}

@misc{hansen2019pycma,
  author       = {Nikolaus Hansen and Youhei Akimoto and Petr Baudis},
  title        = {{CMA-ES/pycma} on {G}ithub},
  howpublished = {Zenodo, DOI:10.5281/zenodo.2559634},
  month        = feb,
  year         = 2019,
  doi          = {10.5281/zenodo.2559634},
  url          = {https://doi.org/10.5281/zenodo.2559634},
}

@article{francoeur2020three,
  title={Three-dimensional convolutional neural networks and a cross-docked data set for structure-based drug design},
  author={Francoeur, Paul G and Masuda, Tomohide and Sunseri, Jocelyn and Jia, Andrew and Iovanisci, Richard B and Snyder, Ian and Koes, David R},
  journal={Journal of chemical information and modeling},
  volume={60},
  number={9},
  pages={4200--4215},
  year={2020},
  publisher={ACS Publications}
}

@article{luo20213d,
  title={A 3D generative model for structure-based drug design},
  author={Luo, Shitong and Guan, Jiaqi and Ma, Jianzhu and Peng, Jian},
  journal={Advances in Neural Information Processing Systems},
  volume={34},
  pages={6229--6239},
  year={2021}
}

@article{hansen2001completely,
  title={Completely derandomized self-adaptation in evolution strategies},
  author={Hansen, Nikolaus and Ostermeier, Andreas},
  journal={Evolutionary computation},
  volume={9},
  number={2},
  pages={159--195},
  year={2001},
  publisher={MIT Press}
}



@inproceedings{feiyang2023adaptive,
  title={Adaptive Stochastic Gradient Algorithm for Black-box Multi-Objective Learning},
  author={YE, Feiyang  and Lyu, Yueming and Wang, Xuehao and Zhang, Yu and Tsang, Ivor},
  booktitle={The Twelfth International Conference on Learning Representations},
  year={2023}
}


@article{lyu2023fast,
  title={Fast Rank-1 Lattice Targeted Sampling for Black-box Optimization},
  author={Lyu, Yueming},
  journal={Advances in Neural Information Processing Systems},
  volume={36},
  year={2023}
}

@misc{rombach2021highresolution,
      title={High-Resolution Image Synthesis with Latent Diffusion Models}, 
      author={Robin Rombach and Andreas Blattmann and Dominik Lorenz and Patrick Esser and BjÃ¶rn Ommer},
      year={2021},
      eprint={2112.10752},
      archivePrefix={arXiv},
      primaryClass={cs.CV}
}

@software{ilharco_gabriel_2021_5143773,
  author       = {Ilharco, Gabriel and
                  Wortsman, Mitchell and
                  Wightman, Ross and
                  Gordon, Cade and
                  Carlini, Nicholas and
                  Taori, Rohan and
                  Dave, Achal and
                  Shankar, Vaishaal and
                  Namkoong, Hongseok and
                  Miller, John and
                  Hajishirzi, Hannaneh and
                  Farhadi, Ali and
                  Schmidt, Ludwig},
  title        = {OpenCLIP},
  month        = jul,
  year         = 2021,
  note         = {If you use this software, please cite it as below.},
  publisher    = {Zenodo},
  version      = {0.1},
  doi          = {10.5281/zenodo.5143773},
  url          = {https://doi.org/10.5281/zenodo.5143773}
}

@inproceedings{cherti2023reproducible,
  title={Reproducible scaling laws for contrastive language-image learning},
  author={Cherti, Mehdi and Beaumont, Romain and Wightman, Ross and Wortsman, Mitchell and Ilharco, Gabriel and Gordon, Cade and Schuhmann, Christoph and Schmidt, Ludwig and Jitsev, Jenia},
  booktitle={Proceedings of the IEEE/CVF Conference on Computer Vision and Pattern Recognition},
  pages={2818--2829},
  year={2023}
}

@inproceedings{Radford2021LearningTV,
  title={Learning Transferable Visual Models From Natural Language Supervision},
  author={Alec Radford and Jong Wook Kim and Chris Hallacy and A. Ramesh and Gabriel Goh and Sandhini Agarwal and Girish Sastry and Amanda Askell and Pamela Mishkin and Jack Clark and Gretchen Krueger and Ilya Sutskever},
  booktitle={ICML},
  year={2021}
}

@inproceedings{schuhmann2022laionb,
  title={{LAION}-5B: An open large-scale dataset for training next generation image-text models},
  author={Christoph Schuhmann and
          Romain Beaumont and
          Richard Vencu and
          Cade W Gordon and
          Ross Wightman and
          Mehdi Cherti and
          Theo Coombes and
          Aarush Katta and
          Clayton Mullis and
          Mitchell Wortsman and
          Patrick Schramowski and
          Srivatsa R Kundurthy and
          Katherine Crowson and
          Ludwig Schmidt and
          Robert Kaczmarczyk and
          Jenia Jitsev},
  booktitle={Thirty-sixth Conference on Neural Information Processing Systems Datasets and Benchmarks Track},
  year={2022},
  url={https://openreview.net/forum?id=M3Y74vmsMcY}
}


@article{seeger2004gaussian,
  title={Gaussian processes for machine learning},
  author={Seeger, Matthias},
  journal={International journal of neural systems},
  volume={14},
  number={02},
  pages={69--106},
  year={2004},
  publisher={World Scientific}
}

@article{li2024derivative,
  title={Derivative-Free Guidance in Continuous and Discrete Diffusion Models with Soft Value-Based Decoding},
  author={Li, Xiner and Zhao, Yulai and Wang, Chenyu and Scalia, Gabriele and Eraslan, Gokcen and Nair, Surag and Biancalani, Tommaso and Regev, Aviv and Levine, Sergey and Uehara, Masatoshi},
  journal={arXiv preprint arXiv:2408.08252},
  year={2024}
}

@inproceedings{lu2023contrastive,
  title={Contrastive energy prediction for exact energy-guided diffusion sampling in offline reinforcement learning},
  author={Lu, Cheng and Chen, Huayu and Chen, Jianfei and Su, Hang and Li, Chongxuan and Zhu, Jun},
  booktitle={International Conference on Machine Learning},
  pages={22825--22855},
  year={2023},
  organization={PMLR}
}

@article{hvarfner2024vanilla,
  title={Vanilla Bayesian Optimization Performs Great in High Dimension},
  author={Hvarfner, Carl and Hellsten, Erik Orm and Nardi, Luigi},
  journal={arXiv preprint arXiv:2402.02229},
  year={2024}
}

@article{he2023manifold,
  title={Manifold preserving guided diffusion},
  author={He, Yutong and Murata, Naoki and Lai, Chieh-Hsin and Takida, Yuhta and Uesaka, Toshimitsu and Kim, Dongjun and Liao, Wei-Hsiang and Mitsufuji, Yuki and Kolter, J Zico and Salakhutdinov, Ruslan and others},
  journal={arXiv preprint arXiv:2311.16424},
  year={2023}
}

@inproceedings{bansal2023universal,
  title={Universal guidance for diffusion models},
  author={Bansal, Arpit and Chu, Hong-Min and Schwarzschild, Avi and Sengupta, Soumyadip and Goldblum, Micah and Geiping, Jonas and Goldstein, Tom},
  booktitle={Proceedings of the IEEE/CVF Conference on Computer Vision and Pattern Recognition},
  pages={843--852},
  year={2023}
}

@article{chung2022diffusion,
  title={Diffusion posterior sampling for general noisy inverse problems},
  author={Chung, Hyungjin and Kim, Jeongsol and Mccann, Michael T and Klasky, Marc L and Ye, Jong Chul},
  journal={arXiv preprint arXiv:2209.14687},
  year={2022}
}



@article{chen2024overview,
  title={An overview of diffusion models: Applications, guided generation, statistical rates and optimization},
  author={Chen, Minshuo and Mei, Song and Fan, Jianqing and Wang, Mengdi},
  journal={arXiv preprint arXiv:2404.07771},
  year={2024}
}

@ARTICLE{10081412,
  author={Croitoru, Florinel-Alin and Hondru, Vlad and Ionescu, Radu Tudor and Shah, Mubarak},
  journal={IEEE Transactions on Pattern Analysis and Machine Intelligence}, 
  title={Diffusion Models in Vision: A Survey}, 
  year={2023},
  volume={45},
  number={9},
  pages={10850-10869},
  keywords={Computational modeling;Mathematical models;Noise reduction;Data models;Computer vision;Training;Task analysis;Denoising diffusion models;deep generative modeling;diffusion models;image generation;noise conditioned score networks;score-based models},
  doi={10.1109/TPAMI.2023.3261988}}

@article{podell2023sdxl,
  title={Sdxl: Improving latent diffusion models for high-resolution image synthesis},
  author={Podell, Dustin and English, Zion and Lacey, Kyle and Blattmann, Andreas and Dockhorn, Tim and M{\"u}ller, Jonas and Penna, Joe and Rombach, Robin},
  journal={arXiv preprint arXiv:2307.01952},
  year={2023}
}

@article{lin2024sdxl,
  title={Sdxl-lightning: Progressive adversarial diffusion distillation},
  author={Lin, Shanchuan and Wang, Anran and Yang, Xiao},
  journal={arXiv preprint arXiv:2402.13929},
  year={2024}
}

@article{reid2024gemini,
  title={Gemini 1.5: Unlocking multimodal understanding across millions of tokens of context},
  author={Reid, Machel and Savinov, Nikolay and Teplyashin, Denis and Lepikhin, Dmitry and Lillicrap, Timothy and Alayrac, Jean-baptiste and Soricut, Radu and Lazaridou, Angeliki and Firat, Orhan and Schrittwieser, Julian and others},
  journal={arXiv preprint arXiv:2403.05530},
  year={2024}
}





@article{david2020molecular,
  title={Molecular representations in AI-driven drug discovery: a review and practical guide},
  author={David, Laurianne and Thakkar, Amol and Mercado, Roc{\'\i}o and Engkvist, Ola},
  journal={Journal of Cheminformatics},
  volume={12},
  number={1},
  pages={56},
  year={2020},
  publisher={Springer}
}

@article{fan2024reinforcement,
  title={Reinforcement learning for fine-tuning text-to-image diffusion models},
  author={Fan, Ying and Watkins, Olivia and Du, Yuqing and Liu, Hao and Ryu, Moonkyung and Boutilier, Craig and Abbeel, Pieter and Ghavamzadeh, Mohammad and Lee, Kangwook and Lee, Kimin},
  journal={Advances in Neural Information Processing Systems},
  volume={36},
  year={2024}
}

@article{black2023training,
  title={Training diffusion models with reinforcement learning},
  author={Black, Kevin and Janner, Michael and Du, Yilun and Kostrikov, Ilya and Levine, Sergey},
  journal={arXiv preprint arXiv:2305.13301},
  year={2023}
}

@article{schulman2017equivalence,
  title={Equivalence between policy gradients and soft q-learning},
  author={Schulman, John and Chen, Xi and Abbeel, Pieter},
  journal={arXiv preprint arXiv:1704.06440},
  year={2017}
}

@inproceedings{yang2024using,
  title={Using human feedback to fine-tune diffusion models without any reward model},
  author={Yang, Kai and Tao, Jian and Lyu, Jiafei and Ge, Chunjiang and Chen, Jiaxin and Shen, Weihan and Zhu, Xiaolong and Li, Xiu},
  booktitle={Proceedings of the IEEE/CVF Conference on Computer Vision and Pattern Recognition},
  pages={8941--8951},
  year={2024}
}

@article{rafailov2024direct,
  title={Direct preference optimization: Your language model is secretly a reward model},
  author={Rafailov, Rafael and Sharma, Archit and Mitchell, Eric and Manning, Christopher D and Ermon, Stefano and Finn, Chelsea},
  journal={Advances in Neural Information Processing Systems},
  volume={36},
  year={2024}
}

@article{uehara2024understanding,
  title={Understanding reinforcement learning-based fine-tuning of diffusion models: A tutorial and review},
  author={Uehara, Masatoshi and Zhao, Yulai and Biancalani, Tommaso and Levine, Sergey},
  journal={arXiv preprint arXiv:2407.13734},
  year={2024}
}

@article{hu2021lora,
  title={Lora: Low-rank adaptation of large language models},
  author={Hu, Edward J and Shen, Yelong and Wallis, Phillip and Allen-Zhu, Zeyuan and Li, Yuanzhi and Wang, Shean and Wang, Lu and Chen, Weizhu},
  journal={arXiv preprint arXiv:2106.09685},
  year={2021}
}



@article{karras2022elucidating,
  title={Elucidating the design space of diffusion-based generative models},
  author={Karras, Tero and Aittala, Miika and Aila, Timo and Laine, Samuli},
  journal={Advances in neural information processing systems},
  volume={35},
  pages={26565--26577},
  year={2022}
}

@article{song2020denoising,
  title={Denoising diffusion implicit models},
  author={Song, Jiaming and Meng, Chenlin and Ermon, Stefano},
  journal={arXiv preprint arXiv:2010.02502},
  year={2020}
}

@article{tang2024tuning,
  title={Tuning-Free Alignment of Diffusion Models with Direct Noise Optimization},
  author={Tang, Zhiwei and Peng, Jiangweizhi and Tang, Jiasheng and Hong, Mingyi and Wang, Fan and Chang, Tsung-Hui},
  journal={arXiv preprint arXiv:2405.18881},
  year={2024}
}

@misc{demo_32,
  author = {Christoph Schuhmann},
  title = {Laion Aesthetics},
  year = {2022},
  month = aug,
  howpublished = {\url{https://laion.ai/blog/laion-aesthetics/}},
}

@article{lyu2024covariance,
  title={Covariance-Adaptive Sequential Black-box Optimization for Diffusion Targeted Generation},
  author={Lyu, Yueming and Tan, Kim Yong and Ong, Yew Soon and Tsang, Ivor W},
  journal={arXiv preprint arXiv:2406.00812},
  year={2024}
}