@incollection{Bengio+chapter2007,
author = {Bengio, Yoshua and LeCun, Yann},
booktitle = {Large Scale Kernel Machines},
publisher = {MIT Press},
title = {Scaling Learning Algorithms Towards {AI}},
year = {2007}
}

@article{Hinton06,
author = {Hinton, Geoffrey E. and Osindero, Simon and Teh, Yee Whye},
journal = {Neural Computation},
pages = {1527--1554},
title = {A Fast Learning Algorithm for Deep Belief Nets},
volume = {18},
year = {2006}
}

@book{goodfellow2016deep,
title={Deep learning},
author={Goodfellow, Ian and Bengio, Yoshua and Courville, Aaron and Bengio, Yoshua},
volume={1},
year={2016},
publisher={MIT Press}
}

@inproceedings{kang2018self,
 author = {Kang, Wang-Cheng and McAuley, Julian},
 booktitle = {2018 IEEE international conference on data mining (ICDM)},
 organization = {IEEE},
 pages = {197--206},
 title = {Self-attentive sequential recommendation},
 year = {2018}
}

@inproceedings{hou2023learning,
  title={Learning vector-quantized item representation for transferable sequential recommenders},
  author={Hou, Yupeng and He, Zhankui and McAuley, Julian and Zhao, Wayne Xin},
  booktitle={Proceedings of the ACM Web Conference 2023},
  pages={1162--1171},
  year={2023}
}

@inproceedings{wang2023missrec,
  title={MISSRec: Pre-training and transferring multi-modal interest-aware sequence representation for recommendation},
  author={Wang, Jinpeng and Zeng, Ziyun and Wang, Yunxiao and Wang, Yuting and Lu, Xingyu and Li, Tianxiang and Yuan, Jun and Zhang, Rui and Zheng, Hai-Tao and Xia, Shu-Tao},
  booktitle={Proceedings of the 31st ACM International Conference on Multimedia},
  pages={6548--6557},
  year={2023}
}

@article{geng2023vip5,
  title={Vip5: Towards multimodal foundation models for recommendation},
  author={Geng, Shijie and Tan, Juntao and Liu, Shuchang and Fu, Zuohui and Zhang, Yongfeng},
  journal={arXiv preprint arXiv:2305.14302},
  year={2023}
}

@inproceedings{vae,
  author       = {Diederik P. Kingma and
                  Max Welling},
  editor       = {Yoshua Bengio and
                  Yann LeCun},
  title        = {Auto-Encoding Variational Bayes},
  booktitle    = {2nd International Conference on Learning Representations, {ICLR} 2014,
                  Banff, AB, Canada, April 14-16, 2014, Conference Track Proceedings},
  year         = {2014},
  url          = {http://arxiv.org/abs/1312.6114},
}

@inproceedings{beta-vae,
  author       = {Irina Higgins and
                  Lo{\"{\i}}c Matthey and
                  Arka Pal and
                  Christopher P. Burgess and
                  Xavier Glorot and
                  Matthew M. Botvinick and
                  Shakir Mohamed and
                  Alexander Lerchner},
  title        = {beta-VAE: Learning Basic Visual Concepts with a Constrained Variational
                  Framework},
  booktitle    = {5th International Conference on Learning Representations, {ICLR} 2017,
                  Toulon, France, April 24-26, 2017, Conference Track Proceedings},
  publisher    = {OpenReview.net},
  year         = {2017},
  url          = {https://openreview.net/forum?id=Sy2fzU9gl},
}

@article{gan,
  author       = {Ian J. Goodfellow and
                  Jean Pouget{-}Abadie and
                  Mehdi Mirza and
                  Bing Xu and
                  David Warde{-}Farley and
                  Sherjil Ozair and
                  Aaron C. Courville and
                  Yoshua Bengio},
  title        = {Generative Adversarial Networks},
  journal      = {CoRR},
  volume       = {abs/1406.2661},
  year         = {2014},
  url          = {http://arxiv.org/abs/1406.2661},
  eprinttype    = {arXiv},
  eprint       = {1406.2661},
}

@article{llama,
  author       = {Hugo Touvron and
                  Thibaut Lavril and
                  Gautier Izacard and
                  Xavier Martinet and
                  Marie{-}Anne Lachaux and
                  Timoth{\'{e}}e Lacroix and
                  Baptiste Rozi{\`{e}}re and
                  Naman Goyal and
                  Eric Hambro and
                  Faisal Azhar and
                  Aur{\'{e}}lien Rodriguez and
                  Armand Joulin and
                  Edouard Grave and
                  Guillaume Lample},
  title        = {LLaMA: Open and Efficient Foundation Language Models},
  journal      = {CoRR},
  volume       = {abs/2302.13971},
  year         = {2023},
  url          = {https://doi.org/10.48550/arXiv.2302.13971},
  doi          = {10.48550/ARXIV.2302.13971},
  eprinttype    = {arXiv},
  eprint       = {2302.13971},
}

@inproceedings{ddpm,
  author       = {Jonathan Ho and
                  Ajay Jain and
                  Pieter Abbeel},
  editor       = {Hugo Larochelle and
                  Marc'Aurelio Ranzato and
                  Raia Hadsell and
                  Maria{-}Florina Balcan and
                  Hsuan{-}Tien Lin},
  title        = {Denoising Diffusion Probabilistic Models},
  booktitle    = {Advances in Neural Information Processing Systems 33: Annual Conference
                  on Neural Information Processing Systems 2020, NeurIPS 2020, December
                  6-12, 2020, virtual},
  year         = {2020},
  url          = {https://proceedings.neurips.cc/paper/2020/hash/4c5bcfec8584af0d967f1ab10179ca4b-Abstract.html},
}

@inproceedings{p5,
  author       = {Shijie Geng and
                  Shuchang Liu and
                  Zuohui Fu and
                  Yingqiang Ge and
                  Yongfeng Zhang},
  editor       = {Jennifer Golbeck and
                  F. Maxwell Harper and
                  Vanessa Murdock and
                  Michael D. Ekstrand and
                  Bracha Shapira and
                  Justin Basilico and
                  Keld T. Lundgaard and
                  Even Oldridge},
  title        = {Recommendation as Language Processing {(RLP):} {A} Unified Pretrain,
                  Personalized Prompt {\&} Predict Paradigm {(P5)}},
  booktitle    = {RecSys '22: Sixteenth {ACM} Conference on Recommender Systems, Seattle,
                  WA, USA, September 18 - 23, 2022},
  pages        = {299--315},
  publisher    = {{ACM}},
  year         = {2022},
  url          = {https://doi.org/10.1145/3523227.3546767},
  doi          = {10.1145/3523227.3546767},
}

@article{m6rec,
  author       = {Zeyu Cui and
                  Jianxin Ma and
                  Chang Zhou and
                  Jingren Zhou and
                  Hongxia Yang},
  title        = {M6-Rec: Generative Pretrained Language Models are Open-Ended Recommender
                  Systems},
  journal      = {CoRR},
  volume       = {abs/2205.08084},
  year         = {2022},
  url          = {https://doi.org/10.48550/arXiv.2205.08084},
  doi          = {10.48550/ARXIV.2205.08084},
  eprinttype    = {arXiv},
  eprint       = {2205.08084},
}

@inproceedings{pevae,
  author       = {Zefeng Cai and
                  Zerui Cai},
  editor       = {Enrique Amig{\'{o}} and
                  Pablo Castells and
                  Julio Gonzalo and
                  Ben Carterette and
                  J. Shane Culpepper and
                  Gabriella Kazai},
  title        = {{PEVAE:} {A} Hierarchical {VAE} for Personalized Explainable Recommendation},
  booktitle    = {{SIGIR} '22: The 45th International {ACM} {SIGIR} Conference on Research
                  and Development in Information Retrieval, Madrid, Spain, July 11 -
                  15, 2022},
  pages        = {692--702},
  publisher    = {{ACM}},
  year         = {2022},
  url          = {https://doi.org/10.1145/3477495.3532039},
  doi          = {10.1145/3477495.3532039},
}

@inproceedings{recvae,
  author       = {Ilya Shenbin and
                  Anton Alekseev and
                  Elena Tutubalina and
                  Valentin Malykh and
                  Sergey I. Nikolenko},
  editor       = {James Caverlee and
                  Xia (Ben) Hu and
                  Mounia Lalmas and
                  Wei Wang},
  title        = {RecVAE: {A} New Variational Autoencoder for Top-N Recommendations
                  with Implicit Feedback},
  booktitle    = {{WSDM} '20: The Thirteenth {ACM} International Conference on Web Search
                  and Data Mining, Houston, TX, USA, February 3-7, 2020},
  pages        = {528--536},
  publisher    = {{ACM}},
  year         = {2020},
  url          = {https://doi.org/10.1145/3336191.3371831},
  doi          = {10.1145/3336191.3371831},
}

@inproceedings{apr,
  author       = {Xiangnan He and
                  Zhankui He and
                  Xiaoyu Du and
                  Tat{-}Seng Chua},
  editor       = {Kevyn Collins{-}Thompson and
                  Qiaozhu Mei and
                  Brian D. Davison and
                  Yiqun Liu and
                  Emine Yilmaz},
  title        = {Adversarial Personalized Ranking for Recommendation},
  booktitle    = {The 41st International {ACM} {SIGIR} Conference on Research {\&}
                  Development in Information Retrieval, {SIGIR} 2018, Ann Arbor, MI,
                  USA, July 08-12, 2018},
  pages        = {355--364},
  publisher    = {{ACM}},
  year         = {2018},
  url          = {https://doi.org/10.1145/3209978.3209981},
  doi          = {10.1145/3209978.3209981},
}

@article{ipgan,
  author       = {Guibing Guo and
                  Huan Zhou and
                  Bowei Chen and
                  Zhirong Liu and
                  Xiao Xu and
                  Xu Chen and
                  Zhenhua Dong and
                  Xiuqiang He},
  title        = {{IPGAN:} Generating Informative Item Pairs by Adversarial Sampling},
  journal      = {{IEEE} Trans. Neural Networks Learn. Syst.},
  volume       = {33},
  number       = {2},
  pages        = {694--706},
  year         = {2022},
  url          = {https://doi.org/10.1109/TNNLS.2020.3028572},
  doi          = {10.1109/TNNLS.2020.3028572},
}

@inproceedings{dasp,
  author       = {Zhidan Wang and
                  Wenwen Ye and
                  Xu Chen and
                  Wenqiang Zhang and
                  Zhenlei Wang and
                  Lixin Zou and
                  Weidong Liu},
  editor       = {Fr{\'{e}}d{\'{e}}rique Laforest and
                  Rapha{\"{e}}l Troncy and
                  Elena Simperl and
                  Deepak Agarwal and
                  Aristides Gionis and
                  Ivan Herman and
                  Lionel M{\'{e}}dini},
  title        = {Generative Session-based Recommendation},
  booktitle    = {{WWW} '22: The {ACM} Web Conference 2022, Virtual Event, Lyon, France,
                  April 25 - 29, 2022},
  pages        = {2227--2235},
  publisher    = {{ACM}},
  year         = {2022},
  url          = {https://doi.org/10.1145/3485447.3512095},
  doi          = {10.1145/3485447.3512095},
}

@inproceedings{diffkg,
  author       = {Yangqin Jiang and
                  Yuhao Yang and
                  Lianghao Xia and
                  Chao Huang},
  editor       = {Luz Angelica Caudillo{-}Mata and
                  Silvio Lattanzi and
                  Andr{\'{e}}s Mu{\~{n}}oz Medina and
                  Leman Akoglu and
                  Aristides Gionis and
                  Sergei Vassilvitskii},
  title        = {DiffKG: Knowledge Graph Diffusion Model for Recommendation},
  booktitle    = {Proceedings of the 17th {ACM} International Conference on Web Search
                  and Data Mining, {WSDM} 2024, Merida, Mexico, March 4-8, 2024},
  pages        = {313--321},
  publisher    = {{ACM}},
  year         = {2024},
  url          = {https://doi.org/10.1145/3616855.3635850},
  doi          = {10.1145/3616855.3635850},
}

@inproceedings{diffrec,
  author       = {Wenjie Wang and
                  Yiyan Xu and
                  Fuli Feng and
                  Xinyu Lin and
                  Xiangnan He and
                  Tat{-}Seng Chua},
  editor       = {Hsin{-}Hsi Chen and
                  Wei{-}Jou (Edward) Duh and
                  Hen{-}Hsen Huang and
                  Makoto P. Kato and
                  Josiane Mothe and
                  Barbara Poblete},
  title        = {Diffusion Recommender Model},
  booktitle    = {Proceedings of the 46th International {ACM} {SIGIR} Conference on
                  Research and Development in Information Retrieval, {SIGIR} 2023, Taipei,
                  Taiwan, July 23-27, 2023},
  pages        = {832--841},
  publisher    = {{ACM}},
  year         = {2023},
  url          = {https://doi.org/10.1145/3539618.3591663},
  doi          = {10.1145/3539618.3591663},
}

@inproceedings{tallrec,
  author       = {Keqin Bao and
                  Jizhi Zhang and
                  Yang Zhang and
                  Wenjie Wang and
                  Fuli Feng and
                  Xiangnan He},
  editor       = {Jie Zhang and
                  Li Chen and
                  Shlomo Berkovsky and
                  Min Zhang and
                  Tommaso Di Noia and
                  Justin Basilico and
                  Luiz Pizzato and
                  Yang Song},
  title        = {TALLRec: An Effective and Efficient Tuning Framework to Align Large
                  Language Model with Recommendation},
  booktitle    = {Proceedings of the 17th {ACM} Conference on Recommender Systems, RecSys
                  2023, Singapore, Singapore, September 18-22, 2023},
  pages        = {1007--1014},
  publisher    = {{ACM}},
  year         = {2023},
  url          = {https://doi.org/10.1145/3604915.3608857},
  doi          = {10.1145/3604915.3608857},
}

@article{instructrec,
  author       = {Junjie Zhang and
                  Ruobing Xie and
                  Yupeng Hou and
                  Wayne Xin Zhao and
                  Leyu Lin and
                  Ji{-}Rong Wen},
  title        = {Recommendation as Instruction Following: {A} Large Language Model
                  Empowered Recommendation Approach},
  journal      = {CoRR},
  volume       = {abs/2305.07001},
  year         = {2023},
  url          = {https://doi.org/10.48550/arXiv.2305.07001},
  doi          = {10.48550/ARXIV.2305.07001},
  eprinttype    = {arXiv},
  eprint       = {2305.07001},
}

@inproceedings{unisrec,
  author       = {Yupeng Hou and
                  Shanlei Mu and
                  Wayne Xin Zhao and
                  Yaliang Li and
                  Bolin Ding and
                  Ji{-}Rong Wen},
  editor       = {Aidong Zhang and
                  Huzefa Rangwala},
  title        = {Towards Universal Sequence Representation Learning for Recommender
                  Systems},
  booktitle    = {{KDD} '22: The 28th {ACM} {SIGKDD} Conference on Knowledge Discovery
                  and Data Mining, Washington, DC, USA, August 14 - 18, 2022},
  pages        = {585--593},
  publisher    = {{ACM}},
  year         = {2022},
  url          = {https://doi.org/10.1145/3534678.3539381},
  doi          = {10.1145/3534678.3539381},
}

@article{seater,
  author       = {Zihua Si and
                  Zhongxiang Sun and
                  Jiale Chen and
                  Guozhang Chen and
                  Xiaoxue Zang and
                  Kai Zheng and
                  Yang Song and
                  Xiao Zhang and
                  Jun Xu},
  title        = {Generative Retrieval with Semantic Tree-Structured Item Identifiers
                  via Contrastive Learning},
  journal      = {CoRR},
  volume       = {abs/2309.13375},
  year         = {2023},
  url          = {https://doi.org/10.48550/arXiv.2309.13375},
  doi          = {10.48550/ARXIV.2309.13375},
  eprinttype    = {arXiv},
  eprint       = {2309.13375},
  timestamp    = {Wed, 27 Sep 2023 11:44:46 +0200},
  biburl       = {https://dblp.org/rec/journals/corr/abs-2309-13375.bib},
  bibsource    = {dblp computer science bibliography, https://dblp.org}
}

@inproceedings{sasrec,
  author       = {Wang{-}Cheng Kang and
                  Julian J. McAuley},
  title        = {Self-Attentive Sequential Recommendation},
  booktitle    = {{IEEE} International Conference on Data Mining, {ICDM} 2018, Singapore,
                  November 17-20, 2018},
  pages        = {197--206},
  publisher    = {{IEEE} Computer Society},
  year         = {2018},
  url          = {https://doi.org/10.1109/ICDM.2018.00035},
  doi          = {10.1109/ICDM.2018.00035},
  timestamp    = {Wed, 16 Oct 2019 14:14:51 +0200},
  biburl       = {https://dblp.org/rec/conf/icdm/KangM18.bib},
  bibsource    = {dblp computer science bibliography, https://dblp.org}
}

@inproceedings{p5id,
  author       = {Wenyue Hua and
                  Shuyuan Xu and
                  Yingqiang Ge and
                  Yongfeng Zhang},
  editor       = {Qingyao Ai and
                  Yiqin Liu and
                  Alistair Moffat and
                  Xuanjing Huang and
                  Tetsuya Sakai and
                  Justin Zobel},
  title        = {How to Index Item IDs for Recommendation Foundation Models},
  booktitle    = {Annual International {ACM} {SIGIR} Conference on Research and Development
                  in Information Retrieval in the Asia Pacific Region, {SIGIR-AP} 2023,
                  Beijing, China, November 26-28, 2023},
  pages        = {195--204},
  publisher    = {{ACM}},
  year         = {2023},
  url          = {https://doi.org/10.1145/3624918.3625339},
  doi          = {10.1145/3624918.3625339},
}

@article{colarec,
  author       = {Yidan Wang and
                  Zhaochun Ren and
                  Weiwei Sun and
                  Jiyuan Yang and
                  Zhixiang Liang and
                  Xin Chen and
                  Ruobing Xie and
                  Su Yan and
                  Xu Zhang and
                  Pengjie Ren and
                  Zhumin Chen and
                  Xin Xin},
  title        = {Enhanced Generative Recommendation via Content and Collaboration Integration},
  journal      = {CoRR},
  volume       = {abs/2403.18480},
  year         = {2024},
  url          = {https://doi.org/10.48550/arXiv.2403.18480},
  doi          = {10.48550/ARXIV.2403.18480},
  eprinttype    = {arXiv},
  eprint       = {2403.18480},
}

@inproceedings{tiger,
  author       = {Shashank Rajput and
                  Nikhil Mehta and
                  Anima Singh and
                  Raghunandan Hulikal Keshavan and
                  Trung Vu and
                  Lukasz Heldt and
                  Lichan Hong and
                  Yi Tay and
                  Vinh Q. Tran and
                  Jonah Samost and
                  Maciej Kula and
                  Ed H. Chi and
                  Mahesh Sathiamoorthy},
  editor       = {Alice Oh and
                  Tristan Naumann and
                  Amir Globerson and
                  Kate Saenko and
                  Moritz Hardt and
                  Sergey Levine},
  title        = {Recommender Systems with Generative Retrieval},
  booktitle    = {Advances in Neural Information Processing Systems 36: Annual Conference
                  on Neural Information Processing Systems 2023, NeurIPS 2023, New Orleans,
                  LA, USA, December 10 - 16, 2023},
  year         = {2023},
  url          = {http://papers.nips.cc/paper\_files/paper/2023/hash/20dcab0f14046a5c6b02b61da9f13229-Abstract-Conference.html},
}

@inproceedings{vbpr,
  author       = {Ruining He and
                  Julian J. McAuley},
  editor       = {Dale Schuurmans and
                  Michael P. Wellman},
  title        = {{VBPR:} Visual Bayesian Personalized Ranking from Implicit Feedback},
  booktitle    = {Proceedings of the Thirtieth {AAAI} Conference on Artificial Intelligence,
                  February 12-17, 2016, Phoenix, Arizona, {USA}},
  pages        = {144--150},
  publisher    = {{AAAI} Press},
  year         = {2016},
  url          = {https://doi.org/10.1609/aaai.v30i1.9973},
  doi          = {10.1609/AAAI.V30I1.9973},
}

@inproceedings{acf,
  author       = {Jingyuan Chen and
                  Hanwang Zhang and
                  Xiangnan He and
                  Liqiang Nie and
                  Wei Liu and
                  Tat{-}Seng Chua},
  editor       = {Noriko Kando and
                  Tetsuya Sakai and
                  Hideo Joho and
                  Hang Li and
                  Arjen P. de Vries and
                  Ryen W. White},
  title        = {Attentive Collaborative Filtering: Multimedia Recommendation with
                  Item- and Component-Level Attention},
  booktitle    = {Proceedings of the 40th International {ACM} {SIGIR} Conference on
                  Research and Development in Information Retrieval, Shinjuku, Tokyo,
                  Japan, August 7-11, 2017},
  pages        = {335--344},
  publisher    = {{ACM}},
  year         = {2017},
  url          = {https://doi.org/10.1145/3077136.3080797},
  doi          = {10.1145/3077136.3080797},
}

@inproceedings{mmgcn,
  author       = {Yinwei Wei and
                  Xiang Wang and
                  Liqiang Nie and
                  Xiangnan He and
                  Richang Hong and
                  Tat{-}Seng Chua},
  editor       = {Laurent Amsaleg and
                  Benoit Huet and
                  Martha A. Larson and
                  Guillaume Gravier and
                  Hayley Hung and
                  Chong{-}Wah Ngo and
                  Wei Tsang Ooi},
  title        = {{MMGCN:} Multi-modal Graph Convolution Network for Personalized Recommendation
                  of Micro-video},
  booktitle    = {Proceedings of the 27th {ACM} International Conference on Multimedia,
                  {MM} 2019, Nice, France, October 21-25, 2019},
  pages        = {1437--1445},
  publisher    = {{ACM}},
  year         = {2019},
  url          = {https://doi.org/10.1145/3343031.3351034},
  doi          = {10.1145/3343031.3351034},
}

@inproceedings{mkgat,
  author       = {Rui Sun and
                  Xuezhi Cao and
                  Yan Zhao and
                  Junchen Wan and
                  Kun Zhou and
                  Fuzheng Zhang and
                  Zhongyuan Wang and
                  Kai Zheng},
  editor       = {Mathieu d'Aquin and
                  Stefan Dietze and
                  Claudia Hauff and
                  Edward Curry and
                  Philippe Cudr{\'{e}}{-}Mauroux},
  title        = {Multi-modal Knowledge Graphs for Recommender Systems},
  booktitle    = {{CIKM} '20: The 29th {ACM} International Conference on Information
                  and Knowledge Management, Virtual Event, Ireland, October 19-23, 2020},
  pages        = {1405--1414},
  publisher    = {{ACM}},
  year         = {2020},
  url          = {https://doi.org/10.1145/3340531.3411947},
  doi          = {10.1145/3340531.3411947},
}

@inproceedings{grcn,
  author       = {Yinwei Wei and
                  Xiang Wang and
                  Liqiang Nie and
                  Xiangnan He and
                  Tat{-}Seng Chua},
  editor       = {Chang Wen Chen and
                  Rita Cucchiara and
                  Xian{-}Sheng Hua and
                  Guo{-}Jun Qi and
                  Elisa Ricci and
                  Zhengyou Zhang and
                  Roger Zimmermann},
  title        = {Graph-Refined Convolutional Network for Multimedia Recommendation
                  with Implicit Feedback},
  booktitle    = {{MM} '20: The 28th {ACM} International Conference on Multimedia, Virtual
                  Event / Seattle, WA, USA, October 12-16, 2020},
  pages        = {3541--3549},
  publisher    = {{ACM}},
  year         = {2020},
  url          = {https://doi.org/10.1145/3394171.3413556},
  doi          = {10.1145/3394171.3413556},
}

@inproceedings{lattice,
  author       = {Jinghao Zhang and
                  Yanqiao Zhu and
                  Qiang Liu and
                  Shu Wu and
                  Shuhui Wang and
                  Liang Wang},
  editor       = {Heng Tao Shen and
                  Yueting Zhuang and
                  John R. Smith and
                  Yang Yang and
                  Pablo C{\'{e}}sar and
                  Florian Metze and
                  Balakrishnan Prabhakaran},
  title        = {Mining Latent Structures for Multimedia Recommendation},
  booktitle    = {{MM} '21: {ACM} Multimedia Conference, Virtual Event, China, October
                  20 - 24, 2021},
  pages        = {3872--3880},
  publisher    = {{ACM}},
  year         = {2021},
  url          = {https://doi.org/10.1145/3474085.3475259},
  doi          = {10.1145/3474085.3475259},
}

@article{dualgnn,
  author       = {Qifan Wang and
                  Yinwei Wei and
                  Jianhua Yin and
                  Jianlong Wu and
                  Xuemeng Song and
                  Liqiang Nie},
  title        = {DualGNN: Dual Graph Neural Network for Multimedia Recommendation},
  journal      = {{IEEE} Trans. Multim.},
  volume       = {25},
  pages        = {1074--1084},
  year         = {2023},
  url          = {https://doi.org/10.1109/TMM.2021.3138298},
  doi          = {10.1109/TMM.2021.3138298},
}

@article{mvgae,
  author       = {Jing Yi and
                  Zhenzhong Chen},
  title        = {Multi-Modal Variational Graph Auto-Encoder for Recommendation Systems},
  journal      = {{IEEE} Trans. Multim.},
  volume       = {24},
  pages        = {1067--1079},
  year         = {2022},
  url          = {https://doi.org/10.1109/TMM.2021.3111487},
  doi          = {10.1109/TMM.2021.3111487},
}

@inproceedings{clip,
  author       = {Alec Radford and
                  Jong Wook Kim and
                  Chris Hallacy and
                  Aditya Ramesh and
                  Gabriel Goh and
                  Sandhini Agarwal and
                  Girish Sastry and
                  Amanda Askell and
                  Pamela Mishkin and
                  Jack Clark and
                  Gretchen Krueger and
                  Ilya Sutskever},
  editor       = {Marina Meila and
                  Tong Zhang},
  title        = {Learning Transferable Visual Models From Natural Language Supervision},
  booktitle    = {Proceedings of the 38th International Conference on Machine Learning,
                  {ICML} 2021, 18-24 July 2021, Virtual Event},
  series       = {Proceedings of Machine Learning Research},
  volume       = {139},
  pages        = {8748--8763},
  publisher    = {{PMLR}},
  year         = {2021},
  url          = {http://proceedings.mlr.press/v139/radford21a.html},
}

@inproceedings{gpt,
  author       = {Tom B. Brown and
                  Benjamin Mann and
                  Nick Ryder and
                  Melanie Subbiah and
                  Jared Kaplan and
                  Prafulla Dhariwal and
                  Arvind Neelakantan and
                  Pranav Shyam and
                  Girish Sastry and
                  Amanda Askell and
                  Sandhini Agarwal and
                  Ariel Herbert{-}Voss and
                  Gretchen Krueger and
                  Tom Henighan and
                  Rewon Child and
                  Aditya Ramesh and
                  Daniel M. Ziegler and
                  Jeffrey Wu and
                  Clemens Winter and
                  Christopher Hesse and
                  Mark Chen and
                  Eric Sigler and
                  Mateusz Litwin and
                  Scott Gray and
                  Benjamin Chess and
                  Jack Clark and
                  Christopher Berner and
                  Sam McCandlish and
                  Alec Radford and
                  Ilya Sutskever and
                  Dario Amodei},
  editor       = {Hugo Larochelle and
                  Marc'Aurelio Ranzato and
                  Raia Hadsell and
                  Maria{-}Florina Balcan and
                  Hsuan{-}Tien Lin},
  title        = {Language Models are Few-Shot Learners},
  booktitle    = {Advances in Neural Information Processing Systems 33: Annual Conference
                  on Neural Information Processing Systems 2020, NeurIPS 2020, December
                  6-12, 2020, virtual},
  year         = {2020},
  url          = {https://proceedings.neurips.cc/paper/2020/hash/1457c0d6bfcb4967418bfb8ac142f64a-Abstract.html},
}

@article{t5,
  author       = {Colin Raffel and
                  Noam Shazeer and
                  Adam Roberts and
                  Katherine Lee and
                  Sharan Narang and
                  Michael Matena and
                  Yanqi Zhou and
                  Wei Li and
                  Peter J. Liu},
  title        = {Exploring the Limits of Transfer Learning with a Unified Text-to-Text
                  Transformer},
  journal      = {J. Mach. Learn. Res.},
  volume       = {21},
  pages        = {140:1--140:67},
  year         = {2020},
  url          = {http://jmlr.org/papers/v21/20-074.html},
}

@inproceedings{chaves2022efficient,
  title={Efficient online learning to rank for sequential music recommendation},
  author={Chaves, Pedro Dalla Vecchia and Pereira, Bruno L and Santos, Rodrygo LT},
  booktitle={Proceedings of the ACM Web Conference 2022},
  pages={2442--2450},
  year={2022}
}

@inproceedings{covington2016deep,
  title={Deep neural networks for youtube recommendations},
  author={Covington, Paul and Adams, Jay and Sargin, Emre},
  booktitle={Proceedings of the 10th ACM conference on recommender systems},
  pages={191--198},
  year={2016}
}

@article{Sun2019BERT4RecSR,
  title={BERT4Rec: Sequential Recommendation with Bidirectional Encoder Representations from Transformer},
  author={Fei Sun and Jun Liu and Jian Wu and Changhua Pei and Xiao Lin and Wenwu Ou and Peng Jiang},
  journal={Proceedings of the 28th ACM International Conference on Information and Knowledge Management},
  year={2019}
}

@inproceedings{fdsa,
  title={Feature-level Deeper Self-Attention Network for Sequential Recommendation},
  author={Tingting Zhang and Pengpeng Zhao and Yanchi Liu and Victor S. Sheng and Jiajie Xu and Deqing Wang and Guanfeng Liu and Xiaofang Zhou},
  booktitle={International Joint Conference on Artificial Intelligence},
  year={2019}
}

@article{s3rec,
  title={S3-Rec: Self-Supervised Learning for Sequential Recommendation with Mutual Information Maximization},
  author={Kun Zhou and Haibo Wang and Wayne Xin Zhao and Yutao Zhu and Sirui Wang and Fuzheng Zhang and Zhongyuan Wang and Ji-rong Wen},
  journal={Proceedings of the 29th ACM International Conference on Information \& Knowledge Management},
  year={2020}
}

@article{hidasi2015session,
  title={Session-based recommendations with recurrent neural networks},
  author={Hidasi, Bal{\'a}zs and Karatzoglou, Alexandros and Baltrunas, Linas and Tikk, Domonkos},
  journal={arXiv preprint arXiv:1511.06939},
  year={2015}
}

@article{zhang2024ninerec,
  title={Ninerec: A benchmark dataset suite for evaluating transferable recommendation},
  author={Zhang, Jiaqi and Cheng, Yu and Ni, Yongxin and Pan, Yunzhu and Yuan, Zheng and Fu, Junchen and Li, Youhua and Wang, Jie and Yuan, Fajie},
  journal={IEEE Transactions on Pattern Analysis and Machine Intelligence},
  year={2024},
  publisher={IEEE}
}

@article{vqvae,
  title={Neural discrete representation learning},
  author={Van Den Oord, Aaron and Vinyals, Oriol and others},
  journal={Advances in neural information processing systems},
  volume={30},
  year={2017}
}

@article{rqvae,
  title={Soundstream: An end-to-end neural audio codec},
  author={Zeghidour, Neil and Luebs, Alejandro and Omran, Ahmed and Skoglund, Jan and Tagliasacchi, Marco},
  journal={IEEE/ACM Transactions on Audio, Speech, and Language Processing},
  volume={30},
  pages={495--507},
  year={2021},
  publisher={IEEE}
}


@inproceedings{ni2019justifying,
  title={Justifying recommendations using distantly-labeled reviews and fine-grained aspects},
  author={Ni, Jianmo and Li, Jiacheng and McAuley, Julian},
  booktitle={Proceedings of the 2019 conference on empirical methods in natural language processing and the 9th international joint conference on natural language processing (EMNLP-IJCNLP)},
  pages={188--197},
  year={2019}
}

@article{sun2023universal,
  title={Universal Multi-modal Multi-domain Pre-trained Recommendation},
  author={Sun, Wenqi and Xie, Ruobing and Bian, Shuqing and Zhao, Wayne Xin and Zhou, Jie},
  journal={arXiv preprint arXiv:2311.01831},
  year={2023}
}

@article{zheng2023adapting,
  title={Adapting large language models by integrating collaborative semantics for recommendation},
  author={Zheng, Bowen and Hou, Yupeng and Lu, Hongyu and Chen, Yu and Zhao, Wayne Xin and Wen, Ji-Rong},
  journal={arXiv preprint arXiv:2311.09049},
  year={2023}
}

@inproceedings{he2016deep,
  title={Deep residual learning for image recognition},
  author={He, Kaiming and Zhang, Xiangyu and Ren, Shaoqing and Sun, Jian},
  booktitle={Proceedings of the IEEE conference on computer vision and pattern recognition},
  pages={770--778},
  year={2016}
}

@article{devlin2018bert,
  title={Bert: Pre-training of deep bidirectional transformers for language understanding},
  author={Devlin, Jacob and Chang, Ming-Wei and Lee, Kenton and Toutanova, Kristina},
  journal={arXiv preprint arXiv:1810.04805},
  year={2018}
}

@inproceedings{adamw,
 author = {Ilya Loshchilov and
Frank Hutter},
 bibsource = {dblp computer science bibliography, https://dblp.org},
 biburl = {https://dblp.org/rec/conf/iclr/LoshchilovH19.bib},
 booktitle = {7th International Conference on Learning Representations, {ICLR} 2019,
New Orleans, LA, USA, May 6-9, 2019},
 publisher = {OpenReview.net},
 timestamp = {Thu, 25 Jul 2019 01:00:00 +0200},
 title = {Decoupled Weight Decay Regularization},
 url = {https://openreview.net/forum?id=Bkg6RiCqY7},
 year = {2019}
}

@inproceedings{fu2024iisan,
  title={IISAN: Efficiently adapting multimodal representation for sequential recommendation with decoupled PEFT},
  author={Fu, Junchen and Ge, Xuri and Xin, Xin and Karatzoglou, Alexandros and Arapakis, Ioannis and Wang, Jie and Jose, Joemon M},
  booktitle={Proceedings of the 47th International ACM SIGIR Conference on Research and Development in Information Retrieval},
  pages={687--697},
  year={2024}
}

@article{vit,
  title={An image is worth 16x16 words: Transformers for image recognition at scale},
  author={Dosovitskiy, Alexey and Beyer, Lucas and Kolesnikov, Alexander and Weissenborn, Dirk and Zhai, Xiaohua and Unterthiner, Thomas and Dehghani, Mostafa and Minderer, Matthias and Heigold, Georg and Gelly, Sylvain and others},
  journal={arXiv preprint arXiv:2010.11929},
  year={2020}
}

@article{lin2023multi,
  title={A multi-facet paradigm to bridge large language model and recommendation},
  author={Lin, Xinyu and Wang, Wenjie and Li, Yongqi and Feng, Fuli and Ng, See-Kiong and Chua, Tat-Seng},
  journal={arXiv preprint arXiv:2310.06491},
  year={2023}
}

@article{2020t5,
  author  = {Colin Raffel and Noam Shazeer and Adam Roberts and Katherine Lee and Sharan Narang and Michael Matena and Yanqi Zhou and Wei Li and Peter J. Liu},
  title   = {Exploring the Limits of Transfer Learning with a Unified Text-to-Text Transformer},
  journal = {Journal of Machine Learning Research},
  year    = {2020},
  volume  = {21},
  number  = {140},
  pages   = {1-67},
  url     = {http://jmlr.org/papers/v21/20-074.html}
}

@inproceedings{vip5,
  author       = {Shijie Geng and
                  Juntao Tan and
                  Shuchang Liu and
                  Zuohui Fu and
                  Yongfeng Zhang},
  editor       = {Houda Bouamor and
                  Juan Pino and
                  Kalika Bali},
  title        = {{VIP5:} Towards Multimodal Foundation Models for Recommendation},
  booktitle    = {Findings of the Association for Computational Linguistics: {EMNLP}
                  2023, Singapore, December 6-10, 2023},
  pages        = {9606--9620},
  publisher    = {Association for Computational Linguistics},
  year         = {2023},
  url          = {https://doi.org/10.18653/v1/2023.findings-emnlp.644},
  doi          = {10.18653/V1/2023.FINDINGS-EMNLP.644},
  timestamp    = {Fri, 12 Apr 2024 13:11:46 +0200},
  biburl       = {https://dblp.org/rec/conf/emnlp/GengT0FZ23.bib},
  bibsource    = {dblp computer science bibliography, https://dblp.org}
}

@article{mmgrec,
  title={MMGRec: Multimodal Generative Recommendation with Transformer Model},
  author={Liu, Han and Wei, Yinwei and Song, Xuemeng and Guan, Weili and Li, Yuan-Fang and Nie, Liqiang},
  journal={arXiv preprint arXiv:2404.16555},
  year={2024}
}
