@inproceedings{ames2014control,
  title={Control barrier function based quadratic programs with application to adaptive cruise control},
  author={Ames, Aaron D and Grizzle, Jessy W and Tabuada, Paulo},
  booktitle={53rd IEEE Conference on Decision and Control},
  pages={6271--6278},
  year={2014},
  organization={IEEE}
}

@article{ames2016control,
  title={Control barrier function based quadratic programs for safety critical systems},
  author={Ames, Aaron D and Xu, Xiangru and Grizzle, Jessy W and Tabuada, Paulo},
  journal={IEEE Transactions on Automatic Control},
  volume={62},
  number={8},
  pages={3861--3876},
  year={2016},
  publisher={IEEE}
}

@inproceedings{ames2019control,
  title={Control barrier functions: Theory and applications},
  author={Ames, Aaron D and Coogan, Samuel and Egerstedt, Magnus and Notomista, Gennaro and Sreenath, Koushil and Tabuada, Paulo},
  booktitle={2019 18th European control conference (ECC)},
  pages={3420--3431},
  year={2019},
  organization={IEEE}
}

@article{arjovsky2019invariant,
  title={Invariant risk minimization},
  author={Arjovsky, Martin and Bottou, L{\'e}on and Gulrajani, Ishaan and Lopez-Paz, David},
  journal={arXiv preprint arXiv:1907.02893},
  year={2019}
}

@inproceedings{charoenphakdee2021classification,
  title={Classification with rejection based on cost-sensitive classification},
  author={Charoenphakdee, Nontawat and Cui, Zhenghang and Zhang, Yivan and Sugiyama, Masashi},
  booktitle={International Conference on Machine Learning},
  pages={1507--1517},
  year={2021},
  organization={PMLR}
}

@inproceedings{cheng2019end,
  title={End-to-end safe reinforcement learning through barrier functions for safety-critical continuous control tasks},
  author={Cheng, Richard and Orosz, G{\'a}bor and Murray, Richard M and Burdick, Joel W},
  booktitle={Proceedings of the AAAI conference on artificial intelligence},
  volume={33},
  number={01},
  pages={3387--3395},
  year={2019}
}

@inproceedings{dawson2022safe,
  title={Safe nonlinear control using robust neural lyapunov-barrier functions},
  author={Dawson, Charles and Qin, Zengyi and Gao, Sicun and Fan, Chuchu},
  booktitle={Conference on Robot Learning},
  pages={1724--1735},
  year={2022},
  organization={PMLR}
}

@inproceedings{harary2022unsupervised,
  title={Unsupervised domain generalization by learning a bridge across domains},
  author={Harary, Sivan and Schwartz, Eli and Arbelle, Assaf and Staar, Peter and Abu-Hussein, Shady and Amrani, Elad and Herzig, Roei and Alfassy, Amit and Giryes, Raja and Kuehne, Hilde and others},
  booktitle={Proceedings of the IEEE/CVF Conference on Computer Vision and Pattern Recognition},
  pages={5280--5290},
  year={2022}
}

@article{lyapunov1992general,
  title={The general problem of the stability of motion},
  author={Lyapunov, Aleksandr Mikhailovich},
  journal={International journal of control},
  volume={55},
  number={3},
  pages={531--534},
  year={1992},
  publisher={Taylor \& Francis}
}

@inproceedings{mahajan2021domain,
  title={Domain generalization using causal matching},
  author={Mahajan, Divyat and Tople, Shruti and Sharma, Amit},
  booktitle={International conference on machine learning},
  pages={7313--7324},
  year={2021},
  organization={PMLR}
}

@article{marvi2021safe,
  title={Safe reinforcement learning: A control barrier function optimization approach},
  author={Marvi, Zahra and Kiumarsi, Bahare},
  journal={International Journal of Robust and Nonlinear Control},
  volume={31},
  number={6},
  pages={1923--1940},
  year={2021},
  publisher={Wiley Online Library}
}

@article{qin2021learning,
  title={Learning safe multi-agent control with decentralized neural barrier certificates},
  author={Qin, Zengyi and Zhang, Kaiqing and Chen, Yuxiao and Chen, Jingkai and Fan, Chuchu},
  journal={arXiv preprint arXiv:2101.05436},
  year={2021}
}

@inproceedings{robey2020learning,
  title={Learning control barrier functions from expert demonstrations},
  author={Robey, Alexander and Hu, Haimin and Lindemann, Lars and Zhang, Hanwen and Dimarogonas, Dimos V and Tu, Stephen and Matni, Nikolai},
  booktitle={2020 59th IEEE Conference on Decision and Control (CDC)},
  pages={3717--3724},
  year={2020},
  organization={IEEE}
}

@inproceedings{saveriano2019learning,
  title={Learning barrier functions for constrained motion planning with dynamical systems},
  author={Saveriano, Matteo and Lee, Dongheui},
  booktitle={2019 IEEE/RSJ International Conference on Intelligent Robots and Systems (IROS)},
  pages={112--119},
  year={2019},
  organization={IEEE}
}

@inproceedings{srinivasan2020synthesis,
  title={Synthesis of control barrier functions using a supervised machine learning approach},
  author={Srinivasan, Mohit and Dabholkar, Amogh and Coogan, Samuel and Vela, Patricio A},
  booktitle={2020 IEEE/RSJ International Conference on Intelligent Robots and Systems (IROS)},
  pages={7139--7145},
  year={2020},
  organization={IEEE}
}

@inproceedings{taylor2020learning,
  title={Learning for safety-critical control with control barrier functions},
  author={Taylor, Andrew and Singletary, Andrew and Yue, Yisong and Ames, Aaron},
  booktitle={Learning for Dynamics and Control},
  pages={708--717},
  year={2020},
  organization={PMLR}
}

@inproceedings{wang2018safe,
  title={Safe learning of quadrotor dynamics using barrier certificates},
  author={Wang, Li and Theodorou, Evangelos A and Egerstedt, Magnus},
  booktitle={2018 IEEE International Conference on Robotics and Automation (ICRA)},
  pages={2460--2465},
  year={2018},
  organization={IEEE}
}

@article{wu2022discovering,
  title={Discovering invariant rationales for graph neural networks},
  author={Wu, Ying-Xin and Wang, Xiang and Zhang, An and He, Xiangnan and Chua, Tat-Seng},
  journal={arXiv preprint arXiv:2201.12872},
  year={2022}
}

@article{yang2024generalized,
  title={Generalized out-of-distribution detection: A survey},
  author={Yang, Jingkang and Zhou, Kaiyang and Li, Yixuan and Liu, Ziwei},
  journal={International Journal of Computer Vision},
  pages={1--28},
  year={2024},
  publisher={Springer}
}

@inproceedings{yu2023learning,
  title={Learning control admissibility models with graph neural networks for multi-agent navigation},
  author={Yu, Chenning and Yu, Hongzhan and Gao, Sicun},
  booktitle={Conference on Robot Learning},
  pages={934--945},
  year={2023},
  organization={PMLR}
}

@inproceedings{yu2023sequential,
  title={Sequential Neural Barriers for Scalable Dynamic Obstacle Avoidance},
  author={Yu, Hongzhan and Hirayama, Chiaki and Yu, Chenning and Herbert, Sylvia and Gao, Sicun},
  booktitle={2023 IEEE/RSJ International Conference on Intelligent Robots and Systems (IROS)},
  pages={11241--11248},
  year={2023},
  organization={IEEE}
}

@inproceedings{yu2024rethinking,
  title={Rethinking the evaluation protocol of domain generalization},
  author={Yu, Han and Zhang, Xingxuan and Xu, Renzhe and Liu, Jiashuo and He, Yue and Cui, Peng},
  booktitle={Proceedings of the IEEE/CVF Conference on Computer Vision and Pattern Recognition},
  pages={21897--21908},
  year={2024}
}

@inproceedings{zhang2022towards,
  title={Towards unsupervised domain generalization},
  author={Zhang, Xingxuan and Zhou, Linjun and Xu, Renzhe and Cui, Peng and Shen, Zheyan and Liu, Haoxin},
  booktitle={Proceedings of the IEEE/CVF Conference on Computer Vision and Pattern Recognition},
  pages={4910--4920},
  year={2022}
}

@inproceedings{zhang2023neural,
  title={Neural graph control barrier functions guided distributed collision-avoidance multi-agent control},
  author={Zhang, Songyuan and Garg, Kunal and Fan, Chuchu},
  booktitle={Conference on Robot Learning},
  pages={2373--2392},
  year={2023},
  organization={PMLR}
}

@article{zhao2021learning,
  title={Learning safe neural network controllers with barrier certificates},
  author={Zhao, Hengjun and Zeng, Xia and Chen, Taolue and Liu, Zhiming and Woodcock, Jim},
  journal={Formal Aspects of Computing},
  volume={33},
  pages={437--455},
  year={2021},
  publisher={Springer}
}

