@inproceedings{ames2019control,
  title={Control barrier functions: Theory and applications},
  author={Ames, Aaron D and Coogan, Samuel and Egerstedt, Magnus and Notomista, Gennaro and Sreenath, Koushil and Tabuada, Paulo},
  booktitle={2019 18th European control conference (ECC)},
  pages={3420--3431},
  year={2019},
  organization={IEEE}
}

@article{lillicrap2015continuous,
  title={Continuous control with deep reinforcement learning},
  author={Lillicrap, Timothy P and Hunt, Jonathan J and Pritzel, Alexander and Heess, Nicolas and Erez, Tom and Tassa, Yuval and Silver, David and Wierstra, Daan},
  journal={arXiv preprint arXiv:1509.02971},
  year={2015}
}

@inproceedings{fujimoto2018addressing,
  title={Addressing function approximation error in actor-critic methods},
  author={Fujimoto, Scott and Hoof, Herke and Meger, David},
  booktitle={International conference on machine learning},
  pages={1587--1596},
  year={2018},
  organization={PMLR}
}

@inproceedings{charoenphakdee2021classification,
  title={Classification with rejection based on cost-sensitive classification},
  author={Charoenphakdee, Nontawat and Cui, Zhenghang and Zhang, Yivan and Sugiyama, Masashi},
  booktitle={International Conference on Machine Learning},
  pages={1507--1517},
  year={2021},
  organization={PMLR}
}

@article{wehenkel2019unconstrained,
  title={Unconstrained monotonic neural networks},
  author={Wehenkel, Antoine and Louppe, Gilles},
  journal={Advances in neural information processing systems},
  volume={32},
  year={2019}
}

@article{wieland2007constructive,
  title={Constructive safety using control barrier functions},
  author={Wieland, Peter and Allg{\"o}wer, Frank},
  journal={IFAC Proceedings Volumes},
  volume={40},
  number={12},
  pages={462--467},
  year={2007},
  publisher={Elsevier}
}

@article{tee2009barrier,
  title={Barrier Lyapunov functions for the control of output-constrained nonlinear systems},
  author={Tee, Keng Peng and Ge, Shuzhi Sam and Tay, Eng Hock},
  journal={Automatica},
  volume={45},
  number={4},
  pages={918--927},
  year={2009},
  publisher={Elsevier}
}

@inproceedings{saveriano2019learning,
  title={Learning barrier functions for constrained motion planning with dynamical systems},
  author={Saveriano, Matteo and Lee, Dongheui},
  booktitle={2019 IEEE/RSJ International Conference on Intelligent Robots and Systems (IROS)},
  pages={112--119},
  year={2019},
  organization={IEEE}
}

@inproceedings{srinivasan2020synthesis,
  title={Synthesis of control barrier functions using a supervised machine learning approach},
  author={Srinivasan, Mohit and Dabholkar, Amogh and Coogan, Samuel and Vela, Patricio A},
  booktitle={2020 IEEE/RSJ International Conference on Intelligent Robots and Systems (IROS)},
  pages={7139--7145},
  year={2020},
  organization={IEEE}
}

@inproceedings{taylor2020learning,
  title={Learning for safety-critical control with control barrier functions},
  author={Taylor, Andrew and Singletary, Andrew and Yue, Yisong and Ames, Aaron},
  booktitle={Learning for Dynamics and Control},
  pages={708--717},
  year={2020},
  organization={PMLR}
}

@inproceedings{wang2018safe,
  title={Safe learning of quadrotor dynamics using barrier certificates},
  author={Wang, Li and Theodorou, Evangelos A and Egerstedt, Magnus},
  booktitle={2018 IEEE International Conference on Robotics and Automation (ICRA)},
  pages={2460--2465},
  year={2018},
  organization={IEEE}
}

@article{qin2021learning,
  title={Learning safe multi-agent control with decentralized neural barrier certificates},
  author={Qin, Zengyi and Zhang, Kaiqing and Chen, Yuxiao and Chen, Jingkai and Fan, Chuchu},
  journal={arXiv preprint arXiv:2101.05436},
  year={2021}
}

@inproceedings{dawson2022safe,
  title={Safe nonlinear control using robust neural lyapunov-barrier functions},
  author={Dawson, Charles and Qin, Zengyi and Gao, Sicun and Fan, Chuchu},
  booktitle={Conference on Robot Learning},
  pages={1724--1735},
  year={2022},
  organization={PMLR}
}

@inproceedings{yu2023sequential,
  title={Sequential Neural Barriers for Scalable Dynamic Obstacle Avoidance},
  author={Yu, Hongzhan and Hirayama, Chiaki and Yu, Chenning and Herbert, Sylvia and Gao, Sicun},
  booktitle={2023 IEEE/RSJ International Conference on Intelligent Robots and Systems (IROS)},
  pages={11241--11248},
  year={2023},
  organization={IEEE}
}

@inproceedings{zhang2023neural,
  title={Neural graph control barrier functions guided distributed collision-avoidance multi-agent control},
  author={Zhang, Songyuan and Garg, Kunal and Fan, Chuchu},
  booktitle={Conference on Robot Learning},
  pages={2373--2392},
  year={2023},
  organization={PMLR}
}

@inproceedings{yu2023learning,
  title={Learning control admissibility models with graph neural networks for multi-agent navigation},
  author={Yu, Chenning and Yu, Hongzhan and Gao, Sicun},
  booktitle={Conference on Robot Learning},
  pages={934--945},
  year={2023},
  organization={PMLR}
}

@article{marvi2021safe,
  title={Safe reinforcement learning: A control barrier function optimization approach},
  author={Marvi, Zahra and Kiumarsi, Bahare},
  journal={International Journal of Robust and Nonlinear Control},
  volume={31},
  number={6},
  pages={1923--1940},
  year={2021},
  publisher={Wiley Online Library}
}

@inproceedings{cheng2019end,
  title={End-to-end safe reinforcement learning through barrier functions for safety-critical continuous control tasks},
  author={Cheng, Richard and Orosz, G{\'a}bor and Murray, Richard M and Burdick, Joel W},
  booktitle={Proceedings of the AAAI conference on artificial intelligence},
  volume={33},
  number={01},
  pages={3387--3395},
  year={2019}
}

@inproceedings{robey2020learning,
  title={Learning control barrier functions from expert demonstrations},
  author={Robey, Alexander and Hu, Haimin and Lindemann, Lars and Zhang, Hanwen and Dimarogonas, Dimos V and Tu, Stephen and Matni, Nikolai},
  booktitle={2020 59th IEEE Conference on Decision and Control (CDC)},
  pages={3717--3724},
  year={2020},
  organization={IEEE}
}

@article{zhao2021learning,
  title={Learning safe neural network controllers with barrier certificates},
  author={Zhao, Hengjun and Zeng, Xia and Chen, Taolue and Liu, Zhiming and Woodcock, Jim},
  journal={Formal Aspects of Computing},
  volume={33},
  pages={437--455},
  year={2021},
  publisher={Springer}
}

@inproceedings{jagtap2020control,
  title={Control barrier functions for unknown nonlinear systems using gaussian processes},
  author={Jagtap, Pushpak and Pappas, George J and Zamani, Majid},
  booktitle={2020 59th IEEE Conference on Decision and Control (CDC)},
  pages={3699--3704},
  year={2020},
  organization={IEEE}
}

@inproceedings{ames2014control,
  title={Control barrier function based quadratic programs with application to adaptive cruise control},
  author={Ames, Aaron D and Grizzle, Jessy W and Tabuada, Paulo},
  booktitle={53rd IEEE Conference on Decision and Control},
  pages={6271--6278},
  year={2014},
  organization={IEEE}
}

@article{ames2016control,
  title={Control barrier function based quadratic programs for safety critical systems},
  author={Ames, Aaron D and Xu, Xiangru and Grizzle, Jessy W and Tabuada, Paulo},
  journal={IEEE Transactions on Automatic Control},
  volume={62},
  number={8},
  pages={3861--3876},
  year={2016},
  publisher={IEEE}
}

@inproceedings{qin2022quantifying,
  title={Quantifying safety of learning-based self-driving control using almost-barrier functions},
  author={Qin, Zhizhen and Weng, Tsui-Wei and Gao, Sicun},
  booktitle={2022 IEEE/RSJ International Conference on Intelligent Robots and Systems (IROS)},
  pages={12903--12910},
  year={2022},
  organization={IEEE}
}

@article{tonkens2023patching,
  title={Patching Neural Barrier Functions Using Hamilton-Jacobi Reachability},
  author={Tonkens, Sander and Toofanian, Alex and Qin, Zhizhen and Gao, Sicun and Herbert, Sylvia},
  journal={arXiv preprint arXiv:2304.09850},
  year={2023}
}

@article{jing2021understanding,
  title={Understanding dimensional collapse in contrastive self-supervised learning},
  author={Jing, Li and Vincent, Pascal and LeCun, Yann and Tian, Yuandong},
  journal={arXiv preprint arXiv:2110.09348},
  year={2021}
}

@article{zhang2023exact,
  title={Exact Verification of ReLU Neural Control Barrier Functions},
  author={Zhang, Hongchao and Wu, Junlin and Vorobeychik, Yevgeniy and Clark, Andrew},
  journal={arXiv preprint arXiv:2310.09360},
  year={2023}
}

@article{mnih2015human,
  title={Human-level control through deep reinforcement learning},
  author={Mnih, Volodymyr and Kavukcuoglu, Koray and Silver, David and Rusu, Andrei A and Veness, Joel and Bellemare, Marc G and Graves, Alex and Riedmiller, Martin and Fidjeland, Andreas K and Ostrovski, Georg and others},
  journal={nature},
  volume={518},
  number={7540},
  pages={529--533},
  year={2015},
  publisher={Nature Publishing Group}
}

@article{kuutti2020survey,
  title={A survey of deep learning applications to autonomous vehicle control},
  author={Kuutti, Sampo and Bowden, Richard and Jin, Yaochu and Barber, Phil and Fallah, Saber},
  journal={IEEE Transactions on Intelligent Transportation Systems},
  volume={22},
  number={2},
  pages={712--733},
  year={2020},
  publisher={IEEE}
}

@article{hewing2020learning,
  title={Learning-based model predictive control: Toward safe learning in control},
  author={Hewing, Lukas and Wabersich, Kim P and Menner, Marcel and Zeilinger, Melanie N},
  journal={Annual Review of Control, Robotics, and Autonomous Systems},
  volume={3},
  pages={269--296},
  year={2020},
  publisher={Annual Reviews}
}

@article{yuan2023robot,
  title={Robot Synesthesia: In-Hand Manipulation with Visuotactile Sensing},
  author={Yuan, Ying and Che, Haichuan and Qin, Yuzhe and Huang, Binghao and Yin, Zhao-Heng and Lee, Kang-Won and Wu, Yi and Lim, Soo-Chul and Wang, Xiaolong},
  journal={arXiv preprint arXiv:2312.01853},
  year={2023}
}

@inproceedings{ze2023gnfactor,
  title={Gnfactor: Multi-task real robot learning with generalizable neural feature fields},
  author={Ze, Yanjie and Yan, Ge and Wu, Yueh-Hua and Macaluso, Annabella and Ge, Yuying and Ye, Jianglong and Hansen, Nicklas and Li, Li Erran and Wang, Xiaolong},
  booktitle={Conference on Robot Learning},
  pages={284--301},
  year={2023},
  organization={PMLR}
}

@article{liu2015reinforcement,
  title={Reinforcement-learning-based robust controller design for continuous-time uncertain nonlinear systems subject to input constraints},
  author={Liu, Derong and Yang, Xiong and Wang, Ding and Wei, Qinglai},
  journal={IEEE transactions on cybernetics},
  volume={45},
  number={7},
  pages={1372--1385},
  year={2015},
  publisher={IEEE}
}

@article{kabzan2019learning,
  title={Learning-based model predictive control for autonomous racing},
  author={Kabzan, Juraj and Hewing, Lukas and Liniger, Alexander and Zeilinger, Melanie N},
  journal={IEEE Robotics and Automation Letters},
  volume={4},
  number={4},
  pages={3363--3370},
  year={2019},
  publisher={IEEE}
}

@article{huang2020survey,
  title={A survey of safety and trustworthiness of deep neural networks: Verification, testing, adversarial attack and defence, and interpretability},
  author={Huang, Xiaowei and Kroening, Daniel and Ruan, Wenjie and Sharp, James and Sun, Youcheng and Thamo, Emese and Wu, Min and Yi, Xinping},
  journal={Computer Science Review},
  volume={37},
  pages={100270},
  year={2020},
  publisher={Elsevier}
}

@article{liu2021algorithms,
  title={Algorithms for verifying deep neural networks},
  author={Liu, Changliu and Arnon, Tomer and Lazarus, Christopher and Strong, Christopher and Barrett, Clark and Kochenderfer, Mykel J and others},
  journal={Foundations and Trends{\textregistered} in Optimization},
  volume={4},
  number={3-4},
  pages={244--404},
  year={2021},
  publisher={Now Publishers, Inc.}
}

@inproceedings{hendrycks2021many,
  title={The many faces of robustness: A critical analysis of out-of-distribution generalization},
  author={Hendrycks, Dan and Basart, Steven and Mu, Norman and Kadavath, Saurav and Wang, Frank and Dorundo, Evan and Desai, Rahul and Zhu, Tyler and Parajuli, Samyak and Guo, Mike and others},
  booktitle={Proceedings of the IEEE/CVF International Conference on Computer Vision},
  pages={8340--8349},
  year={2021}
}

@article{liu2021towards,
  title={Towards out-of-distribution generalization: A survey},
  author={Liu, Jiashuo and Shen, Zheyan and He, Yue and Zhang, Xingxuan and Xu, Renzhe and Yu, Han and Cui, Peng},
  journal={arXiv preprint arXiv:2108.13624},
  year={2021}
}

@article{lyapunov1992general,
  title={The general problem of the stability of motion},
  author={Lyapunov, Aleksandr Mikhailovich},
  journal={International journal of control},
  volume={55},
  number={3},
  pages={531--534},
  year={1992},
  publisher={Taylor \& Francis}
}

@article{mobayen2021adaptive,
  title={Adaptive continuous barrier function terminal sliding mode control technique for disturbed robotic manipulator},
  author={Mobayen, Saleh and Alattas, Khalid A and Assawinchaichote, Wudhichai},
  journal={IEEE Transactions on Circuits and Systems I: Regular Papers},
  volume={68},
  number={10},
  pages={4403--4412},
  year={2021},
  publisher={IEEE}
}

@inproceedings{xiao2019decentralized,
  title={Decentralized merging control in traffic networks: A control barrier function approach},
  author={Xiao, Wei and Belta, Calin and Cassandras, Christos G},
  booktitle={Proceedings of the 10th ACM/IEEE International Conference on Cyber-Physical Systems},
  pages={270--279},
  year={2019}
}

@article{levine2020offline,
  title={Offline reinforcement learning: Tutorial, review, and perspectives on open problems},
  author={Levine, Sergey and Kumar, Aviral and Tucker, George and Fu, Justin},
  journal={arXiv preprint arXiv:2005.01643},
  year={2020}
}

@article{singh2019many,
  title={How many ways can we define online learning? A systematic literature review of definitions of online learning (1988-2018)},
  author={Singh, Vandana and Thurman, Alexander},
  journal={American Journal of Distance Education},
  volume={33},
  number={4},
  pages={289--306},
  year={2019},
  publisher={Taylor \& Francis}
}

@article{hoi2021online,
  title={Online learning: A comprehensive survey},
  author={Hoi, Steven CH and Sahoo, Doyen and Lu, Jing and Zhao, Peilin},
  journal={Neurocomputing},
  volume={459},
  pages={249--289},
  year={2021},
  publisher={Elsevier}
}

@InProceedings{vslamComparison2021,
  title = {A Comparison of Modern General-Purpose Visual SLAM Approaches},
  author = {Merzlyakov, Alexey and Macenski, Steven},
  year = {2021},
  booktitle = {2021 IEEE/RSJ International Conference on Intelligent Robots and Systems (IROS)},
  pdf = {https://arxiv.org/abs/2107.07589}
}

@book{strongin2013global,
  title={Global optimization with non-convex constraints: Sequential and parallel algorithms},
  author={Strongin, Roman G and Sergeyev, Yaroslav D},
  volume={45},
  year={2013},
  publisher={Springer Science \& Business Media}
}

@article{chow1970optimum,
  title={On optimum recognition error and reject tradeoff},
  author={Chow, C},
  journal={IEEE Transactions on information theory},
  volume={16},
  number={1},
  pages={41--46},
  year={1970},
  publisher={IEEE}
}

@book{Khalil:1173048,
      author        = "Khalil, Hassan K",
      title         = "{Nonlinear systems; 3rd ed.}",
      publisher     = "Prentice-Hall",
      address       = "Upper Saddle River, NJ",
      year          = "2002",
      url           = "https://cds.cern.ch/record/1173048",
      note          = "The book can be consulted by contacting: PH-AID: Wallet,
                       Lionel",
}

@inproceedings{lim2022real2sim2real,
  title={Real2sim2real: Self-supervised learning of physical single-step dynamic actions for planar robot casting},
  author={Lim, Vincent and Huang, Huang and Chen, Lawrence Yunliang and Wang, Jonathan and Ichnowski, Jeffrey and Seita, Daniel and Laskey, Michael and Goldberg, Ken},
  booktitle={2022 International Conference on Robotics and Automation (ICRA)},
  pages={8282--8289},
  year={2022},
  organization={IEEE}
}

@inproceedings{haarnoja2018soft,
  title={Soft actor-critic: Off-policy maximum entropy deep reinforcement learning with a stochastic actor},
  author={Haarnoja, Tuomas and Zhou, Aurick and Abbeel, Pieter and Levine, Sergey},
  booktitle={International conference on machine learning},
  pages={1861--1870},
  year={2018},
  organization={PMLR}
}

@article{yang2024generalized,
  title={Generalized out-of-distribution detection: A survey},
  author={Yang, Jingkang and Zhou, Kaiyang and Li, Yixuan and Liu, Ziwei},
  journal={International Journal of Computer Vision},
  pages={1--28},
  year={2024},
  publisher={Springer}
}

@inproceedings{mahajan2021domain,
  title={Domain generalization using causal matching},
  author={Mahajan, Divyat and Tople, Shruti and Sharma, Amit},
  booktitle={International conference on machine learning},
  pages={7313--7324},
  year={2021},
  organization={PMLR}
}

@inproceedings{zhang2022towards,
  title={Towards unsupervised domain generalization},
  author={Zhang, Xingxuan and Zhou, Linjun and Xu, Renzhe and Cui, Peng and Shen, Zheyan and Liu, Haoxin},
  booktitle={Proceedings of the IEEE/CVF Conference on Computer Vision and Pattern Recognition},
  pages={4910--4920},
  year={2022}
}

@inproceedings{harary2022unsupervised,
  title={Unsupervised domain generalization by learning a bridge across domains},
  author={Harary, Sivan and Schwartz, Eli and Arbelle, Assaf and Staar, Peter and Abu-Hussein, Shady and Amrani, Elad and Herzig, Roei and Alfassy, Amit and Giryes, Raja and Kuehne, Hilde and others},
  booktitle={Proceedings of the IEEE/CVF Conference on Computer Vision and Pattern Recognition},
  pages={5280--5290},
  year={2022}
}

@article{zhao2020multi,
  title={Multi-source domain adaptation in the deep learning era: A systematic survey},
  author={Zhao, Sicheng and Li, Bo and Xu, Pengfei and Keutzer, Kurt},
  journal={arXiv preprint arXiv:2002.12169},
  year={2020}
}
@inproceedings{yu2024rethinking,
  title={Rethinking the evaluation protocol of domain generalization},
  author={Yu, Han and Zhang, Xingxuan and Xu, Renzhe and Liu, Jiashuo and He, Yue and Cui, Peng},
  booktitle={Proceedings of the IEEE/CVF Conference on Computer Vision and Pattern Recognition},
  pages={21897--21908},
  year={2024}
}

@article{arjovsky2019invariant,
  title={Invariant risk minimization},
  author={Arjovsky, Martin and Bottou, L{\'e}on and Gulrajani, Ishaan and Lopez-Paz, David},
  journal={arXiv preprint arXiv:1907.02893},
  year={2019}
}

@article{wu2022discovering,
  title={Discovering invariant rationales for graph neural networks},
  author={Wu, Ying-Xin and Wang, Xiang and Zhang, An and He, Xiangnan and Chua, Tat-Seng},
  journal={arXiv preprint arXiv:2201.12872},
  year={2022}
}

@inproceedings{sun2021learning,
  title={Learning certified control using contraction metric},
  author={Sun, Dawei and Jha, Susmit and Fan, Chuchu},
  booktitle={Conference on Robot Learning},
  pages={1519--1539},
  year={2021},
  organization={PMLR}
}

@article{xiao2023barriernet,
  title={Barriernet: Differentiable control barrier functions for learning of safe robot control},
  author={Xiao, Wei and Wang, Tsun-Hsuan and Hasani, Ramin and Chahine, Makram and Amini, Alexander and Li, Xiao and Rus, Daniela},
  journal={IEEE Transactions on Robotics},
  volume={39},
  number={3},
  pages={2289--2307},
  year={2023},
  publisher={IEEE}
}