@inproceedings{10.1609/aaai.v37i6.25847,
author = {Carmichael, Zachariah and Scheirer, Walter J.},
title = {Unfooling perturbation-based post hoc explainers},
booktitle={AAAI},
year = {2023},
pages={6925â€“6934}
}

@article{10430101,
  author={Tian, Jiapeng and Song, Hui and Sheng, Gehao and Jiang, Xiuchen},
  journal={{IEEE} Transactions on Instrumentation And Measurement}, 
  title={Subsystem Measurement-Based Condition Assessment for Power Transformers via Joint Inference of Data and Knowledge}, 
  year={2024},
  volume={73},
  number={},
  pages={1-12}
}

@inproceedings{Ghorbani332019, 
title={Interpretation of Neural Networks Is Fragile}, 
booktitle={AAAI}, 
author={Ghorbani, Amirata and Abid, Abubakar and Zou, James}, 
year={2019}, 
pages={3681-3688}
}

@inproceedings{Huai69352022, 
title={Towards Automating Model Explanations with Certified Robustness Guarantees}, 
booktitle={AAAI}, 
author={Huai, Mengdi and Liu, Jinduo and Miao, Chenglin and Yao, Liuyi and Zhang, Aidong}, 
year={2022}, 
pages={6935-6943}
}

@inproceedings{Sarkar20212532, 
title={Enhanced Regularizers for Attributional Robustness}, 
booktitle={AAAI}, 
author={Sarkar, Anindya and Sarkar, Anirban and N Balasubramanian, Vineeth}, 
year={2021}, 
pages={2532-2540}
}

@InProceedings{Wang2022CVPR10254,
author    = {Wang, Andong and Lee, Wei-Ning and Qi, Xiaojuan},
title     = {HINT: Hierarchical Neuron Concept Explainer},
    booktitle = {CVPR},
pages     = {10254-10264},
  year={2022}
}

@inproceedings{boopathy2020proper,
  title={Proper network interpretability helps adversarial robustness in classification},
  author={Boopathy, Akhilan and Liu, Sijia and Zhang, Gaoyuan and Liu, Cynthia and Chen, Pin-Yu and Chang, Shiyu and Daniel, Luca},
  pages={1014-1023},
  year={2020},
  booktitle = {ICML}
}

@inproceedings{chen2019robust,
  title={Robust attribution regularization},
  author={Chen, Jiefeng and Wu, Xi and Rastogi, Vaibhav and Liang, Yingyu and Jha, Somesh},
  booktitle={NeurIPS},
  year={2019},
  pages={14302-14312}
}

@article{dombrowski2022towards,
  title={Towards robust explanations for deep neural networks},
  author={Dombrowski, Ann-Kathrin and Anders, Christopher J and M{\"u}ller, Klaus-Robert and Kessel, Pan},
  journal={Pattern Recognition},
  volume={121},
  pages={108194},
  year={2022}
}

@inproceedings{gurel2021knowledge,
  title={Knowledge enhanced machine learning pipeline against diverse adversarial attacks},
  author={G{\"u}rel, Nezihe Merve and Qi, Xiangyu and Rimanic, Luka and Zhang, Ce and Li, Bo},
  booktitle={ICML},
  pages={3976-3987},
  year={2021}
}

@inproceedings{havasi2022addressing,
  title={Addressing leakage in concept bottleneck models},
  author={Havasi, Marton and Parbhoo, Sonali and Doshi-Velez, Finale},
  booktitle={NeurIPS},
  pages={23386-23397},
year = {2022}
}

@inproceedings{kamath2024rethinking,
  title={Rethinking Robustness of Model Attributions},
  author={Kamath, Sandesh and Mittal, Sankalp and Deshpande, Amit and Balasubramanian, Vineeth N},
  booktitle={AAAI},
  pages={2688-2696},
  year={2024}
}

@inproceedings{koh2020concept,
  title={Concept bottleneck models},
  author={Koh, Pang Wei and Nguyen, Thao and Tang, Yew Siang and Mussmann, Stephen and Pierson, Emma and Kim, Been and Liang, Percy},
  booktitle={ICML},
  pages={5338-5348},
  year={2020}
}

@inproceedings{lakkaraju2020robust,
  title={Robust and stable black box explanations},
  author={Lakkaraju, Himabindu and Arsov, Nino and Bastani, Osbert},
  pages={5628-5638},
  year={2020},
  booktitle = {ICML}
}

@InProceedings{pmlr-v119-chalasani20a,
  title = {Concise Explanations of Neural Networks using Adversarial Training},
  author = {Chalasani, Prasad and Chen, Jiefeng and Chowdhury, Amrita Roy and Wu, Xi and Jha, Somesh},
  booktitle = {ICML},
  pages = 	 {1383-1391},
  year = 	 {2020}
}

@inproceedings{sinha2023understanding,
  title={Understanding and enhancing robustness of concept-based models},
  author={Sinha, Sanchit and Huai, Mengdi and Sun, Jianhui and Zhang, Aidong},
  booktitle={AAAI},
  pages={15127-15135},
  year={2023}
}

@inproceedings{tan2023robust,
  title={Robust explanation for free or at the cost of faithfulness},
  author={Tan, Zeren and Tian, Yang},
  booktitle = {ICML},
  pages={33534-33562},
  year={2023}
}

@inproceedings{yang2022improving,
  title={Improving certified robustness via statistical learning with logical reasoning},
  author={Yang, Zhuolin and Zhao, Zhikuan and Wang, Boxin and Zhang, Jiawei and Li, Linyi and Pei, Hengzhi and Karla{\v{s}}, Bojan and Liu, Ji and Guo, Heng and Zhang, Ce and others},
  booktitle={NeurIPS},
  pages={34859-34873},
  year={2022}
}

@inproceedings{zhan2022towards,
  title={Geoda: A geometric framework for black-box adversarial attacks},
  author={Rahmati, Ali and Moosavi-Dezfooli, Seyed-Mohsen and Frossard, Pascal and Dai, Huaiyu},
  booktitle={CVPR},
  pages={8446-8455},
  year={2020}
}

