@article{DBLP:journals/tnn/PengTYBLA24,
  author= {Ciyuan Peng and
                  Tao Tang and
                  Qiuyang Yin and
                  Xiaomei Bai and
                  Suryani Lim and
                  Charu C. Aggarwal},
  title= {Physics-Informed Explainable Continual Learning on Graphs},
  journal= {{IEEE} Transactions on Neural Networks and Learning Systems},
  volume= {35},
  number= {9},
  pages= {11761--11772},
  year= {2024}
}

@inproceedings{luo2024fairgt,
  title={Fair{GT}: A Fairness-aware Graph Transformer},
  author={Luo, Renqiang and Huang, Huafei and Yu, Shuo and Zhang, Xiuzhen and Xia, Feng},
  booktitle={IJCAI},
  year={2024}
}

@inproceedings{luo2024fugnn,
  title={{FUGNN}: Harmonizing Fairness and Utility Graph Neural Networks},
  author={Luo, Renqiang and Huang, Huafei and Yu, Shuo and Han, Zhuoyang and He, Estrid and Zhang, Xiuzhen and Xia, Feng},
  booktitle={KDD},
  year={2024}
}

@inproceedings{sinha2023understanding,
  title={Understanding and enhancing robustness of concept-based models},
  author={Sinha, Sanchit and Huai, Mengdi and Sun, Jianhui and Zhang, Aidong},
  booktitle={AAAI},
  pages={15127-15135},
  year={2023}
}

@inproceedings{koh2020concept,
  title={Concept bottleneck models},
  author={Koh, Pang Wei and Nguyen, Thao and Tang, Yew Siang and Mussmann, Stephen and Pierson, Emma and Kim, Been and Liang, Percy},
  booktitle={ICML},
  pages={5338-5348},
  year={2020}
}

@article{melacci2021domain,
  title={Domain knowledge alleviates adversarial attacks in multi-label classifiers},
  author={Melacci, Stefano and Ciravegna, Gabriele and Sotgiu, Angelo and Demontis, Ambra and Biggio, Battista and Gori, Marco and Roli, Fabio},
  journal={IEEE Transactions on Pattern Analysis and Machine Intelligence},
  volume={44},
  number={12},
  pages={9944-9959},
  year={2021}
}

@inproceedings{yin2021exploiting,
  title={Exploiting multi-object relationships for detecting adversarial attacks in complex scenes},
  author={Yin, Mingjun and Li, Shasha and Cai, Zikui and Song, Chengyu and Asif, M Salman and Roy-Chowdhury, Amit K and Krishnamurthy, Srikanth V},
  booktitle={CVPR},
  pages={7858-7867},
  year={2021}
}

@inproceedings{manhaeve2018deepproblog,
  title={Deepproblog: Neural probabilistic logic programming},
  author={Manhaeve, Robin and Dumancic, Sebastijan and Kimmig, Angelika and Demeester, Thomas and De Raedt, Luc},
  booktitle={NeurIPS},
  volume={31},
  pages={1-24},
  year={2018}
}

@inproceedings{patel2022modeling,
  title={Modeling label space interactions in multi-label classification using box embeddings},
  author={Patel, Dhruvesh and Dangati, Pavitra and Lee, Jay-Yoon and Boratko, Michael and McCallum, Andrew},
  booktitle={ICLR},
  pages={1-21},
  year={2022}
}

@inproceedings{giunchiglia2020coherent,
  title={Coherent hierarchical multi-label classification networks},
  author={Giunchiglia, Eleonora and Lukasiewicz, Thomas},
  booktitle={NeurIPS},
  volume={33},
  pages={9662-9673},
  year={2020}
}

@article{ciravegna2023logic,
  title={Logic explained networks},
  author={Ciravegna, Gabriele and Barbiero, Pietro and Giannini, Francesco and Gori, Marco and Li{\'o}, Pietro and Maggini, Marco and Melacci, Stefano},
  journal={Artificial Intelligence},
  volume={314},
  pages={103822},
  year={2023}
}

@inproceedings{havasi2022addressing,
  title={Addressing leakage in concept bottleneck models},
  author={Havasi, Marton and Parbhoo, Sonali and Doshi-Velez, Finale},
  booktitle={NeurIPS},
  pages={23386-23397},
year = {2022}
}

@inproceedings{Ghorbani332019, 
title={Interpretation of Neural Networks Is Fragile}, 
booktitle={AAAI}, 
author={Ghorbani, Amirata and Abid, Abubakar and Zou, James}, 
year={2019}, 
pages={3681-3688}
}

@inproceedings{Sarkar20212532, 
title={Enhanced Regularizers for Attributional Robustness}, 
booktitle={AAAI}, 
author={Sarkar, Anindya and Sarkar, Anirban and N Balasubramanian, Vineeth}, 
year={2021}, 
pages={2532-2540}
}

@inproceedings{Huai69352022, 
title={Towards Automating Model Explanations with Certified Robustness Guarantees}, 
booktitle={AAAI}, 
author={Huai, Mengdi and Liu, Jinduo and Miao, Chenglin and Yao, Liuyi and Zhang, Aidong}, 
year={2022}, 
pages={6935-6943}
}

@InProceedings{Kim26682018,
  title = 	 {Interpretability Beyond Feature Attribution: Quantitative Testing with Concept Activation Vectors ({TCAV})},
  author =       {Kim, Been and Wattenberg, Martin and Gilmer, Justin and Cai, Carrie and Wexler, James and Viegas, Fernanda and sayres, Rory},
 booktitle = {ICML},
 pages = 	 {2668-2677},
  year = 	 {2018}
}

@InProceedings{Wu2020CVPR,
title={Towards global explanations of convolutional neural networks with concept attribution},
author={Wu, Weibin and Su, Yuxin and Chen, Xixian and Zhao, Shenglin and King, Irwin and Lyu, Michael R and Tai, Yu-Wing},
    booktitle = {CVPR},
pages={8652-8661},
year={2020}

}

@inproceedings{ijcai2023p732,
  title     = {Even If Explanations: Prior Work, Desiderata & Benchmarks for Semi-Factual XAI},
  author    = {Aryal, Saugat and Keane, Mark T.},
  booktitle = {IJCAI},
  pages     = {6526-6535},
  year      = {2023}
}

@ARTICLE{9346000,
  author={Chen, Jianyu and Li, Shengbo Eben and Tomizuka, Masayoshi},
  journal={{IEEE} Transactions On Intelligent Transportation Systems}, 
  title={Interpretable End-to-End Urban Autonomous Driving With Latent Deep Reinforcement Learning}, 
  year={2022},
  volume={23},
  number={6},
  pages={5068-5078}}

@InProceedings{Wang2022CVPR10254,
author    = {Wang, Andong and Lee, Wei-Ning and Qi, Xiaojuan},
title     = {HINT: Hierarchical Neuron Concept Explainer},
    booktitle = {CVPR},
pages     = {10254-10264},
  year={2022}
}

@Article{Chen20202522,
author={Chen, Zhi and Bei, Yijie and Rudin, Cynthia},
title={Concept whitening for interpretable image recognition},
journal={Nature Machine Intelligence},
year={2020},
volume={2},
number={12},
pages={772-782},
}

@INPROCEEDINGS{dai2023hierarchical,
  author={Boddam, Megana and Kim, Wooyoung},
  booktitle={BIBM}, 
  title={Interpretable Deep Learning Models With Concept Whitening Layers}, 
  year={2023},
  pages={1824-1827}
}

@ARTICLE{Yao9904301,
  author={Yao, Liuyi and Li, Yaliang and Li, Sheng and Liu, Jinduo and Huai, Mengdi and Zhang, Aidong and Gao, Jing},
  journal={{IEEE} Transactions on Knowledge And Data Engineering}, 
  title={Concept-Level Model Interpretation From the Causal Aspect}, 
  year={2023},
  volume={35},
  number={9},
  pages={8799-8810}}


@InProceedings{Koh53382020,
  title = {Concept Bottleneck Models},
  author = {Koh, Pang Wei and Nguyen, Thao and Tang, Yew Siang and Mussmann, Stephen and Pierson, Emma and Kim, Been and Liang, Percy},
booktitle = {ICML},
  pages = {5338-5348},
  year={2020}
}

@inproceedings{oikarinen2023labelfree,
      title={Label-Free Concept Bottleneck Models}, 
      author={Tuomas Oikarinen and Subhro Das and Lam M. Nguyen and Tsui-Wei Weng},
year={2023},
booktitle={ICLR},
  pages = {1-32}
}

@inproceedings{yuksekgonul2023posthoc,
title={Post-hoc Concept Bottleneck Models}, 
author={Mert Yuksekgonul and Maggie Wang and James Zou},
year={2023},
booktitle={ICLR},
  pages = {1-20}
}

@InProceedings{Sarkar202210286,
  title={A framework for learning ante-hoc explainable models via concepts},
  author={Sarkar, Anirban and Vijaykeerthy, Deepak and Sarkar, Anindya and Balasubramanian, Vineeth N},
    booktitle = {CVPR},
  pages={10286-10295},
  year={2022}
}

@InProceedings{Chauhan59482023, 
title={Interactive Concept Bottleneck Models}, 
booktitle={AAAI}, 
author={Chauhan, Kushal and Tiwari, Rishabh and Freyberg, Jan and Shenoy, Pradeep and Dvijotham, Krishnamurthy}, 
year = {2023},
pages={5948-5955}

}

@inproceedings{Havasi2022944ecf65,
 author = {Havasi, Marton and Parbhoo, Sonali and Doshi-Velez, Finale},
  booktitle={NeurIPS},
 pages = {23386-23397},
 title = {Addressing Leakage in Concept Bottleneck Models},
year = {2022}
}

@inproceedings{kim2023probabilistic,
title={Probabilistic Concept Bottleneck Models}, 
author={Kim, Eunji and Jung, Dahuin and Park, Sangha and Kim, Siwon and Yoon, Sungroh},
pages = {16521–16540},
booktitle = {ICML},
year={2023}
}

@inproceedings{Marconato202285b2ff75,
author = {Marconato, Emanuele and Passerini, Andrea and Teso, Stefano},
  booktitle={NeurIPS},
pages = {21212-21227},
title = {GlanceNets: Interpretable, Leak-proof Concept-based Models},
year = {2022}
}

@inproceedings{Gamlathf24ad6f7,
 author = {Gamlath, Buddhima and Jia, Xinrui and Polak, Adam and Svensson, Ola},
  booktitle={NeurIPS},
 pages = {28929-28939},
 title = {Nearly-Tight and Oblivious Algorithms for Explainable Clustering},
 year = {2021}
}

@inproceedings{zhan2022towards,
  title={Geoda: A geometric framework for black-box adversarial attacks},
  author={Rahmati, Ali and Moosavi-Dezfooli, Seyed-Mohsen and Frossard, Pascal and Dai, Huaiyu},
  booktitle={CVPR},
  pages={8446-8455},
  year={2020}
}

@article{virgolin2023robustness,
  title={On the robustness of sparse counterfactual explanations to adverse perturbations},
  author={Virgolin, Marco and Fracaros, Saverio},
  journal={Artificial Intelligence},
  volume={316},
  pages={103840},
  year={2023}
}

@article{fokkema2023attribution,
  title={Attribution-based explanations that provide recourse cannot be robust},
  author={Fokkema, Hidde and de Heide, Rianne and van Erven, Tim},
  journal={Journal of Machine Learning Research},
  volume={24},
  number={360},
  pages={1-37},
  year={2023}
}

@inproceedings{10.1609/aaai.v37i6.25847,
author = {Carmichael, Zachariah and Scheirer, Walter J.},
title = {Unfooling perturbation-based post hoc explainers},
booktitle={AAAI},
year = {2023},
pages={6925–6934}
}

%%update 20240212!!!!!!!!!!!!!!!!!!!!!!!!!!!!!!!!!!!!!!!!!!!!!!!!!!!!!!!!!!!!!!!!!!!!!!!!!!!!!!!!!!!!!!!!!!!!!!!!!!!!!!!!!!!!!!!!!!!!!!!!!!!!!!!!!!!!!!!!!!!!!!!!!!!!!!!!!!!!

@article{baniecki2024adversarial,
  title={Adversarial attacks and defenses in explainable artificial intelligence: A survey},
  author={Baniecki, Hubert and Biecek, Przemyslaw},
  journal={Information Fusion},
  volume={107},
  pages={102303},
  year={2024}
}

@inproceedings{geiger2022inducing,
  title={Inducing causal structure for interpretable neural networks},
  author={Geiger, Atticus and Wu, Zhengxuan and Lu, Hanson and Rozner, Josh and Kreiss, Elisa and Icard, Thomas and Goodman, Noah and Potts, Christopher},
  booktitle = {ICML},
  pages={7324-7338},
  year = {2022}
}

@InProceedings{pmlr-v162-kim22g,
  title = {{V}i{T}-{N}e{T}: Interpretable Vision Transformers with Neural Tree Decoder},
  author = {Kim, Sangwon and Nam, Jaeyeal and Ko, Byoung Chul},
  booktitle = {ICML},
  pages = {11162-11172},
  year = {2022}
}

@inproceedings{NEURIPS2020_770f8e44,
 author = {Plumb, Gregory and Al-Shedivat, Maruan and Cabrera, \'{A}ngel Alexander and Perer, Adam and Xing, Eric and Talwalkar, Ameet},
  booktitle={NeurIPS},
 pages = {10526-10536},
 title = {Regularizing Black-box Models for Improved Interpretability},
  year={2020}
}

@inproceedings{weinberger2020learning,
  title={Learning deep attribution priors based on prior knowledge},
  author={Weinberger, Ethan and Janizek, Joseph and Lee, Su-In},
  booktitle={NeurIPS},
  pages={14034-14045},
  year={2020}
}

@inproceedings{10.1609/aaai.v37i6.25816,
author = {Abroshan, Mahed and Mishra, Saumitra and Khalili, Mohammad Mahdi},
title = {Symbolic metamodels for interpreting black-boxes using primitive functions},
year = {2023},
booktitle={AAAI}, 
pages={6649-6657}
}

@article{singh2023augmenting,
  title={Augmenting interpretable models with large language models during training},
  author={Singh, Chandan and Askari, Armin and Caruana, Rich and Gao, Jianfeng},
  journal={Nature Communications},
  volume={14},
  number={1},
  pages={7913},
  year={2023},
}

@inproceedings{sarkar2022framework,
  title={A framework for learning ante-hoc explainable models via concepts},
  author={Sarkar, Anirban and Vijaykeerthy, Deepak and Sarkar, Anindya and Balasubramanian, Vineeth N},
    booktitle = {CVPR},
  pages={10286-10295},
  year={2022}
}

@inproceedings{tan2023robust,
  title={Robust explanation for free or at the cost of faithfulness},
  author={Tan, Zeren and Tian, Yang},
  booktitle = {ICML},
  pages={33534-33562},
  year={2023}
}

@inproceedings{wang2020smoothed,
  title={Smoothed geometry for robust attribution},
  author={Wang, Zifan and Wang, Haofan and Ramkumar, Shakul and Mardziel, Piotr and Fredrikson, Matt and Datta, Anupam},
  booktitle={NeurIPS},
  pages={13623-13634},
  year={2020}
}

@inproceedings{chen2019robust,
  title={Robust attribution regularization},
  author={Chen, Jiefeng and Wu, Xi and Rastogi, Vaibhav and Liang, Yingyu and Jha, Somesh},
  booktitle={NeurIPS},
  year={2019},
  pages={14302-14312}
}

@inproceedings{boopathy2020proper,
  title={Proper network interpretability helps adversarial robustness in classification},
  author={Boopathy, Akhilan and Liu, Sijia and Zhang, Gaoyuan and Liu, Cynthia and Chen, Pin-Yu and Chang, Shiyu and Daniel, Luca},
  pages={1014-1023},
  year={2020},
  booktitle = {ICML}
}

@inproceedings{lakkaraju2020robust,
  title={Robust and stable black box explanations},
  author={Lakkaraju, Himabindu and Arsov, Nino and Bastani, Osbert},
  pages={5628-5638},
  year={2020},
  booktitle = {ICML}
}

@InProceedings{wah2011caltech,
author = {Xie, Lingxi and Tian, Qi and Hong, Richang and Yan, Shuicheng and Zhang, Bo},
title = {Hierarchical Part Matching for Fine-Grained Visual Categorization},
booktitle = {ICCV},
year = {2013},
pages={1641-1648}
}

@article{johnson2016mimic,
  title={MIMIC-III, a freely accessible critical care database},
  author={Johnson, Alistair EW and Pollard, Tom J and Shen, Lu and Lehman, Li-wei H and Feng, Mengling and Ghassemi, Mohammad and Moody, Benjamin and Szolovits, Peter and Anthony Celi, Leo and Mark, Roger G},
  journal={Scientific Data},
  volume={3},
  number={1},
  pages={160035},
  year={2016}
}

@inproceedings{anders2020fairwashing,
  title={Fairwashing explanations with off-manifold detergent},
  author={Anders, Christopher and Pasliev, Plamen and Dombrowski, Ann-Kathrin and M{\"u}ller, Klaus-Robert and Kessel, Pan},
  booktitle = {ICML},
  pages={314-323},
  year={2020}
}

@ARTICLE{10225391,
  author={Wang, Chong and Chen, Yuanhong and Liu, Fengbei and Elliott, Michael and Kwok, Chun Fung and Peña-Solorzano, Carlos and Frazer, Helen and McCarthy, Davis James and Carneiro, Gustavo},
  journal={IEEE Transactions on Medical Imaging}, 
  title={An Interpretable and Accurate Deep-Learning Diagnosis Framework Modeled With Fully and Semi-Supervised Reciprocal Learning}, 
  year={2024},
  volume={43},
  number={1},
  pages={392-404}}


@inproceedings{abdukhamidov2022black,
  title={Black-box and Target-specific Attack Against Interpretable Deep Learning Systems},
  author={Abdukhamidov, Eldor and Juraev, Firuz and Abuhamad, Mohammed and Abuhmed, Tamer},
  booktitle={ASIA CCS},
  pages={1216-1218},
  year={2022}
}

@inproceedings{910572,
 author = {Bravo-Hermsdorff, Gecia and Watson, David and Yu, Jialin and Zeitler, Jakob and Silva, Ricardo},
 booktitle = {NeurIPS},
 pages = {43662-43675},
 title = {Intervention Generalization: A View from Factor Graph Models},
 year = {2023}
}

@inproceedings{ijcai2023p733,
  title     = {Good Explanations in Explainable Artificial Intelligence (XAI): Evidence from Human Explanatory Reasoning},
  author    = {Byrne, Ruth M.J.},
  booktitle = {IJCAI},
  pages     = {6536-6544},
  year      = {2023}
}

@inproceedings{10.1145/3539597.3573024,
author = {Yu, Shuo and Peng, Ciyuan and Xu, Chengchuan and Zhang, Chen and Xia, Feng},
title = {Web of Conferences: A Conference Knowledge Graph},
year = {2023},
booktitle = {WSDM},
pages = {1172–1175}
}

@article{yu2021familiarity,
  title={Familiarity-based collaborative team recognition in academic social networks},
  author={Yu, Shuo and Xia, Feng and Zhang, Chen and Wei, Haoran and Keogh, Kathleen and Chen, Honglong},
  journal={{IEEE} Transactions on Computational Social Systems},
  volume={9},
  number={5},
  pages={1432-1445},
  year={2021}
}

@article{xia2021graph,
  title={Graph learning: A survey},
  author={Xia, Feng and Sun, Ke and Yu, Shuo and Aziz, Abdul and Wan, Liangtian and Pan, Shirui and Liu, Huan},
  journal={{IEEE} Transactions on Artificial Intelligence},
  volume={2},
  number={2},
  pages={109-127},
  year={2021}
}

@article{li2020survey,
  title={A survey of data-driven and knowledge-aware explainable ai},
  author={Li, Xiao-Hui and Cao, Caleb Chen and Shi, Yuhan and Bai, Wei and Gao, Han and Qiu, Luyu and Wang, Cong and Gao, Yuanyuan and Zhang, Shenjia and Xue, Xun and others},
  journal={{IEEE} Transactions on Knowledge And Data Engineering},
  volume={34},
  number={1},
  pages={29-49},
  year={2020}
}

@article{karpatne2017theory,
  title={Theory-guided data science: A new paradigm for scientific discovery from data},
  author={Karpatne, Anuj and Atluri, Gowtham and Faghmous, James H and Steinbach, Michael and Banerjee, Arindam and Ganguly, Auroop and Shekhar, Shashi and Samatova, Nagiza and Kumar, Vipin},
  journal={{IEEE} Transactions on Knowledge And Data Engineering},
  volume={29},
  number={10},
  pages={2318-2331},
  year={2017}
}

@article{von2021informed,
  title={Informed machine learning--a taxonomy and survey of integrating prior knowledge into learning systems},
  author={Von Rueden, Laura and Mayer, Sebastian and Beckh, Katharina and Georgiev, Bogdan and Giesselbach, Sven and Heese, Raoul and Kirsch, Birgit and Pfrommer, Julius and Pick, Annika and Ramamurthy, Rajkumar and others},
  journal={{IEEE} Transactions on Knowledge And Data Engineering},
  volume={35},
  number={1},
  pages={614-633},
  year={2021}
}

@article{tiddi2022knowledge,
  title={Knowledge graphs as tools for explainable machine learning: A survey},
  author={Tiddi, Ilaria and Schlobach, Stefan},
  journal={Artificial Intelligence},
  volume={302},
  pages={103627},
  year={2022}
}

@article{rudin2019stop,
  title={Stop explaining black box machine learning models for high stakes decisions and use interpretable models instead},
  author={Rudin, Cynthia},
  journal={Nature Machine Intelligence},
  volume={1},
  number={5},
  pages={206-215},
  year={2019}
}

@inproceedings{NEURIPS2023_d1b4076a,
 author = {Good, Jack and Kovach, Torin and Miller, Kyle and Dubrawski, Artur},
 booktitle = {NeurIPS},
 pages = {66571-66582},
 title = {Feature Learning for Interpretable, Performant Decision Trees},
 volume = {36},
 year = {2023}
}

@inproceedings{gurel2021knowledge,
  title={Knowledge enhanced machine learning pipeline against diverse adversarial attacks},
  author={G{\"u}rel, Nezihe Merve and Qi, Xiangyu and Rimanic, Luka and Zhang, Ce and Li, Bo},
  booktitle={ICML},
  pages={3976-3987},
  year={2021}
}

@article{esterhuizen2022interpretable,
  title={Interpretable machine learning for knowledge generation in heterogeneous catalysis},
  author={Esterhuizen, Jacques A and Goldsmith, Bryan R and Linic, Suljo},
  journal={Nature Catalysis},
  volume={5},
  number={3},
  pages={175-184},
  year={2022}
}

@inproceedings{agarwal2021neural,
  title={Neural additive models: Interpretable machine learning with neural nets},
  author={Agarwal, Rishabh and Melnick, Levi and Frosst, Nicholas and Zhang, Xuezhou and Lengerich, Ben and Caruana, Rich and Hinton, Geoffrey E},
  booktitle={NeurIPS},
  volume={34},
  pages={4699-4711},
  year={2021}
}

@inproceedings{rieger2020interpretations,
  title={Interpretations are useful: penalizing explanations to align neural networks with prior knowledge},
  author={Rieger, Laura and Singh, Chandan and Murdoch, William and Yu, Bin},
  booktitle={ICML},
  pages={8116-8126},
  year={2020}
}

@inproceedings{xu2020joint,
  title={Joint inference of reward machines and policies for reinforcement learning},
  author={Xu, Zhe and Gavran, Ivan and Ahmad, Yousef and Majumdar, Rupak and Neider, Daniel and Topcu, Ufuk and Wu, Bo},
  booktitle={ICAPS},
  pages={590-598},
  year={2020}
}

@article{10430101,
  author={Tian, Jiapeng and Song, Hui and Sheng, Gehao and Jiang, Xiuchen},
  journal={{IEEE} Transactions on Instrumentation And Measurement}, 
  title={Subsystem Measurement-Based Condition Assessment for Power Transformers via Joint Inference of Data and Knowledge}, 
  year={2024},
  volume={73},
  number={},
  pages={1-12}
}

@inproceedings{yang2022improving,
  title={Improving certified robustness via statistical learning with logical reasoning},
  author={Yang, Zhuolin and Zhao, Zhikuan and Wang, Boxin and Zhang, Jiawei and Li, Linyi and Pei, Hengzhi and Karla{\v{s}}, Bojan and Liu, Ji and Guo, Heng and Zhang, Ce and others},
  booktitle={NeurIPS},
  pages={34859-34873},
  year={2022}
}


@InProceedings{pmlr-v119-chalasani20a,
  title = {Concise Explanations of Neural Networks using Adversarial Training},
  author = {Chalasani, Prasad and Chen, Jiefeng and Chowdhury, Amrita Roy and Wu, Xi and Jha, Somesh},
  booktitle = {ICML},
  pages = 	 {1383-1391},
  year = 	 {2020}
}

@article{yeh2019fidelity,
  title={On the (in) fidelity and sensitivity of explanations},
  author={Yeh, Chih-Kuan and Hsieh, Cheng-Yu and Suggala, Arun and Inouye, David I and Ravikumar, Pradeep K},
  journal={NeurIPS},
pages = {10967–10978},
  year={2019}
}

@article{dombrowski2022towards,
  title={Towards robust explanations for deep neural networks},
  author={Dombrowski, Ann-Kathrin and Anders, Christopher J and M{\"u}ller, Klaus-Robert and Kessel, Pan},
  journal={Pattern Recognition},
  volume={121},
  pages={108194},
  year={2022}
}

@inproceedings{kamath2024rethinking,
  title={Rethinking Robustness of Model Attributions},
  author={Kamath, Sandesh and Mittal, Sankalp and Deshpande, Amit and Balasubramanian, Vineeth N},
  booktitle={AAAI},
  pages={2688-2696},
  year={2024}
}

@article{novakovsky2023obtaining,
  title={Obtaining genetics insights from deep learning via explainable artificial intelligence},
  author={Novakovsky, Gherman and Dexter, Nick and Libbrecht, Maxwell W and Wasserman, Wyeth W and Mostafavi, Sara},
  journal={Nature Reviews Genetics},
  volume={24},
  number={2},
  pages={125-137},
  year={2023}
}

@inproceedings{tu2023deep,
  title={Deep Outdated Fact Detection in Knowledge Graphs},
  author={Tu, Huiling and Yu, Shuo and Saikrishna, Vidya and Xia, Feng and Verspoor, Karin},
  booktitle={ICDMW},
  pages={1443-1452},
  year={2023}
}

@inproceedings{chen2024generalized,
  title={A Generalized Shuffle Framework for Privacy Amplification: Strengthening Privacy Guarantees and Enhancing Utility},
  author={Chen, E and Cao, Yang and Ge, Yifei},
  booktitle={AAAI},
  pages={11267--11275},
  year={2024}
}

@inproceedings{1,
  title={Neural markov logic networks},
  author={Marra, Giuseppe and Ku{\v{z}}elka, Ond{\v{r}}ej},
  booktitle={Uncertainty in Artificial Intelligence},
  pages={908--917},
  year={2021}
}

@inproceedings{
xu2024energybased,
title={Energy-Based Concept Bottleneck Models: Unifying Prediction, Concept Intervention, and Probabilistic Interpretations},
author={Xinyue Xu and Yi Qin and Lu Mi and Hao Wang and Xiaomeng Li},
booktitle={ICLR},
year={2024},
pages={1--23}
}

@inproceedings{Huang_Song_Hu_Zhang_Wang_Song_2024, 
title={On the Concept Trustworthiness in Concept Bottleneck Models}, 
booktitle={AAAI}, 
author={Huang, Qihan and Song, Jie and Hu, Jingwen and Zhang, Haofei and Wang, Yong and Song, Mingli}, 
year={2024}, 
pages={21161--21168} 
}