@inproceedings{audeo,
  title = {Audeo: Audio Generation for a Silent Performance Video},
  shorttitle = {Audeo},
  booktitle = {Advances in Neural Information Processing Systems},
  author = {Su, Kun and Liu, Xiulong and Shlizerman, Eli},
  year = {2020},
  volume = {33},
  pages = {3325--3337},
  url = {https://proceedings.neurips.cc/paper_files/paper/2020/hash/227f6afd3b7f89b96c4bb91f95d50f6d-Abstract.html},
  urldate = {2025-01-24}
}

@inproceedings{beats,
  title={{BEATs}: audio pre-training with acoustic tokenizers},
  author={Chen, Sanyuan and Wu, Yu and Wang, Chengyi and Liu, Shujie and Tompkins, Daniel and Chen, Zhuo and Che, Wanxiang and Yu, Xiangzhan and Wei, Furu},
  booktitle={Proceedings of the 40th International Conference on Machine Learning, ICML 2023},
  pages={5178--5193},
  year={2023}
}

@inproceedings{clip,
  title={Learning transferable visual models from natural language supervision},
  author={Radford, Alec and Kim, Jong Wook and Hallacy, Chris and Ramesh, Aditya and Goh, Gabriel and Agarwal, Sandhini and Sastry, Girish and Askell, Amanda and Mishkin, Pamela and Clark, Jack and others},
  booktitle={Proceedings of the 38th International Conference on Machine Learning, ICML 2021},
  pages={8748--8763},
  year={2021},
  organization={PMLR}
}

@inproceedings{compound_words,
  title = {Compound Word Transformer: Learning to Compose Full-Song Music over Dynamic Directed Hypergraphs},
  shorttitle = {Compound Word Transformer},
  booktitle = {Proceedings of the AAAI Conference on Artificial Intelligence},
  author = {Hsiao, Wen-Yi and Liu, Jen-Yu and Yeh, Yin-Cheng and Yang, Yi-Hsuan},
  year = {2021},
  pages = {178--186},
  doi = {10.1609/AAAI.V35I1.16091},
  urldate = {2025-01-24}
}

@article{contrastive,
  title={Self-supervised multimodal versatile networks},
  author={Alayrac, Jean-Baptiste and Recasens, Adria and Schneider, Rosalia and Arandjelovi{\'c}, Relja and Ramapuram, Jason and De Fauw, Jeffrey and Smaira, Lucas and Dieleman, Sander and Zisserman, Andrew},
  journal={Advances in neural information processing systems},
  volume={33},
  pages={25--37},
  year={2020}
}

@inproceedings{di,
  title = {Video Background Music Generation with Controllable Music Transformer},
  booktitle = {Proceedings of the 29th ACM International Conference on Multimedia},
  author = {Di, Shangzhe and Jiang, Zeren and Liu, Si and Wang, Zhaokai and Zhu, Leyan and He, Zexin and Liu, Hongming and Yan, Shuicheng},
  year = {2021},
  pages = {2037--2045}
}

@article{ekman6,
  title={Heterogeneous knowledge transfer in video emotion recognition, attribution and summarization},
  author={Xu, Baohan and Fu, Yanwei and Jiang, Yu-Gang and Li, Boyang and Sigal, Leonid},
  journal={IEEE Transactions on Affective Computing},
  volume={9},
  number={2},
  pages={255--270},
  year={2016},
  publisher={IEEE}
}

@article{event_encoding,
  title = {This Time with Feeling: Learning Expressive Musical Performance},
  author = {Oore, Sageev and Simon, Ian and Dieleman, Sander and Eck, Douglas and Simonyan, Karen},
  year = {2020},
  journal = {Neural Computing and Applications},
  volume = {32},
  number = {4},
  pages = {955--967},
  publisher = {Springer}
}

@misc{expression_classifier,
	title={vit-face-expression},
	author={Pakov, Tr},
	year={2024},
	url="https://huggingface.co/trpakov/vit-face-expression",
	note="Accessed: 2024-31-08",
}

@inproceedings{foley,
  title = {Foley Music: Learning to Generate Music from Videos},
  shorttitle = {Foley Music},
  booktitle = {Computer Vision - ECCV 2020 - 16th European Conference},
  author = {Gan, Chuang and Huang, Deng and Chen, Peihao and Tenenbaum, Joshua B. and Torralba, Antonio},
  year = {2020},
  volume = {12356},
  pages = {758--775},
  publisher = {Springer},
  doi = {10.1007/978-3-030-58621-8_44},
  urldate = {2025-01-24}
}

@inproceedings{gcn,
  title = {Semi-Supervised Classification with Graph Convolutional Networks},
  booktitle = {5th International Conference on Learning Representations, ICLR 2017},
  author = {Kipf, Thomas N. and Welling, Max},
  year = {2017},
  url = {https://openreview.net/forum?id=SJU4ayYgl},
  urldate = {2025-01-24}
}

@article{kang,
  title = {Video2Music: Suitable Music Generation from Videos Using an Affective Multimodal Transformer Model},
  shorttitle = {Video2Music},
  author = {Kang, Jaeyong and Poria, Soujanya and Herremans, Dorien},
  year = {2024},
  month = sep,
  journal = {Expert Systems with Applications},
  volume = {249},
  pages = {123640},
  issn = {0957-4174},
  doi = {10.1016/j.eswa.2024.123640},
  urldate = {2024-04-10}
}

@inproceedings{lpd,
  title={{Musegan}: Multi-track sequential generative adversarial networks for symbolic music generation and accompaniment},
  author={Dong, Hao-Wen and Hsiao, Wen-Yi and Yang, Li-Chia and Yang, Yi-Hsuan},
  booktitle={Proceedings of the AAAI Conference on Artificial Intelligence},
  volume={32},
  year={2018}
}

@inproceedings{metrics,
  author       = {Shih{-}Lun Wu and
                  Yi{-}Hsuan Yang},
  title        = {The Jazz Transformer on the Front Line: Exploring the Shortcomings
                  of AI-composed Music through Quantitative Measures},
  booktitle    = {Proceedings of the 21th International Society for Music Information
                  Retrieval Conference, {ISMIR} 2020},
  pages        = {142--149},
  year         = {2020},
  url          = {http://archives.ismir.net/ismir2020/paper/000339.pdf},
  timestamp    = {Mon, 19 Jul 2021 15:30:03 +0200},
  biburl       = {https://dblp.org/rec/conf/ismir/WuY20.bib},
  bibsource    = {dblp computer science bibliography, https://dblp.org}
}

@inproceedings{music_dataset,
  title = {The Sound of Pixels},
  booktitle = {Computer Vision - ECCV 2018 - 14th European Conference},
  author = {Zhao, Hang and Gan, Chuang and Rouditchenko, Andrew and Vondrick, Carl and McDermott, Josh and Torralba, Antonio},
  year = {2018},
  pages = {570--586}
}

@inproceedings{musictransformer,
  title = {Music Transformer: Generating Music with Long-Term Structure},
  shorttitle = {Music Transformer},
  booktitle = {6th International Conference on Learning Representations, {ICLR 2018}},
  author = {Huang, Cheng-Zhi Anna and Vaswani, Ashish and Uszkoreit, Jakob and Simon, Ian and Hawthorne, Curtis and Shazeer, Noam and Dai, Andrew M. and Hoffman, Matthew D. and Dinculescu, Monica and Eck, Douglas},
  year = {2018}
}

@inproceedings{ndb,
  title={{GANSynth}: Adversarial Neural Audio Synthesis},
  author={Engel, Jesse and Agrawal, Kumar Krishna and Chen, Shuo and Gulrajani, Ishaan and Donahue, Chris and Roberts, Adam},
  booktitle={6th International Conference on Learning Representations, {ICLR} 2018},
  year={2018}
}

@inproceedings{onset_and_frames,
  title = {Onsets and Frames: Dual-Objective Piano Transcription},
  shorttitle = {Onsets and Frames},
  booktitle = {Proceedings of the 19th International Society for Music Information Retrieval Conference},
  author = {Hawthorne, Curtis and Elsen, Erich and Song, Jialin and Roberts, Adam and Simon, Ian and Raffel, Colin and Engel, Jesse H. and Oore, Sageev and Eck, Douglas},
  year = {2018},
  pages = {50--57},
  url = {http://ismir2018.ircam.fr/doc/pdfs/19\_Paper.pdf},
  urldate = {2025-01-25}
}

@misc{paddle,
  author={PaddlePaddle},
  title={{PaddleOCR}},
  year={2023},
  howpublished="\url{https://github.com/PaddlePaddle/PaddleOCR}",
  note="Accessed: 2024-08-31",
}

@inproceedings{rhythmicnet,
  title = {How Does It Sound?},
  booktitle = {Advances in Neural Information Processing Systems},
  author = {Su, Kun and Liu, Xiulong and Shlizerman, Eli},
  year = {2021},
  volume = {34},
  pages = {29258--29273},
  url = {https://proceedings.neurips.cc/paper/2021/hash/f4e369c0a468d3aeeda0593ba90b5e55-Abstract.html},
  urldate = {2025-01-24}
}

@inproceedings{sighttosound,
  title = {Sight to Sound: An End-to-End Approach for Visual Piano Transcription},
  shorttitle = {Sight to Sound},
  booktitle = {IEEE International Conference on Acoustics, Speech and Signal Processing, ICASSP 2020},
  author = {Koepke, A. Sophia and Wiles, Olivia and Moses, Yael and Zisserman, Andrew},
  year = {2020},
  pages = {1838--1842},
  publisher = {IEEE},
  doi = {10.1109/ICASSP40776.2020.9053115}
}

@article{trailer,
  title = {Movie Trailer Genre Classification Using Multimodal Pretrained Features},
  author = {Sulun, Serkan and Viana, Paula and Davies, Matthew E.P.},
  year = {2024},
  journal = {Expert Systems with Applications},
  volume = {258},
  pages = {125209},
  issn = {0957-4174},
  doi = {10.1016/j.eswa.2024.125209}
}

@inproceedings{transformer,
  author       = {Ashish Vaswani and
                  Noam Shazeer and
                  Niki Parmar and
                  Jakob Uszkoreit and
                  Llion Jones and
                  Aidan N. Gomez and
                  Lukasz Kaiser and
                  Illia Polosukhin},
  title        = {Attention is All you Need},
  booktitle    = {Advances in Neural Information Processing Systems},
  pages        = {5998--6008},
  year         = {2017},
  timestamp    = {Thu, 21 Jan 2021 15:15:21 +0100},
  biburl       = {https://dblp.org/rec/conf/nips/VaswaniSPUJGKP17.bib},
  url = {https://proceedings.neurips.cc/paper/2017/hash/3f5ee243547dee91fbd053c1c4a845aa-Abstract.html},
  bibsource    = {dblp computer science bibliography, https://dblp.org}
}

@article{vemoclap,
  title = {{VEMOCLAP}: A Video Emotion Classification Web Application},
  shorttitle = {VEMOCLAP},
  author = {Sulun, Serkan and Viana, Paula and Davies, Matthew E. P.},
  year = {2024},
  eprint = {2410.21303},
  primaryclass = {cs},
  journal = {arXiv preprint arXiv: 2410.21303},
  publisher = {arXiv},
  doi = {10.48550/arXiv.2410.21303},
  urldate = {2024-12-18},
  archiveprefix = {arXiv}
}

@article{video_midi_dataset,
  title = {Creating a Multitrack Classical Music Performance Dataset for Multimodal Music Analysis: Challenges, Insights, and Applications},
  shorttitle = {Creating a Multitrack Classical Music Performance Dataset for Multimodal Music Analysis},
  author = {Li, Bochen and Liu, Xinzhao and Dinesh, Karthik and Duan, Zhiyao and Sharma, Gaurav},
  year = {2018},
  journal = {IEEE Transactions on Multimedia},
  volume = {21},
  number = {2},
  pages = {522--535},
  publisher = {IEEE},
  url = {https://ieeexplore.ieee.org/abstract/document/8411155/?casa_token=zJzs0eemrr8AAAAA:Y3NsktxPKExRJtfs2Mnqz1LtHsGqhdlGGAb7_mi_P00Motmxh5omfc6WnklKasJH0z3TrutrmsYX},
  urldate = {2025-01-24}
}

@inproceedings{whisper,
  title = {Robust Speech Recognition via Large-Scale Weak Supervision},
  booktitle = {ICML 2023},
  author = {Radford, Alec and Kim, Jong Wook and Xu, Tao and Brockman, Greg and McLeavey, Christine and Sutskever, Ilya},
  year = {2023},
  volume = {202},
  pages = {28492--28518},
  publisher = {PMLR},
}

@inproceedings{zhuo,
  title = {Video Background Music Generation: Dataset, Method and Evaluation},
  shorttitle = {Video Background Music Generation},
  booktitle = {{IEEE/CVF} International Conference on Computer Vision, ICCV 2023},
  author = {Zhuo, Le and Wang, Zhaokai and Wang, Baisen and Liao, Yue and Bao, Chenxi and Peng, Stanley and Han, Songhao and Zhang, Aixi and Fang, Fei and Liu, Si},
  year = {2023},
  pages = {15591--15601},
  publisher = {{IEEE}},
  doi = {10.1109/ICCV51070.2023.01433}
}

