@inproceedings{Albright2018ACS1,
    title = {{A functional approach to data science in CS1}},
    year = {2018},
    booktitle = {SIGCSE 2018 - Proceedings of the 49th ACM Technical Symposium on Computer Science Education},
    author = {Albright, Sarah Dahlby and Klinge, Titus H. and Rebelsky, Samuel A.},
    volume = {2018-January},
    doi = {10.1145/3159450.3159550}
}

@misc{Archambault2024SomeAnalysis,
    title = {{Some Risks and Opportunities of Automated Data Analysis}},
    year = {2024},
    author = {Archambault, Daniel and Beecham, Roger and Gelman, Andrew and Hullman, Jessica and Pos, Edwin},
    month = {6},
    url = {https://theory4ida.github.io/tmcf/posts/01-models/}
}

@article{Barke2023GroundedModels,
    title = {{Grounded Copilot: How Programmers Interact with Code-Generating Models}},
    year = {2023},
    journal = {Proceedings of the ACM on Programming Languages},
    author = {Barke, Shraddha and James, Michael B. and Polikarpova, Nadia},
    number = {OOPSLA1},
    month = {4},
    volume = {7},
    publisher = {Association for Computing Machinery},
    doi = {10.1145/3586030},
    issn = {24751421},
    arxivId = {2206.15000},
    keywords = {AI Assistants, Grounded Theory, Program Synthesis}
}

@article{Basili2008UnderstandingPerspective,
    title = {{Understanding the high-performance-computing community: A software engineer's perspective}},
    year = {2008},
    journal = {IEEE Software},
    author = {Basili, Victor R. and Carver, Jeffrey C. and Cruzes, Daniela and Hochstein, Lorin M. and Hollingsworth, Jeffrey K. and Shull, Forrest and Zelkowitz, Marvin V.},
    number = {4},
    month = {7},
    pages = {29--36},
    volume = {25},
    doi = {10.1109/MS.2008.103},
    issn = {07407459},
    keywords = {Computational science, Empirical software engineering, High-performance computing, Productivity}
}

@article{Becker2023ProgrammingGeneration,
    title = {{Programming Is Hard - or at Least It Used to Be: Educational Opportunities and Challenges of AI Code Generation}},
    year = {2023},
    journal = {SIGCSE 2023 - Proceedings of the 54th ACM Technical Symposium on Computer Science Education},
    author = {Becker, Brett A. and Denny, Paul and Finnie-Ansley, James and Luxton-Reilly, Andrew and Prather, James and Santos, Eddie Antonio},
    month = {3},
    pages = {500--506},
    volume = {1},
    publisher = {Association for Computing Machinery, Inc},
    isbn = {9781450394314},
    doi = {10.1145/3545945.3569759},
    arxivId = {2212.01020},
    keywords = {ai, alphacode, amazon, artificial intelligence, code generation, codewhisperer, codex, copilot, cs1, cs2, github, google, gpt-3, introductory programming, large language model, llm, machine learning, midjourney, novice programmers, openai, programming, tabnine}
}

@inproceedings{Bender2021OnBig,
    title = {{On the dangers of stochastic parrots: Can language models be too big?}},
    year = {2021},
    booktitle = {FAccT 2021 - Proceedings of the 2021 ACM Conference on Fairness, Accountability, and Transparency},
    author = {Bender, Emily M. and Gebru, Timnit and McMillan-Major, Angelina and Shmitchell, Shmargaret},
    doi = {10.1145/3442188.3445922}
}

@article{Breiman2001StatisticalCultures,
    title = {{Statistical modeling: The two cultures}},
    year = {2001},
    journal = {Statistical Science},
    author = {Breiman, Leo},
    number = {3},
    pages = {199--215},
    volume = {16},
    doi = {10.1214/SS/1009213726},
    issn = {08834237}
}

@article{Carver2013Self-perceptionsEngineers,
    title = {{Self-perceptions about software engineering: A survey of scientists and engineers}},
    year = {2013},
    journal = {Computing in Science and Engineering},
    author = {Carver, Jeffrey and Heaton, Dustin and Hochstein, Lorin and Bartlett, Roscoe},
    number = {1},
    pages = {7--11},
    volume = {15},
    doi = {10.1109/MCSE.2013.12},
    issn = {15219615},
    keywords = {Best practices, Computational science, Scientific computing, Software engineering practices}
}

@article{Carver2022AStates,
    title = {{A survey of the state of the practice for research software in the United States}},
    year = {2022},
    journal = {PeerJ Computer Science},
    author = {Carver, Jeffrey C. and Weber, Nic and Ram, Karthik and Gesing, Sandra and Katz, Daniel S.},
    month = {5},
    pages = {e963},
    volume = {8},
    publisher = {PeerJ Inc.},
    url = {https://peerj.com/articles/cs-963},
    doi = {10.7717/PEERJ-CS.963},
    issn = {2376-5992},
    keywords = {Best practices, Communities, Education {\&} training, Policy, Research software, Software sustainability, Subjects Computer Education, Survey}
}

@article{Chandel2022TrainingAssistant,
    title = {{Training and Evaluating a Jupyter Notebook Data Science Assistant}},
    year = {2022},
    author = {Chandel, Shubham and Clement, Colin B. and Serrato, Guillermo and Sundaresan, Neel},
    month = {1},
    url = {https://arxiv.org/abs/2201.12901v1},
    arxivId = {2201.12901}
}

@article{Chasins2023AnCode,
    title = {{An Empirical Study of Developer Behaviors for Validating and Repairing AI-Generated Code}},
    year = {2023},
    author = {Chasins, Sarah and Glassman, Elena and Sunshine, Joshua and Tang, Ningzhi and Chen, Meng and Ning, Zheng and Bansal, Aakash and Huang, Yu and Mcmillan, Collin and Jia, Toby and Li, Jun},
    month = {3},
    publisher = {Plateau Workshop},
    url = {/articles/conference_contribution/An_Empirical_Study_of_Developer_Behaviors_for_Validating_and_Repairing_AI-Generated_Code/22223533/1},
    doi = {10.1184/R1/22223533.V1},
    keywords = {GitHub Copilot, IDE tracking, code generation, eye tracking, programmer behavior}
}

@article{Chen2021EvaluatingCode,
    title = {{Evaluating Large Language Models Trained on Code}},
    year = {2021},
    author = {Chen, Mark and Tworek, Jerry and Jun, Heewoo and Yuan, Qiming and Pinto, Henrique Ponde de Oliveira and Kaplan, Jared and Edwards, Harri and Burda, Yuri and Joseph, Nicholas and Brockman, Greg and Ray, Alex and Puri, Raul and Krueger, Gretchen and Petrov, Michael and Khlaaf, Heidy and Sastry, Girish and Mishkin, Pamela and Chan, Brooke and Gray, Scott and Ryder, Nick and Pavlov, Mikhail and Power, Alethea and Kaiser, Lukasz and Bavarian, Mohammad and Winter, Clemens and Tillet, Philippe and Such, Felipe Petroski and Cummings, Dave and Plappert, Matthias and Chantzis, Fotios and Barnes, Elizabeth and Herbert-Voss, Ariel and Guss, William Hebgen and Nichol, Alex and Paino, Alex and Tezak, Nikolas and Tang, Jie and Babuschkin, Igor and Balaji, Suchir and Jain, Shantanu and Saunders, William and Hesse, Christopher and Carr, Andrew N. and Leike, Jan and Achiam, Josh and Misra, Vedant and Morikawa, Evan and Radford, Alec and Knight, Matthew and Brundage, Miles and Murati, Mira and Mayer, Katie and Welinder, Peter and McGrew, Bob and Amodei, Dario and McCandlish, Sam and Sutskever, Ilya and Zaremba, Wojciech},
    month = {7},
    url = {http://arxiv.org/abs/2107.03374},
    arxivId = {2107.03374}
}

@article{Dakhel2023GitHubLiability,
    title = {{GitHub Copilot AI pair programmer: Asset or Liability?}},
    year = {2023},
    journal = {Journal of Systems and Software},
    author = {Dakhel, Arghavan Moradi and Majdinasab, Vahid and Nikanjam, Amin and Khomh, Foutse and Desmarais, Michel C. and Jiang, Zhen Ming (Jack)},
    month = {9},
    pages = {111734},
    volume = {203},
    publisher = {Elsevier},
    doi = {10.1016/J.JSS.2023.111734},
    issn = {0164-1212},
    arxivId = {2206.15331},
    keywords = {Code completion, GitHub copilot, Language model, Testing}
}

@article{Dibia2023LIDA:Models,
    title = {{LIDA: A Tool for Automatic Generation of Grammar-Agnostic Visualizations and Infographics using Large Language Models}},
    year = {2023},
    journal = {Proceedings of the Annual Meeting of the Association for Computational Linguistics},
    author = {Dibia, Victor},
    month = {3},
    pages = {113--126},
    volume = {3},
    publisher = {Association for Computational Linguistics (ACL)},
    url = {https://arxiv.org/abs/2303.02927v3},
    isbn = {9781959429708},
    doi = {10.18653/v1/2023.acl-demo.11},
    issn = {0736587X},
    arxivId = {2303.02927}
}

@misc{Donoho201750Science,
    title = {{50 Years of Data Science}},
    year = {2017},
    booktitle = {Journal of Computational and Graphical Statistics},
    author = {Donoho, David},
    number = {4},
    volume = {26},
    doi = {10.1080/10618600.2017.1384734},
    issn = {15372715}
}

@article{Feldman2024Non-ExpertFuture,
    title = {{Non-Expert Programmers in the Generative AI Future}},
    year = {2024},
    journal = {ACM International Conference Proceeding Series},
    author = {Feldman, Molly Q. and Anderson, Carolyn Jane},
    month = {6},
    publisher = {Association for Computing Machinery},
    url = {https://dl.acm.org/doi/10.1145/3663384.3663393},
    isbn = {9798400710179},
    doi = {10.1145/3663384.3663393},
    keywords = {CS1, Code LLMs, Generative AI, mixed methods, non-experts}
}

@article{Gu2023UnderstandingAnalysis,
    title = {{Understanding and Supporting Debugging Workflows in Multiverse Analysis}},
    year = {2023},
    journal = {Conference on Human Factors in Computing Systems - Proceedings},
    author = {Gu, Ken and Jun, Eunice and Althoff, Tim},
    month = {4},
    publisher = {Association for Computing Machinery},
    isbn = {9781450394215},
    doi = {10.1145/3544548.3581099},
    keywords = {Multiverse analysis, analysis authoring, debugging, statistical analysis, workflows}
}

@article{Gu2024HowAnalyses,
    title = {{How Do Analysts Understand and Verify AI-Assisted Data Analyses?}},
    year = {2024},
    journal = {Proceedings of the CHI Conference on Human Factors in Computing Systems (CHI '24), May 11{\^{a}}•ﬁ16, 2024, Honolulu, HI, USA},
    author = {Gu, Ken and Shang, Ruoxi and Althoff, Tim and Wang, Chenglong and Drucker, Steven M},
    number = {24},
    volume = {1},
    publisher = {ACM},
    url = {https://doi.org/10.1145/3613904.3642497},
    isbn = {979-8-4007-0330-0},
    doi = {10.1145/3613904.3642497},
    arxivId = {2309.10947v2},
    keywords = {Auto Data Science, Copilot, Data Science Assistant, Design Probe, Explainable AI, Human-AI Interaction, Human-AI Verification}
}

@article{Hannay2009HowSoftware,
    title = {{How do scientists develop and use scientific software?}},
    year = {2009},
    journal = {Proceedings of the 2009 ICSE Workshop on Software Engineering for Computational Science and Engineering, SECSE 2009},
    author = {Hannay, Jo Erskine and MacLeod, Carolyn and Singer, Janice and Langtangen, Hans Petter and Pfahl, Dietmar and Wilson, Greg},
    pages = {1--8},
    isbn = {9781424437375},
    doi = {10.1109/SECSE.2009.5069155}
}

@article{Heaton2015ClaimsReview,
    title = {{Claims about the use of software engineering practices in science: A systematic literature review}},
    year = {2015},
    journal = {Information and Software Technology},
    author = {Heaton, Dustin and Carver, Jeffrey C.},
    month = {11},
    pages = {207--219},
    volume = {67},
    publisher = {Elsevier B.V.},
    doi = {10.1016/J.INFSOF.2015.07.011},
    issn = {09505849},
    keywords = {Computational science, Scientific software, Systematic literature review}
}

@misc{Hettrick2014ItsResearchers,
    title = {{It's impossible to conduct research without software, say 7 out of 10 UK researchers}},
    year = {2014},
    booktitle = {Software SustainabilityInstitute},
    author = {Hettrick, Simon},
    month = {12},
    url = {https://www.software.ac.uk/blog/its-impossible-conduct-research-without-software-say-7-out-10-uk-researchers}
}

@article{Honovich2022InstructionDescriptions,
    title = {{Instruction Induction: From Few Examples to Natural Language Task Descriptions}},
    year = {2022},
    journal = {Proceedings of the Annual Meeting of the Association for Computational Linguistics},
    author = {Honovich, Or and Shaham, Uri and Bowman, Samuel R. and Levy, Omer},
    month = {5},
    pages = {1935--1952},
    volume = {1},
    publisher = {Association for Computational Linguistics (ACL)},
    url = {https://arxiv.org/abs/2205.10782v1},
    isbn = {9781959429722},
    doi = {10.18653/v1/2023.acl-long.108},
    issn = {0736587X},
    arxivId = {2205.10782}
}

@article{Jayagopal2022ExploringProgrammers,
    title = {{Exploring the Learnability of Program Synthesizers by Novice Programmers}},
    year = {2022},
    journal = {UIST 2022 - Proceedings of the 35th Annual ACM Symposium on User Interface Software and Technology},
    author = {Jayagopal, Dhanya and Lubin, Justin and Chasins, Sarah E.},
    month = {10},
    publisher = {Association for Computing Machinery, Inc},
    url = {https://dl.acm.org/doi/10.1145/3526113.3545659},
    isbn = {9781450393201},
    doi = {10.1145/3526113.3545659},
    keywords = {learnability, novice programmers, program synthesis, qualitative, thematic analysis}
}

@article{Johanson2018SoftwareScience,
    title = {{Software Engineering for Computational Science}},
    year = {2018},
    journal = {Computing in Science and Engineering},
    author = {Johanson, Arne N. and Hasselbring, Wilhelm},
    number = {2},
    month = {3},
    pages = {90--109},
    volume = {20},
    publisher = {{\\\}		IEEE Educational Activities Department{\\\}		PUB766{\\\}		Piscataway, NJ, USA{\\\}	},
    url = {https://dl.acm.org/doi/10.1109/MCSE.2018.021651343},
    doi = {10.1109/MCSE.2018.021651343},
    issn = {15219615}
}

@article{Joppa2013TroublingUse,
    title = {{Troubling trends in scientific software use}},
    year = {2013},
    journal = {Science},
    author = {Joppa, Lucas N. and McInerny, Greg and Harper, Richard and Salido, Lara and Takeda, Kenji and O'Hara, Kenton and Gavaghan, David and Emmott, Stephen},
    number = {6134},
    month = {5},
    pages = {814--815},
    volume = {340},
    publisher = {American Association for the Advancement of Science},
    doi = {10.1126/SCIENCE.1231535/SUPPL{\_}FILE/814.MP3},
    issn = {10959203},
    pmid = {23687031}
}

@article{Jost2024TheOutcomes,
    title = {{The Impact of Large Language Models on Programming Education and Student Learning Outcomes}},
    year = {2024},
    journal = {Applied Sciences 2024, Vol. 14, Page 4115},
    author = {Jo{\v{s}}t, Gregor and Taneski, Viktor and Karakati{\v{c}}, Sašo},
    number = {10},
    month = {5},
    pages = {4115},
    volume = {14},
    publisher = {Multidisciplinary Digital Publishing Institute},
    url = {https://www.mdpi.com/2076-3417/14/10/4115/htm https://www.mdpi.com/2076-3417/14/10/4115},
    doi = {10.3390/APP14104115},
    issn = {2076-3417},
    keywords = {ChatGPT, Copilot, React, debugging, large language models (LLMs), programming education}
}

@article{Kabir2024IsQuestions,
    title = {{Is Stack Overflow Obsolete? An Empirical Study of the Characteristics of ChatGPT Answers to Stack Overflow Questions}},
    year = {2024},
    journal = {Conference on Human Factors in Computing Systems - Proceedings},
    author = {Kabir, Samia and Udo-Imeh, David N. and Kou, Bonan and Zhang, Tianyi},
    month = {5},
    publisher = {Association for Computing Machinery},
    isbn = {9798400703300},
    doi = {10.1145/3613904.3642596},
    arxivId = {2308.02312},
    keywords = {chatgpt, large language model, misinformation, q{\&}a, stack overflow}
}

@article{Kandel2012EnterpriseStudy,
    title = {{Enterprise data analysis and visualization: An interview study}},
    year = {2012},
    journal = {IEEE Transactions on Visualization and Computer Graphics},
    author = {Kandel, Sean and Paepcke, Andreas and Hellerstein, Joseph M. and Heer, Jeffrey},
    number = {12},
    volume = {18},
    doi = {10.1109/TVCG.2012.219},
    issn = {10772626}
}

@article{Kanewala2014TestingReview,
    title = {{Testing scientific software: A systematic literature review}},
    year = {2014},
    journal = {Information and Software Technology},
    author = {Kanewala, Upulee and Bieman, James M.},
    number = {10},
    pages = {1219--1232},
    volume = {56},
    publisher = {Elsevier},
    doi = {10.1016/J.INFSOF.2014.05.006},
    issn = {09505849},
    arxivId = {1804.01954},
    keywords = {Scientific software, Software quality, Software testing, Systematic literature review}
}

@article{Kelly2007AComputing,
    title = {{A software chasm: Software engineering and scientific computing}},
    year = {2007},
    journal = {IEEE Software},
    author = {Kelly, Diane F.},
    number = {6},
    month = {11},
    volume = {24},
    doi = {10.1109/MS.2007.155},
    issn = {07407459},
    keywords = {Scientific computing, Software engineering}
}

@article{Kelly2015ScientificSoftware,
    title = {{Scientific software development viewed as knowledge acquisition: Towards understanding the development of risk-averse scientific software}},
    year = {2015},
    journal = {Journal of Systems and Software},
    author = {Kelly, Diane},
    month = {11},
    pages = {50--61},
    volume = {109},
    publisher = {Elsevier},
    doi = {10.1016/J.JSS.2015.07.027},
    issn = {0164-1212},
    keywords = {Knowledge model, Scientific software, Software development}
}

@inproceedings{Kross2019PractitionersAcademia,
    title = {{Practitioners Teaching Data Science in Industry and Academia}},
    year = {2019},
    author = {Kross, Sean and Guo, Philip J.},
    doi = {10.1145/3290605.3300493}
}

@article{Lai2023DS-1000:Generation,
    title = {{DS-1000: A Natural and Reliable Benchmark for Data Science Code Generation}},
    year = {2023},
    journal = {Asian Journal of Clinical Pediatrics and Neonatology},
    author = {Lai, Yuhang and Li, Chengxi and Wang, Yiming and Zhang, Tianyi and Zhong, Ruiqi and Zettlemoyer, Luke and Yih, Wen-Tau and Fried, Daniel and Wang, Sida and Yu, Tao},
    number = {3},
    month = {7},
    pages = {18319--18345},
    volume = {2},
    publisher = {PMLR},
    url = {https://proceedings.mlr.press/v202/lai23b.html},
    issn = {2640-3498},
    keywords = {Biotinidase Deficiency, multiple carboxylase deficiency, stroke}
}

@article{Liang2024AChallenges,
    title = {{A Large-Scale Survey on the Usability of AI Programming Assistants: Successes and Challenges}},
    year = {2024},
    journal = {Proceedings - International Conference on Software Engineering},
    author = {Liang, Jenny T. and Yang, Chenyang and Myers, Brad A.},
    month = {2},
    publisher = {IEEE Computer Society},
    isbn = {9798400702174},
    doi = {10.1145/3597503.3608128},
    issn = {02705257},
    arxivId = {2303.17125},
    keywords = {AI programming assistants, usability study}
}

@article{Liu2020UnderstandingPractices,
    title = {{Understanding the Role of Alternatives in Data Analysis Practices}},
    year = {2020},
    journal = {IEEE Transactions on Visualization and Computer Graphics},
    author = {Liu, Jiali and Boukhelifa, Nadia and Eagan, James R.},
    number = {1},
    month = {1},
    pages = {66--76},
    volume = {26},
    publisher = {IEEE Computer Society},
    doi = {10.1109/TVCG.2019.2934593},
    issn = {19410506},
    pmid = {31425115},
    keywords = {alternatives, data analysis, data science, data workers, qualitative study, sensemaking}
}

@article{Liu2023WhatModels,
    title = {{"What It Wants Me To Say": Bridging the Abstraction Gap Between End-User Programmers and Code-Generating Large Language Models}},
    year = {2023},
    journal = {Conference on Human Factors in Computing Systems - Proceedings},
    author = {Liu, Michael Xieyang and Sarkar, Advait and Negreanu, Carina and Zorn, Benjamin and Williams, Jack and Toronto, Neil and Gordon, Andrew D.},
    month = {4},
    publisher = {Association for Computing Machinery},
    url = {https://dl.acm.org/doi/10.1145/3544548.3580817},
    isbn = {9781450394215},
    doi = {10.1145/3544548.3580817/ASSET/F8C36C77-80E5-4C61-B5F1-40A6BB94ECDE/ASSETS/HTML/IMAGES/CHI23-163-IMG70.SVG},
    keywords = {Human-AI Interaction, Large Language Models, Natural Language Programming, Spreadsheets}
}

@article{Liu2024TeachingEducation,
    title = {{Teaching CS50 with AI: Leveraging Generative Artificial Intelligence in Computer Science Education}},
    year = {2024},
    journal = {SIGCSE 2024 - Proceedings of the 55th ACM Technical Symposium on Computer Science Education},
    author = {Liu, Rongxin and Zenke, Carter and Liu, Charlie and Holmes, Andrew and Thornton, Patrick and Malan, David J.},
    month = {3},
    pages = {750--756},
    volume = {1},
    publisher = {Association for Computing Machinery, Inc},
    url = {https://dl.acm.org/doi/10.1145/3626252.3630938},
    isbn = {9798400704239},
    doi = {10.1145/3626252.3630938},
    keywords = {ai, artificial intelligence, generative ai, large language models, llms}
}

@article{Lucchetti2024SubstanceLLMs,
    title = {{Substance Beats Style: Why Beginning Students Fail to Code with LLMs}},
    year = {2024},
    author = {Lucchetti, Francesca and Wu, Zixuan and Guha, Arjun and Feldman, Molly Q and Anderson, Carolyn Jane},
    month = {10},
    url = {https://arxiv.org/abs/2410.19792v1},
    arxivId = {2410.19792}
}

@article{Margulieux2024Self-RegulationProblems,
    title = {{Self-Regulation, Self-Efficacy, and Fear of Failure Interactions with How Novices Use LLMs to Solve Programming Problems}},
    year = {2024},
    journal = {Annual Conference on Innovation and Technology in Computer Science Education, ITiCSE},
    author = {Margulieux, Lauren E. and Prather, James and Reeves, Brent N. and Becker, Brett A. and Cetin Uzun, Gozde and Loksa, Dastyni and Leinonen, Juho and Denny, Paul},
    month = {7},
    pages = {276--282},
    volume = {1},
    publisher = {Association for Computing Machinery},
    url = {https://dl.acm.org/doi/10.1145/3649217.3653621},
    isbn = {9798400706004},
    doi = {10.1145/3649217.3653621},
    issn = {1942647X},
    keywords = {CS1, LLMs, artificial intelligence, copilot, fear of failure, generative ai, introductory programming, large language models, metacognition, self-efficacy, self-regulated learning, self-regulation}
}

@article{McNutt2023OnNotebooks,
    title = {{On the Design of AI-powered Code Assistants for Notebooks}},
    year = {2023},
    journal = {Conference on Human Factors in Computing Systems - Proceedings},
    author = {McNutt, Andrew M. and Wang, Chenglong and Deline, Robert A. and Drucker, Steven M.},
    number = {23},
    month = {4},
    volume = {16},
    publisher = {Association for Computing Machinery},
    url = {https://dl.acm.org/doi/10.1145/3544548.3580940},
    isbn = {9781450394215},
    doi = {10.1145/3544548.3580940},
    arxivId = {2301.11178},
    keywords = {Artificial Intelligence, Code Assistant, Computational Notebooks, Copilot, Design Probe}
}

@article{Mirzadeh2024GSM-Symbolic:Models,
    title = {{GSM-Symbolic: Understanding the Limitations of Mathematical Reasoning in Large Language Models}},
    year = {2024},
    author = {Mirzadeh, Iman and Alizadeh, Keivan and Shahrokhi, Hooman and Tuzel, Oncel and Bengio, Samy and Farajtabar, Mehrdad},
    month = {10},
    url = {https://arxiv.org/abs/2410.05229v1},
    arxivId = {2410.05229}
}

@article{Mordechai2024NoviCode:Novices,
    title = {{NoviCode: Generating Programs from Natural Language Utterances by Novices}},
    year = {2024},
    author = {Mordechai, Asaf Achi and Goldberg, Yoav and Tsarfaty, Reut},
    month = {7},
    url = {https://arxiv.org/abs/2407.10626v2},
    arxivId = {2407.10626}
}

@article{Mozannar2024ReadingProgramming,
    title = {{Reading Between the Lines: Modeling User Behavior and Costs in AI-Assisted Programming}},
    year = {2024},
    journal = {Conference on Human Factors in Computing Systems - Proceedings},
    author = {Mozannar, Hussein and Fourney, Adam and Bansal, Gagan and Horvitz, Eric},
    month = {5},
    publisher = {Association for Computing Machinery},
    isbn = {9798400703300},
    doi = {10.1145/3613904.3641936},
    arxivId = {2210.14306},
    keywords = {AI-assisted Programming, Copilot, User State Model}
}

@article{Nam2024UsingUnderstanding,
    title = {{Using an LLM to Help with Code Understanding}},
    year = {2024},
    journal = {Proceedings - International Conference on Software Engineering},
    author = {Nam, Daye and MacVean, Andrew and Hellendoorn, Vincent and Vasilescu, Bogdan and Myers, Brad},
    pages = {1184--1196},
    publisher = {IEEE Computer Society},
    isbn = {9798400702174},
    doi = {10.1145/3597503.3639187},
    issn = {02705257},
    arxivId = {2307.08177},
    keywords = {Developer tool, Information support, LLM, Program comprehension, User study}
}

@inproceedings{Nangia2017TrackResearch,
    title = {{Track 1 paper: surveying the US National Postdoctoral Association regarding software use and training in research}},
    year = {2017},
    booktitle = {Workshop on Sustainable Software for Science: Practice and Experiences (WSSSPE 5.1)},
    author = {Nangia, Udit and Katz, Daniel S and {others}}
}

@article{Nguyen2024HowOther,
    title = {{How Beginning Pro-grammers and Code LLMs (Mis)read Each Other}},
    year = {2024},
    author = {Nguyen, Sydney and Mclean Babe, Hannah and Zi, Yangtian and Guha, Arjun and Anderson, Carolyn Jane and Feldman, Molly Q and Anderson, Jane},
    pages = {26},
    publisher = {ACM},
    url = {https://doi.org/10.1145/3613904.3642706},
    isbn = {9798400703300},
    doi = {10.1145/3613904.3642706},
    keywords = {ACM Reference Format:, CCS CONCEPTS • Human-centered computing → User studies, Machine learning, • Computing methodologies → Artificial intelligence, • Social and professional topics → Computing education, • Soft-ware and its engineering}
}

@article{Patel2022IsNeed,
    title = {{Is a Question Decomposition Unit All We Need?}},
    year = {2022},
    journal = {Proceedings of the 2022 Conference on Empirical Methods in Natural Language Processing, EMNLP 2022},
    author = {Patel, Pruthvi and Mishra, Swaroop and Parmar, Mihir and Baral, Chitta},
    month = {5},
    pages = {4553--4569},
    publisher = {Association for Computational Linguistics (ACL)},
    url = {https://arxiv.org/abs/2205.12538v2},
    doi = {10.18653/v1/2022.emnlp-main.302},
    arxivId = {2205.12538}
}

@article{Prabhu2011AScience,
    title = {{A survey of the practice of computational science}},
    year = {2011},
    journal = {State of the Practice Reports, SC'11},
    author = {Prabhu, Prakash and Kim, Hanjun and Oh, Taewook and Jablin, Thomas B. and Johnson, Nick P. and Zoufaly, Matthew and Raman, Arun and Liu, Feng and Walker, David and Zhang, Yun and Ghosh, Soumyadeep and August, David I. and Huang, Jialu and Beard, Stephen},
    isbn = {9781450311397},
    doi = {10.1145/2063348.2063374}
}

@article{Prather2023ItsProgrammers,
    title = {{``It's Weird That it Knows What I Want'': Usability and Interactions with Copilot for Novice Programmers}},
    year = {2023},
    journal = {ACM Transactions on Computer-Human Interaction},
    author = {Prather, James and Reeves, Brent N and Denny, Paul and Becker, Brett A and Leinonen, Juho and Luxton-Reilly, Andrew and Powell, Garrett and Finnie-Ansley, James and Powell, Gar-Rett and Santos, Eddie Antonio and Denny, ; P and Leinonen, J and Luxton-Reilly, A and Finnie-Ansley, J and Becker, B A and Santos, E Antonio},
    number = {4},
    volume = {31},
    url = {https://doi.org/10.1145/3617367},
    doi = {10.1145/3617367},
    keywords = {AI, Artificial Intelligence, Automatic Code Generation, CS1, Codex, Copilot, GPT-3, GitHub, HCI, Introductory Programming, LLM, Large Language Models, Novice Programming, OpenAI}
}

@article{Prather2024TheProgrammers,
    title = {{The Widening Gap: The Benefits and Harms of Generative AI for Novice Programmers}},
    year = {2024},
    journal = {Proceedings of the 2024 ACM Conference on International Computing Education Research - Volume 1},
    author = {Prather, James and Reeves, Brent N and Leinonen, Juho and MacNeil, Stephen and Randrianasolo, Arisoa S and Becker, Brett A. and Kimmel, Bailey and Wright, Jared and Briggs, Ben},
    month = {8},
    pages = {469--486},
    publisher = {ACM},
    url = {https://dl.acm.org/doi/10.1145/3632620.3671116},
    address = {New York, NY, USA},
    isbn = {9798400704758},
    doi = {10.1145/3632620.3671116}
}

@article{Ragavan2022GridBook:Grid,
    title = {{GridBook: Natural Language Formulas for the Spreadsheet Grid}},
    year = {2022},
    journal = {International Conference on Intelligent User Interfaces, Proceedings IUI},
    author = {Ragavan, Sruti Srinivasa and Hou, Zhitao and Wang, Yun and Gordon, Andrew D. and Zhang, Haidong and Zhang, Dongmei},
    month = {3},
    pages = {345--368},
    publisher = {Association for Computing Machinery},
    url = {https://dl.acm.org/doi/10.1145/3490099.3511161},
    isbn = {9781450391443},
    doi = {10.1145/3490099.3511161/SUPPL{\_}FILE/IUI22-59-VIDEO-540P.MP4}
}

@article{Rothermel2011TheEngineering,
    title = {{The state of the art in end-user software engineering}},
    year = {2011},
    journal = {ACM Comput. Surv},
    author = {Rothermel, G and Shaw, M and Wiedenbeck, S},
    pages = {44},
    volume = {43},
    url = {http://doi.acm.org/10.1145/1922649.1922658},
    doi = {10.1145/1922649.1922658},
    keywords = {D2 [Software Engineering]: D3 [Programming Languages], Design Additional Key Words and Phrases: End-user software engineering, Experimentation, H5 [Information Interfaces and Presentation], Human Factors, J4 [Social and Behav-ioral Sciences] General Terms: Reliability, K4 [Computers and Society], Languages, end-user devel-opment, end-user programming, human-computer interaction, visual programming}
}

@article{Russo2023NavigatingEngineering,
    title = {{Navigating the Complexity of Generative AI Adoption in Software Engineering}},
    year = {2023},
    journal = {ACM Transactions on Software Engineering and Methodology},
    author = {Russo, Daniel},
    number = {111},
    month = {7},
    pages = {44},
    volume = {37},
    url = {https://arxiv.org/abs/2307.06081v1},
    doi = {10.1145/1122445.1122456},
    arxivId = {2307.06081},
    keywords = {Empirical Software Engineering., Generative AI, Large Language Models, Technology Adaption}
}

@article{Sarkar2022WhatIntelligence,
    title = {{What is it like to program with artificial intelligence?}},
    year = {2022},
    author = {Sarkar, Advait and Gordon, Andrew D. and Negreanu, Carina and Poelitz, Christian and Ragavan, Sruti Srinivasa and Zorn, Ben},
    month = {8},
    url = {https://arxiv.org/abs/2208.06213v2},
    arxivId = {2208.06213}
}

@inproceedings{Segal2007SomeDevelopers,
    title = {{Some problems of professional end user developers}},
    year = {2007},
    booktitle = {IEEE Symposium on Visual Languages and Human-Centric Computing (VL/HCC 2007)},
    author = {Segal, Judith},
    pages = {111--118}
}

@article{Segal2009SomeScientists,
    title = {{Some challenges facing software engineers developing software for scientists}},
    year = {2009},
    journal = {Proceedings of the 2009 ICSE Workshop on Software Engineering for Computational Science and Engineering, SECSE 2009},
    author = {Segal, Judith},
    pages = {9--14},
    isbn = {9781424437375},
    doi = {10.1109/SECSE.2009.5069156}
}

@article{Smith2019DebunkingSoftware,
    title = {{Debunking the myth that upfront requirements are infeasible for scientific computing software}},
    year = {2019},
    journal = {Proceedings - 2019 IEEE/ACM 14th International Workshop on Software Engineering for Science, SE4Science 2019},
    author = {Smith, Spencer and Srinivasan, Malavika and Shankar, Sumanth},
    month = {5},
    pages = {33--40},
    publisher = {Institute of Electrical and Electronics Engineers Inc.},
    isbn = {9781728122762},
    doi = {10.1109/SE4SCIENCE.2019.00011},
    arxivId = {1906.07812},
    keywords = {Casting, Documentation, Information hiding, Requirements analysis, Scientific computing, Software engineering}
}

@article{Storer2017BridgingProgramming,
    title = {{Bridging the chasm: A survey of sofware engineering practice in scientific programming}},
    year = {2017},
    journal = {ACM Computing Surveys},
    author = {Storer, Tim},
    number = {4},
    month = {8},
    volume = {50},
    publisher = {Association for Computing Machinery},
    doi = {10.1145/3084225},
    issn = {15577341},
    keywords = {Scientific programming, Software engineering}
}

@article{Vaithilingam2022ExpectationModels,
    title = {{Expectation vs. Experience: Evaluating the Usability of Code Generation Tools Powered by Large Language Models}},
    year = {2022},
    journal = {Conference on Human Factors in Computing Systems - Proceedings},
    author = {Vaithilingam, Priyan and Zhang, Tianyi and Glassman, Elena L.},
    month = {4},
    publisher = {Association for Computing Machinery},
    isbn = {9781450391566},
    doi = {10.1145/3491101.3519665},
    keywords = {github copilot, large language model}
}

@article{Wang2024WhereCode,
    title = {{Where Do Large Language Models Fail When Generating Code?}},
    year = {2024},
    author = {Wang, Zhijie and Zhou, Zijie and Song, Da and Huang, Yuheng and Chen, Shengmai and Ma, Lei and Zhang, Tianyi},
    month = {6},
    url = {https://arxiv.org/abs/2406.08731v2},
    arxivId = {2406.08731}
}

@article{Wei2022Chain-of-ThoughtModels,
    title = {{Chain-of-Thought Prompting Elicits Reasoning in Large Language Models}},
    year = {2022},
    journal = {Advances in Neural Information Processing Systems},
    author = {Wei, Jason and Wang, Xuezhi and Schuurmans, Dale and Bosma, Maarten and ichter, brian and Xia, Fei and Chi, Ed and Le, Quoc V and Zhou, Denny},
    number = {3},
    month = {12},
    pages = {24824--24837},
    volume = {35},
    url = {https://aijournals.com/index.php/ajcpn/article/view/184},
    issn = {2347-3363},
    keywords = {Biotinidase Deficiency, multiple carboxylase deficiency, stroke}
}

@article{Xu2022In-IDEChallenges,
    title = {{In-IDE Code Generation from Natural Language: Promise and Challenges}},
    year = {2022},
    journal = {ACM Transactions on Software Engineering and Methodology},
    author = {Xu, Frank F. and Vasilescu, Bogdan and Neubig, Graham},
    number = {2},
    month = {4},
    volume = {31},
    publisher = {Association for Computing Machinery},
    doi = {10.1145/3487569},
    issn = {15577392},
    arxivId = {2101.11149},
    keywords = {Natural language programming assistant, code generation, code retrieval, empirical study}
}

@article{Yetistiren2022AssessingGeneration,
    title = {{Assessing the quality of GitHub copilot's code generation}},
    year = {2022},
    journal = {PROMISE 2022 - Proceedings of the 18th International Conference on Predictive Models and Data Analytics in Software Engineering, co-located with ESEC/FSE 2022},
    author = {Yetistiren, Burak and Ozsoy, Isik and Tuzun, Eray},
    number = {22},
    month = {11},
    pages = {62--71},
    volume = {10},
    publisher = {Association for Computing Machinery, Inc},
    url = {https://dl.acm.org/doi/10.1145/3558489.3559072},
    isbn = {9781450398602},
    doi = {10.1145/3558489.3559072},
    keywords = {AI pair programmer, GitHub Copilot, code completion, code generation, empirical study}
}

@article{Yin2022NaturalNotebooks,
    title = {{Natural language to code generation in interactive data science notebooks}},
    year = {2022},
    journal = {arXiv preprint arXiv:2212.09248},
    author = {Yin, Pengcheng and Li, Wen-Ding and Xiao, Kefan and Rao, Abhishek and Wen, Yeming and Shi, Kensen and Howland, Joshua and Bailey, Paige and Catasta, Michele and Michalewski, Henryk and {others}}
}

