@article{Liu2023WhatModels,
    title = {{"What It Wants Me To Say": Bridging the Abstraction Gap Between End-User Programmers and Code-Generating Large Language Models}},
    year = {2023},
    journal = {Conference on Human Factors in Computing Systems - Proceedings},
    author = {Liu, Michael Xieyang and Sarkar, Advait and Negreanu, Carina and Zorn, Benjamin and Williams, Jack and Toronto, Neil and Gordon, Andrew D.},
    month = {4},
    publisher = {Association for Computing Machinery},
    url = {https://dl.acm.org/doi/10.1145/3544548.3580817},
    isbn = {9781450394215},
    doi = {10.1145/3544548.3580817/ASSET/F8C36C77-80E5-4C61-B5F1-40A6BB94ECDE/ASSETS/HTML/IMAGES/CHI23-163-IMG70.SVG},
    keywords = {Human-AI Interaction, Large Language Models, Natural Language Programming, Spreadsheets}
}

@article{Paine2017WhoVisualizations,
    title = {{"Who Has Plots?": Contextualizing Scientific Software, Practice, and Visualizations}},
    year = {2017},
    author = {Paine, Drew and Lee, Charlotte P},
    pages = {85},
    volume = {1},
    publisher = {CSCW},
    url = {https://doi.org/10.1145/3134720},
    doi = {10.1145/3134720},
    keywords = {CCS Concepts • Human-centered computing{\~{}}Computer supported cooperative work • Human-centered computing{\~{}}Ethnographic studies • Human-centered computing{\~{}}Scientific visualization • Applied computing{\~{}}Astronomy KEYWORDS Software studies, cosmology, epoch of reionization, ethnographic study, plots, research infrastructures, scientific software development, scientific software testing, scientific visualizations}
}

@misc{Donoho201750Science,
    title = {{50 Years of Data Science}},
    year = {2017},
    booktitle = {Journal of Computational and Graphical Statistics},
    author = {Donoho, David},
    number = {4},
    volume = {26},
    doi = {10.1080/10618600.2017.1384734},
    issn = {15372715}
}

@article{Dvivedi2024AGeneration,
    title = {{A Comparative Analysis of Large Language Models for Code Documentation Generation}},
    year = {2024},
    journal = {AIware 2024 - Proceedings of the 1st ACM International Conference on AI-Powered Software, Co-located with: ESEC/FSE 2024},
    author = {Dvivedi, Shubhang Shekhar and Vijay, Vyshnav and Pujari, Sai Leela Rahul and Lodh, Shoumik and Kumar, Dhruv},
    month = {7},
    pages = {65--73},
    publisher = {Association for Computing Machinery, Inc},
    url = {https://dl.acm.org/doi/10.1145/3664646.3664765},
    isbn = {9798400706851},
    doi = {10.1145/3664646.3664765},
    arxivId = {2312.10349},
    keywords = {Code documentation, Large Language Models}
}

@inproceedings{Albright2018ACS1,
    title = {{A functional approach to data science in CS1}},
    year = {2018},
    booktitle = {SIGCSE 2018 - Proceedings of the 49th ACM Technical Symposium on Computer Science Education},
    author = {Albright, Sarah Dahlby and Klinge, Titus H. and Rebelsky, Samuel A.},
    volume = {2018-January},
    doi = {10.1145/3159450.3159550}
}

@article{Liang2024AChallenges,
    title = {{A Large-Scale Survey on the Usability of AI Programming Assistants: Successes and Challenges}},
    year = {2024},
    journal = {Proceedings - International Conference on Software Engineering},
    author = {Liang, Jenny T. and Yang, Chenyang and Myers, Brad A.},
    month = {2},
    publisher = {IEEE Computer Society},
    isbn = {9798400702174},
    doi = {10.1145/3597503.3608128},
    issn = {02705257},
    arxivId = {2303.17125},
    keywords = {AI programming assistants, usability study}
}

@article{Munafo2017AScience,
    title = {{A manifesto for reproducible science}},
    year = {2017},
    journal = {Nature Human Behaviour},
    author = {Munaf{\`{o}}, Marcus R. and Nosek, Brian A. and Bishop, Dorothy V.M. and Button, Katherine S. and Chambers, Christopher D. and Percie Du Sert, Nathalie and Simonsohn, Uri and Wagenmakers, Eric Jan and Ware, Jennifer J. and Ioannidis, John P.A.},
    number = {1},
    month = {1},
    volume = {1},
    publisher = {Nature Publishing Group},
    doi = {10.1038/S41562-016-0021},
    issn = {23973374},
    pmid = {33954258}
}

@article{DSouza2019AMessages,
    title = {{A mixed-methods study of novice programmer interaction with python error messages}},
    year = {2019},
    journal = {Proceedings of the 24th Western Canadian Conference on Computing Education, WCCCE 2019},
    author = {D'Souza, Rachel and Bhayana, Mahima and Ahmadzadeh, Marzieh and Harrington, Brian},
    month = {5},
    publisher = {Association for Computing Machinery, Inc},
    isbn = {9781450367158},
    doi = {10.1145/3314994.3325090},
    keywords = {CS1, Compilation behaviour, Debugging, Error messages, Usability}
}

@article{Kelly2007AComputing,
    title = {{A software chasm: Software engineering and scientific computing}},
    year = {2007},
    journal = {IEEE Software},
    author = {Kelly, Diane F.},
    number = {6},
    month = {11},
    volume = {24},
    doi = {10.1109/MS.2007.155},
    issn = {07407459},
    keywords = {Scientific computing, Software engineering}
}

@article{Prabhu2011AScience,
    title = {{A survey of the practice of computational science}},
    year = {2011},
    journal = {State of the Practice Reports, SC'11},
    author = {Prabhu, Prakash and Kim, Hanjun and Oh, Taewook and Jablin, Thomas B. and Johnson, Nick P. and Zoufaly, Matthew and Raman, Arun and Liu, Feng and Walker, David and Zhang, Yun and Ghosh, Soumyadeep and August, David I. and Huang, Jialu and Beard, Stephen},
    isbn = {9781450311397},
    doi = {10.1145/2063348.2063374}
}

@article{Prabhu2011AScienceb,
    title = {{A survey of the practice of computational science}},
    year = {2011},
    journal = {State of the Practice Reports, SC'11},
    author = {Prabhu, Prakash and Kim, Hanjun and Oh, Taewook and Jablin, Thomas B. and Johnson, Nick P. and Zoufaly, Matthew and Raman, Arun and Liu, Feng and Walker, David and Zhang, Yun and Ghosh, Soumyadeep and August, David I. and Huang, Jialu and Beard, Stephen},
    url = {https://dl.acm.org/doi/10.1145/2063348.2063374},
    isbn = {9781450311397},
    doi = {10.1145/2063348.2063374}
}

@article{Carver2022AStates,
    title = {{A survey of the state of the practice for research software in the United States}},
    year = {2022},
    journal = {PeerJ Computer Science},
    author = {Carver, Jeffrey C. and Weber, Nic and Ram, Karthik and Gesing, Sandra and Katz, Daniel S.},
    month = {5},
    pages = {e963},
    volume = {8},
    publisher = {PeerJ Inc.},
    url = {https://peerj.com/articles/cs-963},
    doi = {10.7717/PEERJ-CS.963},
    issn = {2376-5992},
    keywords = {Best practices, Communities, Education {\&} training, Policy, Research software, Software sustainability, Subjects Computer Education, Survey}
}

@article{Keuning2018AExercises,
    title = {{A systematic literature review of automated feedback generation for programming exercises}},
    year = {2018},
    journal = {ACM Transactions on Computing Education},
    author = {Keuning, Hieke and Jeuring, Johan and Heeren, Bastiaan},
    number = {1},
    month = {9},
    volume = {19},
    publisher = {Association for Computing Machinery},
    url = {https://dl.acm.org/doi/10.1145/3231711},
    doi = {10.1145/3231711/SUPPL{\_}FILE/KEUNING.ZIP},
    issn = {19466226},
    keywords = {Automated feedback, Learning programming, Programming tools, Systematic literature review}
}

@article{FEIGENBAUM1962AEFFECT,
    title = {{A THEORY OF THE SERIAL POSITION EFFECT}},
    year = {1962},
    journal = {British Journal of Psychology},
    author = {FEIGENBAUM, E. A. and SIMON, H. A.},
    number = {3},
    month = {8},
    pages = {307--320},
    volume = {53},
    publisher = {John Wiley {\&} Sons, Ltd},
    url = {https://onlinelibrary.wiley.com/doi/full/10.1111/j.2044-8295.1962.tb00836.x https://onlinelibrary.wiley.com/doi/abs/10.1111/j.2044-8295.1962.tb00836.x https://bpspsychub.onlinelibrary.wiley.com/doi/10.1111/j.2044-8295.1962.tb00836.x},
    doi = {10.1111/J.2044-8295.1962.TB00836.X},
    issn = {2044-8295},
    pmid = {13892029}
}

@article{Glenberg1980AEffects,
    title = {{A two-process account of long-term serial position effects}},
    year = {1980},
    journal = {Physical Review B - Condensed Matter and Materials Physics},
    author = {Glenberg, Arthur M. and Bradley, Margaret M. and Stevenson, Jennifer A. and Kraus, Thomas A. and Tkachuk, Marilyn J. and Gretz, Ann L. and Fish, Joel H. and Turpin, Betty Ann M.},
    number = {4},
    month = {7},
    pages = {355--369},
    volume = {6},
    doi = {10.1037/0278-7393.6.4.355},
    issn = {00961515},
    keywords = {difficulty of distractor task {\&}, incidental learning instructions, long term serial position effects in free recall of word pairs, college students, interpair interval {\&}}
}

@misc{McCartan2022Adjustr:Sampling,
    title = {{adjustr: Stan Model Adjustments and Sensitivity Analyses using Importance Sampling}},
    year = {2022},
    author = {McCartan, Cory}
}

@misc{VanNoorden2023AIThink,
    title = {{AI and science: what 1,600 researchers think}},
    year = {2023},
    booktitle = {Nature},
    author = {Van Noorden, Richard and Perkel, Jeffrey M.},
    number = {7980},
    volume = {621},
    doi = {10.1038/d41586-023-02980-0},
    issn = {14764687}
}

@article{Nguyen2022AnSuggestions,
    title = {{An Empirical Evaluation of GitHub Copilot's Code Suggestions}},
    year = {2022},
    journal = {Proceedings - 2022 Mining Software Repositories Conference, MSR 2022},
    author = {Nguyen, Nhan and Nadi, Sarah},
    pages = {1--5},
    publisher = {Institute of Electrical and Electronics Engineers Inc.},
    isbn = {9781450393034},
    doi = {10.1145/3524842.3528470},
    keywords = {Codex, Empirical Evaluation, GitHub Copilot, Program Synthesis}
}

@article{Schafer2024AnGeneration,
    title = {{An Empirical Evaluation of Using Large Language Models for Automated Unit Test Generation}},
    year = {2024},
    journal = {IEEE Transactions on Software Engineering},
    author = {Schafer, Max and Nadi, Sarah and Eghbali, Aryaz and Tip, Frank},
    number = {1},
    month = {1},
    pages = {85--105},
    volume = {50},
    publisher = {Institute of Electrical and Electronics Engineers Inc.},
    doi = {10.1109/TSE.2023.3334955},
    issn = {19393520},
    arxivId = {2302.06527},
    keywords = {JavaScript, Test generation, language models}
}

@inproceedings{Tang2023AnCode,
    title = {{An Empirical Study of Developer Behaviors for Validating and Repairing AI-Generated Code}},
    year = {2023},
    booktitle = {13th Workshop on the Intersection of HCI and PL},
    author = {Tang, Ningzhi and Chen, Meng and Ning, Zheng and Bansal, Aakash and Huang, Yu and McMillan, Collin and Li, T},
    month = {3},
    publisher = {Plateau Workshop},
    url = {/articles/conference_contribution/An_Empirical_Study_of_Developer_Behaviors_for_Validating_and_Repairing_AI-Generated_Code/22223533/1},
    doi = {10.1184/R1/22223533.V1},
    keywords = {GitHub Copilot, IDE tracking, code generation, eye tracking, programmer behavior}
}

@article{Chasins2023AnCode,
    title = {{An Empirical Study of Developer Behaviors for Validating and Repairing AI-Generated Code}},
    year = {2023},
    author = {Chasins, Sarah and Glassman, Elena and Sunshine, Joshua and Tang, Ningzhi and Chen, Meng and Ning, Zheng and Bansal, Aakash and Huang, Yu and Mcmillan, Collin and Jia, Toby and Li, Jun},
    month = {3},
    publisher = {Plateau Workshop},
    url = {/articles/conference_contribution/An_Empirical_Study_of_Developer_Behaviors_for_Validating_and_Repairing_AI-Generated_Code/22223533/1},
    doi = {10.1184/R1/22223533.V1},
    keywords = {GitHub Copilot, IDE tracking, code generation, eye tracking, programmer behavior}
}

@article{Zhang2021AnOverflow,
    title = {{An Empirical Study of Obsolete Answers on Stack Overflow}},
    year = {2021},
    journal = {IEEE Transactions on Software Engineering},
    author = {Zhang, Haoxiang and Wang, Shaowei and Chen, Tse Hsun and Zou, Ying and Hassan, Ahmed E.},
    number = {4},
    volume = {47},
    doi = {10.1109/TSE.2019.2906315},
    issn = {19393520}
}

@article{QianAnApproach,
    title = {{An Investigation of High School Students' Errors in Introductory Programming: A Data-Driven Approach}},
    journal = {Journal of Educational Computing Research},
    author = {Qian, Yizhou and Lehman, James},
    number = {5},
    pages = {919--945},
    volume = {2020},
    doi = {10.1177/0735633119887508},
    keywords = {automated assessment tools, common errors, computer science education, introductory programming}
}

@misc{Weiss2022AnnouncingModels,
    title = {{Announcing our next-generation AI models}},
    year = {2022},
    booktitle = {https://www.tabnine.com/blog/announcing-tabnine-next-generation/},
    author = {Weiss, Dror},
    month = {6},
    url = {https://www.tabnine.com/blog/announcing-tabnine-next-generation/}
}

@article{Ernst2023ArchitectingSoftware,
    title = {{Architecting complex, long-lived scientific software}},
    year = {2023},
    journal = {Journal of Systems and Software},
    author = {Ernst, Neil A. and Klein, John and Bartolini, Marco and Coles, Jeremy and Rees, Nick},
    month = {10},
    pages = {111732},
    volume = {204},
    publisher = {Elsevier},
    doi = {10.1016/J.JSS.2023.111732},
    issn = {0164-1212},
    arxivId = {2304.13797},
    keywords = {Radio astronomy, Scientific software, Software architecture, Software engineering in practice, Software process}
}

@article{Alkaissi2023ArtificialWriting,
    title = {{Artificial Hallucinations in ChatGPT: Implications in Scientific Writing}},
    year = {2023},
    journal = {Cureus},
    author = {Alkaissi, Hussam and McFarlane, Samy I},
    month = {2},
    publisher = {Springer Science and Business Media LLC},
    doi = {10.7759/CUREUS.35179},
    issn = {2168-8184},
    pmid = {36811129}
}

@article{Yetistiren2022AssessingGeneration,
    title = {{Assessing the quality of GitHub copilot's code generation}},
    year = {2022},
    journal = {PROMISE 2022 - Proceedings of the 18th International Conference on Predictive Models and Data Analytics in Software Engineering, co-located with ESEC/FSE 2022},
    author = {Yetistiren, Burak and Ozsoy, Isik and Tuzun, Eray},
    number = {22},
    month = {11},
    pages = {62--71},
    volume = {10},
    publisher = {Association for Computing Machinery, Inc},
    url = {https://dl.acm.org/doi/10.1145/3558489.3559072},
    isbn = {9781450398602},
    doi = {10.1145/3558489.3559072},
    keywords = {AI pair programmer, GitHub Copilot, code completion, code generation, empirical study}
}

@article{Karraker2015AuthorsRetraction,
    title = {{Authors’ explanation of the retraction}},
    year = {2015},
    journal = {Journal of Health and Social Behavior},
    author = {Karraker, Amelia and Latham, Kenzie},
    number = {3},
    month = {1},
    pages = {417--419},
    volume = {56},
    publisher = {American Sociological Association},
    doi = {10.1177/0022146515595817},
    issn = {21506000}
}

@article{Sarsa2022AutomaticModels,
    title = {{Automatic Generation of Programming Exercises and Code Explanations Using Large Language Models}},
    year = {2022},
    journal = {ICER 2022 - Proceedings of the 2022 ACM Conference on International Computing Education Research},
    author = {Sarsa, Sami and Denny, Paul and Hellas, Arto and Leinonen, Juho},
    month = {8},
    pages = {27--43},
    volume = {1},
    publisher = {Association for Computing Machinery, Inc},
    url = {https://dl.acm.org/doi/10.1145/3501385.3543957},
    isbn = {9781450391948},
    doi = {10.1145/3501385.3543957},
    arxivId = {2206.11861},
    keywords = {Automated feedback, CS1, Code explanations, Exercise generation, GPT-3, Large language models, Natural language generation, OpenAI Codex, Programming exercises, Resource generation, Robosourcing}
}

@book{Corbin2012BasicsTheory,
    title = {{Basics of Qualitative Research (3rd ed.): Techniques and Procedures for Developing Grounded Theory}},
    year = {2012},
    booktitle = {Basics of Qualitative Research (3rd ed.): Techniques and Procedures for Developing Grounded Theory},
    author = {Corbin, Juliet and Strauss, Anselm},
    doi = {10.4135/9781452230153}
}

@article{Wilson2012BestComputing,
    title = {{Best Practices for Scientific Computing}},
    year = {2012},
    journal = {Science},
    author = {Wilson, Greg and Aruliah, D. A. and Brown, C. Titus and Hong, Neil P. Chue and Davis, Matt and Guy, Richard T. and Haddock, Steven H. D. and Huff, Katy and Mitchell, Ian M. and Plumbley, Mark and Waugh, Ben and White, Ethan P. and Wilson, Paul},
    number = {6134},
    month = {9},
    pages = {814--815},
    volume = {340},
    publisher = {{\\\}American Association for the Advancement of Science{\\\}},
    url = {http://arxiv.org/abs/1210.0530 http://dx.doi.org/10.1371/journal.pbio.1001745},
    doi = {10.1371/journal.pbio.1001745},
    arxivId = {1210.0530v1}
}

@article{Weisz2022BetterTranslation,
    title = {{Better Together? An Evaluation of AI-Supported Code Translation}},
    year = {2022},
    journal = {International Conference on Intelligent User Interfaces, Proceedings IUI},
    author = {Weisz, Justin D. and Muller, Michael and Ross, Steven I. and Martinez, Fernando and Houde, Stephanie and Agarwal, Mayank and Talamadupula, Kartik and Richards, John T.},
    month = {3},
    pages = {369--391},
    publisher = {Association for Computing Machinery},
    url = {https://dl.acm.org/doi/10.1145/3490099.3511157},
    isbn = {9781450391443},
    doi = {10.1145/3490099.3511157},
    arxivId = {2202.07682},
    keywords = {Code translation, generative AI, human-AI co-creation, imperfect AI}
}

@article{Storer2017BridgingProgramming,
    title = {{Bridging the chasm: A survey of sofware engineering practice in scientific programming}},
    year = {2017},
    journal = {ACM Computing Surveys},
    author = {Storer, Tim},
    number = {4},
    month = {8},
    volume = {50},
    publisher = {Association for Computing Machinery},
    doi = {10.1145/3084225},
    issn = {15577341},
    keywords = {Scientific programming, Software engineering}
}

@article{Ahmed2024CanArtifacts,
    title = {{Can LLMs Replace Manual Annotation of Software Engineering Artifacts?}},
    year = {2024},
    author = {Ahmed, Toufique and Devanbu, Premkumar and Treude, Christoph and Pradel, Michael},
    month = {8},
    url = {https://arxiv.org/abs/2408.05534v1},
    arxivId = {2408.05534}
}

@article{Wei2022Chain-of-ThoughtModels,
    title = {{Chain-of-Thought Prompting Elicits Reasoning in Large Language Models}},
    year = {2022},
    journal = {Advances in Neural Information Processing Systems},
    author = {Wei, Jason and Wang, Xuezhi and Schuurmans, Dale and Bosma, Maarten and ichter, brian and Xia, Fei and Chi, Ed and Le, Quoc V and Zhou, Denny},
    number = {3},
    month = {12},
    pages = {24824--24837},
    volume = {35},
    url = {https://aijournals.com/index.php/ajcpn/article/view/184},
    issn = {2347-3363},
    keywords = {Biotinidase Deficiency, multiple carboxylase deficiency, stroke}
}

@article{Vogel2019ChallengesScience,
    title = {{Challenges for verifying and validating scientific software in computational materials science}},
    year = {2019},
    journal = {Proceedings - 2019 IEEE/ACM 14th International Workshop on Software Engineering for Science, SE4Science 2019},
    author = {Vogel, Thomas and Druskat, Stephan and Scheidgen, Markus and Draxl, Claudia and Grunske, Lars},
    month = {5},
    pages = {25--32},
    publisher = {Institute of Electrical and Electronics Engineers Inc.},
    isbn = {9781728122762},
    doi = {10.1109/SE4SCIENCE.2019.00010},
    arxivId = {1906.09179},
    keywords = {Computational Materials Science, Scientific Software, Validation and Verification}
}

@article{Ghassemi2023ChatGPTWhy,
    title = {{ChatGPT one year on: who is using it, how and why?}},
    year = {2023},
    journal = {Nature 2023 624:7990},
    author = {Ghassemi, Marzyeh and Birhane, Abeba and Bilal, Mushtaq and Kankaria, Siddharth and Malone, Claire and Mollick, Ethan and Tustumi, Francisco},
    number = {7990},
    month = {11},
    pages = {39--41},
    volume = {624},
    publisher = {Nature Publishing Group},
    url = {https://www.nature.com/articles/d41586-023-03798-6},
    doi = {10.1038/d41586-023-03798-6},
    issn = {14764687},
    keywords = {Computer science, Machine learning, Policy, Technology}
}

@misc{OpenAI2022ChatGPT:Dialogue,
    title = {{ChatGPT: Optimizing language models for dialogue}},
    year = {2022},
    booktitle = {https://openai.com/blog/chatgpt},
    author = {{OpenAI}},
    month = {11}
}

@article{Sobania2022ChooseProgramming,
    title = {{Choose Your Programming Copilot: A Comparison of the Program Synthesis Performance of GitHub Copilot and Genetic Programming}},
    year = {2022},
    journal = {GECCO 2022 - Proceedings of the 2022 Genetic and Evolutionary Computation Conference},
    author = {Sobania, Dominik and Briesch, Martin and Rothlauf, Franz},
    month = {7},
    pages = {1019--1027},
    publisher = {Association for Computing Machinery, Inc},
    isbn = {9781450392372},
    doi = {10.1145/3512290.3528700},
    arxivId = {2111.07875},
    keywords = {Codex, Genetic Programming, GitHub Copilot, Large-Scale Language Models, Program Synthesis, Software Engineering}
}

@article{Heaton2015ClaimsReview,
    title = {{Claims about the use of software engineering practices in science: A systematic literature review}},
    year = {2015},
    journal = {Information and Software Technology},
    author = {Heaton, Dustin and Carver, Jeffrey C.},
    month = {11},
    pages = {207--219},
    volume = {67},
    publisher = {Elsevier B.V.},
    doi = {10.1016/J.INFSOF.2015.07.011},
    issn = {09505849},
    keywords = {Computational science, Scientific software, Systematic literature review}
}

@article{Truong2011CloudOutlook,
    title = {{Cloud computing for small research groups in computational science and engineering: Current status and outlook}},
    year = {2011},
    journal = {Computing (Vienna/New York)},
    author = {Truong, Hong Linh and Dustdar, Schahram},
    number = {1},
    volume = {91},
    doi = {10.1007/s00607-010-0120-1},
    issn = {0010485X}
}

@article{Becker2019CompilerResearch,
    title = {{Compiler error messages considered unhelpful: The landscape of text-based programming error message research}},
    year = {2019},
    journal = {Annual Conference on Innovation and Technology in Computer Science Education, ITiCSE},
    author = {Becker, Brett A. and Denny, Paul and Pettit, Raymond and Bouchard, Durell and Bouvier, Dennis J. and Harrington, Brian and Kamil, Amir and Karkare, Amey and McDonald, Chris and Osera, Peter Michael and Pearce, Janice L. and Prather, James},
    month = {12},
    pages = {177--210},
    publisher = {Association for Computing Machinery},
    isbn = {9781450368957},
    doi = {10.1145/3344429.3372508},
    issn = {1942647X},
    keywords = {CS-1, CS1, Compiler error messages, Considered harmful, Design guidelines, Diagnostic error messages, Error messages, HCI, Human computer interaction, Introduction to programming, Novice programmers, Programming error messages, Programming errors, Review, Run-time errors, Survey, Syntax errors, Warnings}
}

@article{Denny2023ConversingLanguage,
    title = {{Conversing with Copilot: Exploring Prompt Engineering for Solving CS1 Problems Using Natural Language}},
    year = {2023},
    journal = {SIGCSE 2023 - Proceedings of the 54th ACM Technical Symposium on Computer Science Education},
    author = {Denny, Paul and Kumar, Viraj and Giacaman, Nasser},
    month = {3},
    pages = {1136--1142},
    volume = {1},
    publisher = {Association for Computing Machinery, Inc},
    isbn = {9781450394314},
    doi = {10.1145/3545945.3569823},
    arxivId = {2210.15157},
    keywords = {artificial intelligence, cs1, foundation models, github copilot, introductory programming, large language models, openai}
}

@article{Sanders2008DealingDevelopment,
    title = {{Dealing with risk in scientific software development}},
    year = {2008},
    journal = {IEEE Software},
    author = {Sanders, Rebecca and Kelly, Diane},
    number = {4},
    month = {7},
    pages = {21--28},
    volume = {25},
    doi = {10.1109/MS.2008.84},
    issn = {07407459},
    keywords = {Empirical study, Professional end-user developer, Scientific application software, Software development, Software testing}
}

@inproceedings{Li2022DebuggingProgrammers,
    title = {{Debugging with stack overflow: Web search behavior in novice and expert programmers}},
    year = {2022},
    booktitle = {Proceedings of the ACM/IEEE 44th International Conference on Software Engineering: Software Engineering Education and Training},
    author = {Li, Annie and Endres, Madeline and Weimer, Westley},
    pages = {69--81}
}

@article{Smith2019DebunkingSoftware,
    title = {{Debunking the myth that upfront requirements are infeasible for scientific computing software}},
    year = {2019},
    journal = {Proceedings - 2019 IEEE/ACM 14th International Workshop on Software Engineering for Science, SE4Science 2019},
    author = {Smith, Spencer and Srinivasan, Malavika and Shankar, Sumanth},
    month = {5},
    pages = {33--40},
    publisher = {Institute of Electrical and Electronics Engineers Inc.},
    isbn = {9781728122762},
    doi = {10.1109/SE4SCIENCE.2019.00011},
    arxivId = {1906.07812},
    keywords = {Casting, Documentation, Information hiding, Requirements analysis, Scientific computing, Software engineering}
}

@inproceedings{Kale2019Decision-makingPaths,
    title = {{Decision-making under uncertainty in research synthesis: Designing for the garden of forking paths}},
    year = {2019},
    booktitle = {Conference on Human Factors in Computing Systems - Proceedings},
    author = {Kale, Alex and Kay, Matthew and Hullman, Jessica},
    doi = {10.1145/3290605.3300432}
}

@article{Rabani2024DevelopersFromInterviews,
    title = {{Developers’ Perspective on Trustworthiness of Code Generated by ChatGPT: Insights from Interviews}},
    year = {2024},
    journal = {Communications in Computer and Information Science},
    author = {Rabani, Zeinab Sadat and Khorashadizadeh, Hanieh and Abdollahzade, Shirin and Groppe, Sven and Ghofrani, Javad},
    pages = {215--229},
    volume = {2047 CCIS},
    publisher = {Springer Science and Business Media Deutschland GmbH},
    isbn = {9783031554858},
    doi = {10.1007/978-3-031-55486-5{\_}16},
    issn = {18650937},
    keywords = {ChatGPT, Code Generation, Large Language Model (LLM), Trustworthiness}
}

@article{Segal2008DevelopingSoftware,
    title = {{Developing scientific software}},
    year = {2008},
    journal = {IEEE Software},
    author = {Segal, Judith and Morris, Chris},
    number = {4},
    month = {7},
    pages = {18--20},
    volume = {25},
    doi = {10.1109/MS.2008.85},
    issn = {07407459},
    keywords = {Data visualization, High-performance computing, Scientific computing, Simulation}
}

@article{Lai2023DS-1000:Generation,
    title = {{DS-1000: A Natural and Reliable Benchmark for Data Science Code Generation}},
    year = {2023},
    journal = {Asian Journal of Clinical Pediatrics and Neonatology},
    author = {Lai, Yuhang and Li, Chengxi and Wang, Yiming and Zhang, Tianyi and Zhong, Ruiqi and Zettlemoyer, Luke and Yih, Wen-Tau and Fried, Daniel and Wang, Sida and Yu, Tao},
    number = {3},
    month = {7},
    pages = {18319--18345},
    volume = {2},
    publisher = {PMLR},
    url = {https://proceedings.mlr.press/v202/lai23b.html},
    issn = {2640-3498},
    keywords = {Biotinidase Deficiency, multiple carboxylase deficiency, stroke}
}

@article{Prause2010EmpiricalProjects,
    title = {{Empirical study of tool support in highly distributed research projects}},
    year = {2010},
    journal = {Proceedings - 5th International Conference on Global Software Engineering, ICGSE 2010},
    author = {Prause, Christian R. and Reiners, René and Dencheva, Silviya},
    pages = {23--32},
    publisher = {IEEE Computer Society},
    isbn = {9780769541228},
    doi = {10.1109/ICGSE.2010.13}
}

@article{Easterbrook2009EngineeringChange,
    title = {{Engineering the software for understanding climate change}},
    year = {2009},
    journal = {Computing in Science and Engineering},
    author = {Easterbrook, Steve M. and Johns, Timothy C.},
    number = {6},
    pages = {65--74},
    volume = {11},
    publisher = {IEEE Computer Society},
    doi = {10.1109/MCSE.2009.193},
    issn = {15219615}
}

@article{Kandel2012EnterpriseStudy,
    title = {{Enterprise data analysis and visualization: An interview study}},
    year = {2012},
    journal = {IEEE Transactions on Visualization and Computer Graphics},
    author = {Kandel, Sean and Paepcke, Andreas and Hellerstein, Joseph M. and Heer, Jeffrey},
    number = {12},
    volume = {18},
    doi = {10.1109/TVCG.2012.219},
    issn = {10772626}
}

@article{Fergus2023EvaluatingChatGPT,
    title = {{Evaluating Academic Answers Generated Using ChatGPT}},
    year = {2023},
    journal = {Journal of Chemical Education},
    author = {Fergus, Suzanne and Botha, Michelle and Ostovar, Mehrnoosh},
    number = {4},
    month = {4},
    pages = {1672--1675},
    volume = {100},
    publisher = {American Chemical Society},
    doi = {10.1021/ACS.JCHEMED.3C00087},
    issn = {19381328},
    keywords = {Applications of Chemistry, First-Year Undergraduate, General, Internet, Outreach, Public Understanding, Web-Based Learning}
}

@inproceedings{OmidvarTehrani2024EvaluatingMigration,
    title = {{Evaluating Human-AI Partnership for LLM-based Code Migration}},
    year = {2024},
    booktitle = {Extended Abstracts of the CHI Conference on Human Factors in Computing Systems},
    author = {Omidvar Tehrani, Behrooz and Anubhai, Anmol},
    pages = {1--8}
}

@article{Patel2023EvaluatingGeneration,
    title = {{Evaluating In-Context Learning of Libraries for Code Generation}},
    year = {2023},
    journal = {arXiv preprint arXiv:2311.09635},
    author = {Patel, Arkil and Reddy, Siva and Bahdanau, Dzmitry and Dasigi, Pradeep}
}

@article{Chen2021EvaluatingCode,
    title = {{Evaluating Large Language Models Trained on Code}},
    year = {2021},
    author = {Chen, Mark and Tworek, Jerry and Jun, Heewoo and Yuan, Qiming and Pinto, Henrique Ponde de Oliveira and Kaplan, Jared and Edwards, Harri and Burda, Yuri and Joseph, Nicholas and Brockman, Greg and Ray, Alex and Puri, Raul and Krueger, Gretchen and Petrov, Michael and Khlaaf, Heidy and Sastry, Girish and Mishkin, Pamela and Chan, Brooke and Gray, Scott and Ryder, Nick and Pavlov, Mikhail and Power, Alethea and Kaiser, Lukasz and Bavarian, Mohammad and Winter, Clemens and Tillet, Philippe and Such, Felipe Petroski and Cummings, Dave and Plappert, Matthias and Chantzis, Fotios and Barnes, Elizabeth and Herbert-Voss, Ariel and Guss, William Hebgen and Nichol, Alex and Paino, Alex and Tezak, Nikolas and Tang, Jie and Babuschkin, Igor and Balaji, Suchir and Jain, Shantanu and Saunders, William and Hesse, Christopher and Carr, Andrew N. and Leike, Jan and Achiam, Josh and Misra, Vedant and Morikawa, Evan and Radford, Alec and Knight, Matthew and Brundage, Miles and Murati, Mira and Mayer, Katie and Welinder, Peter and McGrew, Bob and Amodei, Dario and McCandlish, Sam and Sutskever, Ilya and Zaremba, Wojciech},
    month = {7},
    url = {http://arxiv.org/abs/2107.03374},
    arxivId = {2107.03374}
}

@article{Vaithilingam2022ExpectationModels,
    title = {{Expectation vs. Experience: Evaluating the Usability of Code Generation Tools Powered by Large Language Models}},
    year = {2022},
    journal = {Conference on Human Factors in Computing Systems - Proceedings},
    author = {Vaithilingam, Priyan and Zhang, Tianyi and Glassman, Elena L.},
    month = {4},
    publisher = {Association for Computing Machinery},
    isbn = {9781450391566},
    doi = {10.1145/3491101.3519665},
    keywords = {github copilot, large language model}
}

@inproceedings{MacNeil2023ExperiencesE-book,
    title = {{Experiences from using code explanations generated by large language models in a web software development e-book}},
    year = {2023},
    booktitle = {Proceedings of the 54th ACM Technical Symposium on Computer Science Education V. 1},
    author = {MacNeil, Stephen and Tran, Andrew and Hellas, Arto and Kim, Joanne and Sarsa, Sami and Denny, Paul and Bernstein, Seth and Leinonen, Juho},
    pages = {931--937}
}

@article{Jayagopal2022ExploringProgrammers,
    title = {{Exploring the Learnability of Program Synthesizers by Novice Programmers}},
    year = {2022},
    journal = {UIST 2022 - Proceedings of the 35th Annual ACM Symposium on User Interface Software and Technology},
    author = {Jayagopal, Dhanya and Lubin, Justin and Chasins, Sarah E.},
    month = {10},
    publisher = {Association for Computing Machinery, Inc},
    url = {https://dl.acm.org/doi/10.1145/3526113.3545659},
    isbn = {9781450393201},
    doi = {10.1145/3526113.3545659},
    keywords = {learnability, novice programmers, program synthesis, qualitative, thematic analysis}
}

@article{Colombatto2024FolkModels,
    title = {{Folk psychological attributions of consciousness to large language models}},
    year = {2024},
    journal = {Neuroscience of Consciousness},
    author = {Colombatto, Clara and Fleming, Stephen M},
    number = {1},
    pages = {niae013},
    volume = {2024},
    publisher = {Oxford University Press UK}
}

@article{Ebert2023GenerativePractitioners,
    title = {{Generative AI for Software Practitioners}},
    year = {2023},
    journal = {IEEE Software},
    author = {Ebert, Christof and Louridas, Panos},
    number = {4},
    volume = {40},
    doi = {10.1109/MS.2023.3265877},
    issn = {19374194}
}

@article{Ebert2023GenerativePractitionersb,
    title = {{Generative AI for Software Practitioners}},
    year = {2023},
    journal = {IEEE Software},
    author = {Ebert, Christof and Louridas, Panos},
    number = {4},
    month = {7},
    pages = {30--38},
    volume = {40},
    publisher = {IEEE Computer Society},
    doi = {10.1109/MS.2023.3265877},
    issn = {19374194}
}

@techreport{Nguyen-Duc2023GenerativeAgenda,
    title = {{Generative Artificial Intelligence for Software Engineering-A Research Agenda}},
    year = {2023},
    author = {Nguyen-Duc, Anh and Cabrero-Daniel, Beatriz and Przybylek, Adam and Arora, Chetan and Khanna, Dron and Herda, Tomas and Rafiq, Usman and Melegati, Jorge and Guerra, Eduardo and Kemell, Kai-Kristian and Saari, Mika and Zhang, Zheying and Le, Huy and Quan, Tho and Abrahamsson, Pekka},
    url = {https://openai.com/chatgpt},
    isbn = {2310.18648v1},
    arxivId = {2310.18648v1},
    keywords = {ChatGPT, CoPilot, Focus Group, GenAI, Generative Artificial Intelligence, Literature review, Literature survey, Research Agenda, Research Roadmap, Software Development, Software Engineering, Software Project, Structured review}
}

@article{Dakhel2023GitHubLiability,
    title = {{GitHub Copilot AI pair programmer: Asset or Liability?}},
    year = {2023},
    journal = {Journal of Systems and Software},
    author = {Dakhel, Arghavan Moradi and Majdinasab, Vahid and Nikanjam, Amin and Khomh, Foutse and Desmarais, Michel C. and Jiang, Zhen Ming (Jack)},
    month = {9},
    pages = {111734},
    volume = {203},
    publisher = {Elsevier},
    doi = {10.1016/J.JSS.2023.111734},
    issn = {0164-1212},
    arxivId = {2206.15331},
    keywords = {Code completion, GitHub copilot, Language model, Testing}
}

@article{Ragavan2022GridBook:Grid,
    title = {{GridBook: Natural Language Formulas for the Spreadsheet Grid}},
    year = {2022},
    journal = {International Conference on Intelligent User Interfaces, Proceedings IUI},
    author = {Ragavan, Sruti Srinivasa and Hou, Zhitao and Wang, Yun and Gordon, Andrew D. and Zhang, Haidong and Zhang, Dongmei},
    month = {3},
    pages = {345--368},
    publisher = {Association for Computing Machinery},
    url = {https://dl.acm.org/doi/10.1145/3490099.3511161},
    isbn = {9781450391443},
    doi = {10.1145/3490099.3511161/SUPPL{\_}FILE/IUI22-59-VIDEO-540P.MP4}
}

@article{Barke2023GroundedModels,
    title = {{Grounded Copilot: How Programmers Interact with Code-Generating Models}},
    year = {2023},
    journal = {Proceedings of the ACM on Programming Languages},
    author = {Barke, Shraddha and James, Michael B. and Polikarpova, Nadia},
    number = {OOPSLA1},
    month = {4},
    volume = {7},
    publisher = {Association for Computing Machinery},
    doi = {10.1145/3586030},
    issn = {24751421},
    arxivId = {2206.15000},
    keywords = {AI Assistants, Grounded Theory, Program Synthesis}
}

@article{Mirzadeh2024GSM-Symbolic:Models,
    title = {{GSM-Symbolic: Understanding the Limitations of Mathematical Reasoning in Large Language Models}},
    year = {2024},
    author = {Mirzadeh, Iman and Alizadeh, Keivan and Shahrokhi, Hooman and Tuzel, Oncel and Bengio, Samy and Farajtabar, Mehrdad},
    month = {10},
    url = {https://arxiv.org/abs/2410.05229v1},
    arxivId = {2410.05229}
}

@book{ShullGuideEngineering,
    title = {{Guide to Advanced Empirical Software Engineering}},
    author = {Shull, Forrest and Singer, Janice and Dag, • and Sj{\o}berg, I K and Sj{\o}berg, Dag I K},
    isbn = {978-1-84800-044-5}
}

@article{Roberts1994HowSoftware,
    title = {{How Accurate Is Scientific Software?}},
    year = {1994},
    journal = {IEEE Transactions on Software Engineering},
    author = {Roberts, Andy},
    number = {10},
    pages = {785--797},
    volume = {20},
    doi = {10.1109/32.328993},
    issn = {00985589},
    keywords = {Accuracy, N-version, fault visualization}
}

@article{Nguyen2024HowOther,
    title = {{How Beginning Pro-grammers and Code LLMs (Mis)read Each Other}},
    year = {2024},
    author = {Nguyen, Sydney and Mclean Babe, Hannah and Zi, Yangtian and Guha, Arjun and Anderson, Carolyn Jane and Feldman, Molly Q and Anderson, Jane},
    pages = {26},
    publisher = {ACM},
    url = {https://doi.org/10.1145/3613904.3642706},
    isbn = {9798400703300},
    doi = {10.1145/3613904.3642706},
    keywords = {ACM Reference Format:, CCS CONCEPTS • Human-centered computing → User studies, Machine learning, • Computing methodologies → Artificial intelligence, • Social and professional topics → Computing education, • Soft-ware and its engineering}
}

@inproceedings{Nguyen2024HowOtherb,
    title = {{How Beginning Programmers and Code LLMs (Mis) read Each Other}},
    year = {2024},
    booktitle = {Proceedings of the CHI Conference on Human Factors in Computing Systems},
    author = {Nguyen, Sydney and Babe, Hannah McLean and Zi, Yangtian and Guha, Arjun and Anderson, Carolyn Jane and Feldman, Molly Q},
    pages = {1--26}
}

@article{Conroy2023HowPublishing,
    title = {{How ChatGPT and other AI tools could disrupt scientific publishing}},
    year = {2023},
    journal = {Nature},
    author = {Conroy, Gemma},
    number = {7982},
    month = {10},
    pages = {234--236},
    volume = {622},
    publisher = {Nature Research},
    doi = {10.1038/D41586-023-03144-W},
    issn = {14764687},
    pmid = {37817033},
    keywords = {Computer science, Machine learning, Peer review, Publishing}
}

@article{Gu2024HowAnalyses,
    title = {{How Do Analysts Understand and Verify AI-Assisted Data Analyses?}},
    year = {2024},
    journal = {Proceedings of the CHI Conference on Human Factors in Computing Systems (CHI '24), May 11{\^{a}}•ﬁ16, 2024, Honolulu, HI, USA},
    author = {Gu, Ken and Shang, Ruoxi and Althoff, Tim and Wang, Chenglong and Drucker, Steven M},
    number = {24},
    volume = {1},
    publisher = {ACM},
    url = {https://doi.org/10.1145/3613904.3642497},
    isbn = {979-8-4007-0330-0},
    doi = {10.1145/3613904.3642497},
    arxivId = {2309.10947v2},
    keywords = {Auto Data Science, Copilot, Data Science Assistant, Design Probe, Explainable AI, Human-AI Interaction, Human-AI Verification}
}

@article{Hannay2009HowSoftware,
    title = {{How do scientists develop and use scientific software?}},
    year = {2009},
    journal = {Proceedings of the 2009 ICSE Workshop on Software Engineering for Computational Science and Engineering, SECSE 2009},
    author = {Hannay, Jo Erskine and MacLeod, Carolyn and Singer, Janice and Langtangen, Hans Petter and Pfahl, Dietmar and Wilson, Greg},
    pages = {1--8},
    isbn = {9781424437375},
    doi = {10.1109/SECSE.2009.5069155}
}

@article{AlMadi2022HowCopilot,
    title = {{How Readable is Model-generated Code? Examining Readability and Visual Inspection of GitHub Copilot}},
    year = {2022},
    journal = {ACM International Conference Proceeding Series},
    author = {Al Madi, Naser},
    month = {9},
    publisher = {Association for Computing Machinery},
    isbn = {9781450396240},
    doi = {10.1145/3551349.3560438},
    keywords = {Copilot, Empirical Study, Eye Tracking, GitHub, Readability}
}

@article{OBrien2024InResearch,
    title = {{In the Academy, Data Science Is Lonely: Barriers to Adopting Data Science Methods for Scientific Research}},
    year = {2024},
    journal = {Harvard Data Science Review},
    author = {O’Brien, Gabrielle and Mick, Jordan},
    number = {2},
    month = {2},
    volume = {6},
    publisher = {PubPub},
    url = {https://hdsr.mitpress.mit.edu/pub/7v1ii597/release/1},
    doi = {10.1162/99608F92.7CA04767}
}

@article{OBrien2024InResearchb,
    title = {{In the Academy, Data Science Is Lonely: Barriers to Adopting Data Science Methods for Scientific Research}},
    year = {2024},
    journal = {Harvard Data Science Review},
    author = {O’Brien, Gabrielle and Mick, Jordan},
    number = {2},
    month = {2},
    volume = {6},
    publisher = {PubPub},
    url = {https://hdsr.mitpress.mit.edu/pub/7v1ii597/release/1},
    doi = {10.1162/99608F92.7CA04767}
}

@article{Xu2022In-IDEChallenges,
    title = {{In-IDE Code Generation from Natural Language: Promise and Challenges}},
    year = {2022},
    journal = {ACM Transactions on Software Engineering and Methodology},
    author = {Xu, Frank F. and Vasilescu, Bogdan and Neubig, Graham},
    number = {2},
    month = {4},
    volume = {31},
    publisher = {Association for Computing Machinery},
    doi = {10.1145/3487569},
    issn = {15577392},
    arxivId = {2101.11149},
    keywords = {Natural language programming assistant, code generation, code retrieval, empirical study}
}

@article{Dragicevic2019IncreasingAnalyses,
    title = {{Increasing the transparency of research papers with explorable multiverse analyses}},
    year = {2019},
    journal = {Conference on Human Factors in Computing Systems - Proceedings},
    author = {Dragicevic, Pierre and Jansen, Yvonne and Sarma, Abhraneel and Kay, Matthew and Chevalier, Fanny},
    month = {5},
    pages = {978--979},
    volume = {15},
    publisher = {Association for Computing Machinery},
    url = {https://dl.acm.org/doi/10.1145/3290605.3300295},
    isbn = {9781450359702},
    doi = {10.1145/3290605.3300295},
    keywords = {Explorable explanation, Interactive documents, Multiverse analysis, Statistics, Transparent reporting}
}

@article{Steegen2016IncreasingAnalysis,
    title = {{Increasing Transparency Through a Multiverse Analysis}},
    year = {2016},
    journal = {Perspectives on Psychological Science},
    author = {Steegen, Sara and Tuerlinckx, Francis and Gelman, Andrew and Vanpaemel, Wolf},
    number = {5},
    month = {9},
    pages = {702--712},
    volume = {11},
    publisher = {SAGE Publications Inc.},
    doi = {10.1177/1745691616658637},
    issn = {17456924},
    pmid = {27694465},
    keywords = {arbitrary choices, data processing, good research practices, multiverse analysis, selective reporting, transparency}
}

@article{Padiyath2024InsightsCourse,
    title = {{Insights from Social Shaping Theory: The Appropriation of Large Language Models in an Undergraduate Programming Course}},
    year = {2024},
    journal = {Proceedings of the 2024 ACM Conference on International Computing Education Research - Volume 1},
    author = {Padiyath, Aadarsh and Hou, Xinying and Pang, Amy and Viramontes Vargas, Diego and Gu, Xingjian and Nelson-Fromm, Tamara and Wu, Zihan and Guzdial, Mark and Ericson, Barbara},
    month = {8},
    pages = {114--130},
    publisher = {ACM},
    url = {https://dl.acm.org/doi/10.1145/3632620.3671098},
    address = {New York, NY, USA},
    isbn = {9798400704758},
    doi = {10.1145/3632620.3671098}
}

@article{Padiyath2024InsightsCourseb,
    title = {{Insights from Social Shaping Theory: The Appropriation of Large Language Models in an Undergraduate Programming Course}},
    year = {2024},
    journal = {Proceedings of the 2024 ACM Conference on International Computing Education Research - Volume 1},
    author = {Padiyath, Aadarsh and Hou, Xinying and Pang, Amy and Viramontes Vargas, Diego and Gu, Xingjian and Nelson-Fromm, Tamara and Wu, Zihan and Guzdial, Mark and Ericson, Barbara},
    month = {8},
    pages = {114--130},
    publisher = {ACM},
    url = {https://dl.acm.org/doi/10.1145/3632620.3671098},
    address = {New York, NY, USA},
    isbn = {9798400704758},
    doi = {10.1145/3632620.3671098}
}

@article{Honovich2022InstructionDescriptions,
    title = {{Instruction Induction: From Few Examples to Natural Language Task Descriptions}},
    year = {2022},
    journal = {Proceedings of the Annual Meeting of the Association for Computational Linguistics},
    author = {Honovich, Or and Shaham, Uri and Bowman, Samuel R. and Levy, Omer},
    month = {5},
    pages = {1935--1952},
    volume = {1},
    publisher = {Association for Computational Linguistics (ACL)},
    url = {https://arxiv.org/abs/2205.10782v1},
    isbn = {9781959429722},
    doi = {10.18653/v1/2023.acl-long.108},
    issn = {0736587X},
    arxivId = {2205.10782}
}

@misc{Friedman2022IntroducingProgrammer,
    title = {{Introducing GitHub Copilot: your AI pair programmer}},
    year = {2022},
    booktitle = {https://github.blog/news-insights/product-news/introducing-github-copilot-ai-pair-programmer/},
    author = {Friedman, Nat},
    month = {2},
    url = {https://github.blog/news-insights/product-news/introducing-github-copilot-ai-pair-programmer/}
}

@article{Patel2022IsNeed,
    title = {{Is a Question Decomposition Unit All We Need?}},
    year = {2022},
    journal = {Proceedings of the 2022 Conference on Empirical Methods in Natural Language Processing, EMNLP 2022},
    author = {Patel, Pruthvi and Mishra, Swaroop and Parmar, Mihir and Baral, Chitta},
    month = {5},
    pages = {4553--4569},
    publisher = {Association for Computational Linguistics (ACL)},
    url = {https://arxiv.org/abs/2205.12538v2},
    doi = {10.18653/v1/2022.emnlp-main.302},
    arxivId = {2205.12538}
}

@article{Imai2022IsStudy,
    title = {{Is GitHub Copilot a Substitute for Human Pair-programming? An Empirical Study}},
    year = {2022},
    journal = {Proceedings of the ACM/IEEE 44th International Conference on Software Engineering: Companion Proceedings},
    author = {Imai, Saki},
    month = {7},
    pages = {319--321},
    publisher = {ACM},
    url = {https://doi.org/10.1145/3510454.3522684},
    address = {New York, NY, USA},
    isbn = {9781450392235},
    doi = {10.1145/3510454},
    arxivId = {2107.03374},
    keywords = {AI, Copilot, GitHub, Software Development}
}

@article{Kabir2024IsQuestions,
    title = {{Is Stack Overflow Obsolete? An Empirical Study of the Characteristics of ChatGPT Answers to Stack Overflow Questions}},
    year = {2024},
    journal = {Conference on Human Factors in Computing Systems - Proceedings},
    author = {Kabir, Samia and Udo-Imeh, David N. and Kou, Bonan and Zhang, Tianyi},
    month = {5},
    publisher = {Association for Computing Machinery},
    isbn = {9798400703300},
    doi = {10.1145/3613904.3642596},
    arxivId = {2308.02312},
    keywords = {chatgpt, large language model, misinformation, q{\&}a, stack overflow}
}

@misc{Hettrick2014ItsResearchers,
    title = {{It's impossible to conduct research without software, say 7 out of 10 UK researchers}},
    year = {2014},
    booktitle = {Software SustainabilityInstitute},
    author = {Hettrick, Simon},
    month = {12},
    url = {https://www.software.ac.uk/blog/its-impossible-conduct-research-without-software-say-7-out-10-uk-researchers}
}

@article{Wofford2020JupyterCommunity,
    title = {{Jupyter Notebooks as Discovery Mechanisms for Open Science: Citation Practices in the Astronomy Community}},
    year = {2020},
    journal = {Computing in Science and Engineering},
    author = {Wofford, Morgan F. and Boscoe, Bernadette M. and Borgman, Christine L. and Pasquetto, Irene V. and Golshan, Milena S.},
    number = {1},
    volume = {22},
    doi = {10.1109/MCSE.2019.2932067},
    issn = {1558366X}
}

@article{Stol2014KeySource,
    title = {{Key factors for adopting inner source}},
    year = {2014},
    journal = {ACM Trans. Softw. Eng. Methodol},
    author = {Stol, Klaas-Jan and Ali, Muhammad and Lucas, Yan and Technologies, Neopost and Fitzgerald, Brian and Avgeriou, Paris and Babar, Muhammad Ali},
    volume = {23},
    url = {http://dx.doi.org/10.1145/2533685},
    doi = {10.1145/2533685},
    keywords = {D29 [Software Engineering]: Management-Software process models; K63 [Management of Computing and Information Systems]: Software Management-Soft-ware development, Management, Software maintenance, Software process General Terms: Human Factors, Theory Additional Key Words and Phrases: Case study, framework ACM Reference Format:, inner source, open-source development practices}
}

@article{Dibia2023LIDA:Models,
    title = {{LIDA: A Tool for Automatic Generation of Grammar-Agnostic Visualizations and Infographics using Large Language Models}},
    year = {2023},
    journal = {Proceedings of the Annual Meeting of the Association for Computational Linguistics},
    author = {Dibia, Victor},
    month = {3},
    pages = {113--126},
    volume = {3},
    publisher = {Association for Computational Linguistics (ACL)},
    url = {https://arxiv.org/abs/2303.02927v3},
    isbn = {9781959429708},
    doi = {10.18653/v1/2023.acl-demo.11},
    issn = {0736587X},
    arxivId = {2303.02927}
}

@article{Finlayson2023MachineDichotomy,
    title = {{Machine Learning and Statistics in Clinical Research Articles—Moving Past the False Dichotomy}},
    year = {2023},
    journal = {JAMA Pediatrics},
    author = {Finlayson, Samuel G. and Beam, Andrew L. and Van Smeden, Maarten},
    number = {5},
    month = {5},
    pages = {448--450},
    volume = {177},
    publisher = {American Medical Association},
    url = {https://jamanetwork.com/journals/jamapediatrics/fullarticle/2802298},
    doi = {10.1001/JAMAPEDIATRICS.2023.0034},
    issn = {2168-6203},
    pmid = {36939696},
    keywords = {clinical prediction rule, clinical research, machine learning}
}

@article{Johnson2004MixedCome,
    title = {{Mixed Methods Research: A Research Paradigm Whose Time Has Come}},
    year = {2004},
    journal = {http://dx.doi.org/10.3102/0013189X033007014},
    author = {Johnson, R. Burke and Onwuegbuzie, Anthony J.},
    number = {7},
    month = {10},
    pages = {14--26},
    volume = {33},
    publisher = {Sage PublicationsSage CA: Thousand Oaks, CA},
    url = {https://journals.sagepub.com/doi/abs/10.3102/0013189x033007014},
    doi = {10.3102/0013189X033007014},
    issn = {0013189X}
}

@article{Segal2008ModelsDevelopment,
    title = {{Models of scientific software development}},
    year = {2008},
    author = {Segal, Judith}
}

@article{Sarma2023Multiverse:Notebooks,
    title = {{multiverse: Multiplexing Alternative Data Analyses in R Notebooks}},
    year = {2023},
    journal = {Conference on Human Factors in Computing Systems - Proceedings},
    author = {Sarma, Abhraneel and Kale, Alex and Moon, Michael Jongho and Taback, Nathan and Chevalier, Fanny and Hullman, Jessica and Kay, Matthew},
    month = {4},
    publisher = {Association for Computing Machinery},
    isbn = {9781450394215},
    doi = {10.1145/3544548.3580726},
    keywords = {Multiverse Analysis, cognitive dimensions of notations, robust statistical analysis}
}

@article{Finnie-Ansley2023MyExercises,
    title = {{My AI Wants to Know if This Will Be on the Exam: Testing OpenAI's Codex on CS2 Programming Exercises}},
    year = {2023},
    journal = {ACM International Conference Proceeding Series},
    author = {Finnie-Ansley, James and Denny, Paul and Luxton-Reilly, Andrew and Santos, Eddie Antonio and Prather, James and Becker, Brett A.},
    month = {1},
    pages = {97--104},
    publisher = {Association for Computing Machinery},
    url = {https://dl.acm.org/doi/10.1145/3576123.3576134},
    isbn = {9781450399418},
    doi = {10.1145/3576123.3576134},
    keywords = {AI, AlphaCode, CS1, CS2, Codex, DeepMind, GPT-3, GitHub, OpenAI, academic integrity, algorithms, artificial intelligence, code generation, copilot, data structures, deep learning, introductory programming, machine learning, neural networks, novice programming, • Computing methodolo-gies → Artificial intelligence KEYWORDS academic integrity}
}

@article{Wiese2020NamingSoftware,
    title = {{Naming the Pain in Developing Scientific Software}},
    year = {2020},
    journal = {IEEE Software},
    author = {Wiese, Igor and Polato, Ivanilton and Pinto, Gustavo},
    number = {4},
    month = {7},
    pages = {75--82},
    volume = {37},
    publisher = {IEEE Computer Society},
    doi = {10.1109/MS.2019.2899838},
    issn = {19374194},
    keywords = {Pain points, Scientific Software Developers, Survey}
}

@article{Yin2022NaturalNotebooks,
    title = {{Natural language to code generation in interactive data science notebooks}},
    year = {2022},
    journal = {arXiv preprint arXiv:2212.09248},
    author = {Yin, Pengcheng and Li, Wen-Ding and Xiao, Kefan and Rao, Abhishek and Wen, Yeming and Shi, Kensen and Howland, Joshua and Bailey, Paige and Catasta, Michele and Michalewski, Henryk and {others}}
}

@article{Yin2022NaturalNotebooksb,
    title = {{Natural Language to Code Generation in Interactive Data Science Notebooks}},
    year = {2022},
    journal = {Proceedings of the Annual Meeting of the Association for Computational Linguistics},
    author = {Yin, Pengcheng and Li, Wen Ding and Xiao, Kefan and Rao, Abhishek and Wen, Yeming and Shi, Kensen and Howland, Joshua and Bailey, Paige and Catasta, Michele and Michalewski, Henryk and Polozov, Alex and Sutton, Charles},
    month = {12},
    pages = {126--173},
    volume = {1},
    publisher = {Association for Computational Linguistics (ACL)},
    url = {https://arxiv.org/abs/2212.09248v1},
    isbn = {9781959429722},
    doi = {10.18653/v1/2023.acl-long.9},
    issn = {0736587X},
    arxivId = {2212.09248}
}

@article{Russo2023NavigatingEngineering,
    title = {{Navigating the Complexity of Generative AI Adoption in Software Engineering}},
    year = {2023},
    journal = {ACM Transactions on Software Engineering and Methodology},
    author = {Russo, Daniel},
    number = {111},
    month = {7},
    pages = {44},
    volume = {37},
    url = {https://arxiv.org/abs/2307.06081v1},
    doi = {10.1145/1122445.1122456},
    arxivId = {2307.06081},
    keywords = {Empirical Software Engineering., Generative AI, Large Language Models, Technology Adaption}
}

@article{Feldman2024Non-ExpertFuture,
    title = {{Non-Expert Programmers in the Generative AI Future}},
    year = {2024},
    journal = {ACM International Conference Proceeding Series},
    author = {Feldman, Molly Q. and Anderson, Carolyn Jane},
    month = {6},
    publisher = {Association for Computing Machinery},
    url = {https://dl.acm.org/doi/10.1145/3663384.3663393},
    isbn = {9798400710179},
    doi = {10.1145/3663384.3663393},
    keywords = {CS1, Code LLMs, Generative AI, mixed methods, non-experts}
}

@article{Mandhane2024Notice202317711:1226-1228.,
    title = {{Notice of Retraction: Hahn LM, et al. Post–COVID-19 Condition in Children. JAMA Pediatrics. 2023;177(11):1226-1228.}},
    year = {2024},
    journal = {JAMA Pediatrics},
    author = {Mandhane, Piush J.},
    publisher = {American Medical Association},
    url = {https://jamanetwork.com/journals/jamapediatrics/fullarticle/2822489},
    doi = {10.1001/JAMAPEDIATRICS.2024.2996},
    issn = {21686211},
    pmid = {39158902}
}

@inproceedings{Whalley2021NoviceDebugging,
    title = {{Novice reflections on debugging}},
    year = {2021},
    booktitle = {Proceedings of the 52nd ACM technical symposium on computer science education},
    author = {Whalley, Jacqueline and Settle, Amber and Luxton-Reilly, Andrew},
    pages = {73--79}
}

@article{Mordechai2024NoviCode:Novices,
    title = {{NoviCode: Generating Programs from Natural Language Utterances by Novices}},
    year = {2024},
    author = {Mordechai, Asaf Achi and Goldberg, Yoav and Tsarfaty, Reut},
    month = {7},
    url = {https://arxiv.org/abs/2407.10626v2},
    arxivId = {2407.10626}
}

@inproceedings{Bender2021OnBig,
    title = {{On the dangers of stochastic parrots: Can language models be too big?}},
    year = {2021},
    booktitle = {FAccT 2021 - Proceedings of the 2021 ACM Conference on Fairness, Accountability, and Transparency},
    author = {Bender, Emily M. and Gebru, Timnit and McMillan-Major, Angelina and Shmitchell, Shmargaret},
    doi = {10.1145/3442188.3445922}
}

@inproceedings{Bender2021OnBigb,
    title = {{On the dangers of stochastic parrots: Can language models be too big?}},
    year = {2021},
    booktitle = {FAccT 2021 - Proceedings of the 2021 ACM Conference on Fairness, Accountability, and Transparency},
    author = {Bender, Emily M. and Gebru, Timnit and McMillan-Major, Angelina and Shmitchell, Shmargaret},
    doi = {10.1145/3442188.3445922}
}

@article{McNutt2023OnNotebooks,
    title = {{On the Design of AI-powered Code Assistants for Notebooks}},
    year = {2023},
    journal = {Conference on Human Factors in Computing Systems - Proceedings},
    author = {McNutt, Andrew M. and Wang, Chenglong and Deline, Robert A. and Drucker, Steven M.},
    number = {23},
    month = {4},
    volume = {16},
    publisher = {Association for Computing Machinery},
    url = {https://dl.acm.org/doi/10.1145/3544548.3580940},
    isbn = {9781450394215},
    doi = {10.1145/3544548.3580940},
    arxivId = {2301.11178},
    keywords = {Artificial Intelligence, Code Assistant, Computational Notebooks, Copilot, Design Probe}
}

@article{Hasselbring2020OpenSoftware,
    title = {{Open Source Research Software}},
    year = {2020},
    journal = {Computer},
    author = {Hasselbring, Wilhelm and Carr, Leslie and Hettrick, Simon and Packer, Heather and Tiropanis, Thanassis},
    number = {8},
    month = {8},
    pages = {84--88},
    volume = {53},
    publisher = {IEEE Computer Society},
    doi = {10.1109/MC.2020.2998235},
    issn = {15580814}
}

@article{Weisz2021PerfectionTranslation,
    title = {{Perfection Not Required? Human-AI Partnerships in Code Translation}},
    year = {2021},
    journal = {International Conference on Intelligent User Interfaces, Proceedings IUI},
    author = {Weisz, Justin D. and Muller, Michael and Houde, Stephanie and Richards, John and Ross, Steven I. and Martinez, Fernando and Agarwal, Mayank and Talamadupula, Kartik},
    month = {4},
    pages = {402--412},
    publisher = {Association for Computing Machinery},
    isbn = {9781450380171},
    doi = {10.1145/3397481.3450656},
    arxivId = {2104.03820},
    keywords = {NMT, application modernization, code translation, generative AI, imperfect AI, neural machine translation}
}

@article{Lee2011PersonifyingLearning,
    title = {{Personifying programming tool feedback improves novice programmers' learning}},
    year = {2011},
    journal = {ICER'11 - Proceedings of the ACM SIGCSE 2011 International Computing Education Research Workshop},
    author = {Lee, Michael J. and Ko, Andrew J.},
    pages = {109--116},
    url = {https://dl.acm.org/doi/10.1145/2016911.2016934},
    isbn = {9781450308298},
    doi = {10.1145/2016911.2016934},
    keywords = {debugging, education, motivation, personification, programming}
}

@inproceedings{Zhang2023PracticesStudy,
    title = {{Practices and Challenges of Using GitHub Copilot: An Empirical Study}},
    year = {2023},
    booktitle = {Proceedings of the International Conference on Software Engineering and Knowledge Engineering, SEKE},
    author = {Zhang, Beiqi and Liang, Peng and Zhou, Xiyu and Ahmad, Aakash and Waseem, Muhammad},
    volume = {2023-July},
    doi = {10.18293/SEKE2023-077},
    issn = {23259086}
}

@inproceedings{Kross2019PractitionersAcademia,
    title = {{Practitioners Teaching Data Science in Industry and Academia}},
    year = {2019},
    author = {Kross, Sean and Guo, Philip J.},
    doi = {10.1145/3290605.3300493}
}

@article{Oakley2004ProbabilisticApproach,
    title = {{Probabilistic Sensitivity Analysis of Complex Models: A Bayesian Approach}},
    year = {2004},
    journal = {Journal of the Royal Statistical Society Series B: Statistical Methodology},
    author = {Oakley, Jeremy E. and O'Hagan, Anthony},
    number = {3},
    month = {8},
    pages = {751--769},
    volume = {66},
    publisher = {Oxford Academic},
    url = {https://dx.doi.org/10.1111/j.1467-9868.2004.05304.x},
    doi = {10.1111/J.1467-9868.2004.05304.X},
    issn = {1369-7412},
    keywords = {Bayesian inference, Computer model, Gaussian process, Sensitivity analysis, Uncertainty analysis}
}

@inproceedings{Ziegler2022ProductivityCompletion,
    title = {{Productivity assessment of neural code completion}},
    year = {2022},
    booktitle = {Proceedings of the 6th ACM SIGPLAN International Symposium on Machine Programming},
    author = {Ziegler, Albert and Kalliamvakou, Eirini and Li, X Alice and Rice, Andrew and Rifkin, Devon and Simister, Shawn and Sittampalam, Ganesh and Aftandilian, Edward},
    pages = {21--29}
}

@article{HurProfilingNon-Majors,
    title = {{Profiling Conversational Programmers at University: Insights into their Motivations and Goals from a Broad Sample of Non-Majors}},
    journal = {Australia ACM Reference Format},
    author = {Hur, Jinyoung and Cunningham, Kathryn},
    volume = {1},
    url = {https://doi.org/10.1145/3632620.3671123},
    isbn = {9798400704758},
    doi = {10.1145/3632620.3671123}
}

@article{Becker2023ProgrammingGeneration,
    title = {{Programming Is Hard - or at Least It Used to Be: Educational Opportunities and Challenges of AI Code Generation}},
    year = {2023},
    journal = {SIGCSE 2023 - Proceedings of the 54th ACM Technical Symposium on Computer Science Education},
    author = {Becker, Brett A. and Denny, Paul and Finnie-Ansley, James and Luxton-Reilly, Andrew and Prather, James and Santos, Eddie Antonio},
    month = {3},
    pages = {500--506},
    volume = {1},
    publisher = {Association for Computing Machinery, Inc},
    isbn = {9781450394314},
    doi = {10.1145/3545945.3569759},
    arxivId = {2212.01020},
    keywords = {ai, alphacode, amazon, artificial intelligence, code generation, codewhisperer, codex, copilot, cs1, cs2, github, google, gpt-3, introductory programming, large language model, llm, machine learning, midjourney, novice programmers, openai, programming, tabnine}
}

@article{Mozannar2024ReadingProgramming,
    title = {{Reading Between the Lines: Modeling User Behavior and Costs in AI-Assisted Programming}},
    year = {2024},
    journal = {Conference on Human Factors in Computing Systems - Proceedings},
    author = {Mozannar, Hussein and Fourney, Adam and Bansal, Gagan and Horvitz, Eric},
    month = {5},
    publisher = {Association for Computing Machinery},
    isbn = {9798400703300},
    doi = {10.1145/3613904.3641936},
    arxivId = {2210.14306},
    keywords = {AI-assisted Programming, Copilot, User State Model}
}

@article{Panko2008ReducingDevelopment,
    title = {{Reducing Overconfidence in Spreadsheet Development}},
    year = {2008},
    author = {Panko, Raymond R.},
    month = {4},
    url = {https://arxiv.org/abs/0804.0941v1},
    arxivId = {0804.0941}
}

@article{Nosek2024ReplicabilityScience,
    title = {{Replicability, Robustness, and Reproducibility in Psychological Science}},
    year = {2024},
    author = {Nosek, Brian A and Hardwicke, Tom E and Moshontz, Hannah and Allard, Aurélien and Corker, Katherine S and Dreber, Anna and Fidler, Fiona and Hilgard, Joe and Struhl, Melissa Kline and Nuijten, Michèle B and Rohrer, Julia M and Romero, Felipe and Scheel, Anne M and Scherer, Laura D and Sch{\"{o}}nbrodt, Felix D and Vazire, Simine},
    volume = {52},
    url = {https://doi.org/10.1146/annurev-psych-020821-},
    doi = {10.1146/annurev-psych-020821}
}

@book{NationalAcademiesofSciencesandPolicyandGlobalAffairsandBoardonResearchDataandInformationandDivisiononEngineeringandPhysicalSciencesandCommitteeonAppliedandTheoreticalStatisticsandBoardonMathematicalSciences2019ReproducibilityScience,
    title = {{Reproducibility and replicability in science}},
    year = {2019},
    author = {{National Academies of Sciences and Policy and Global Affairs and Board on Research Data and Information and Division on Engineering and Physical Sciences and Committee on Applied and Theoretical Statistics and Board on Mathematical Sciences}},
    publisher = {National Academie Press}
}

@article{Leveque2012ReproducibleCulture,
    title = {{Reproducible research for scientific computing: Tools and strategies for changing the culture}},
    year = {2012},
    journal = {Computing in Science and Engineering},
    author = {Leveque, Randall and Mitchell, Ian and Stodden, Victoria},
    number = {4},
    pages = {13--17},
    volume = {14},
    doi = {10.1109/MCSE.2012.38},
    issn = {15219615},
    keywords = {computational science and engineering, data and code disclosure, reproducibility, reproducible research, scientific computing}
}

@techreport{Sims2021ResearchIdentity,
    title = {{Research software engineering: Professionalization, roles, and identity}},
    year = {2021},
    author = {Sims, Benjamin Hayden},
    month = {2},
    url = {https://www.osti.gov/servlets/purl/1845242/},
    institution = {Los Alamos National Laboratory (LANL)},
    address = {Los Alamos, NM (United States)},
    doi = {10.2172/1845242},
    keywords = {mathematics and computing}
}

@article{2016Retraction:2016,
    title = {{Retraction: Inferring the effects of cancer treatment: Divergent results from Early Breast Cancer Trialists' Collaborative Group meta-analyses of randomized trials and observational data from SEER registries (Journal of Clinical Oncology (34) 803-809 (2016))}},
    year = {2016},
    journal = {Journal of Clinical Oncology},
    number = {27},
    month = {9},
    pages = {3358--3359},
    volume = {34},
    publisher = {American Society of Clinical Oncology},
    url = {https://ascopubs.org/doi/10.1200/JCO.2016.69.0875},
    doi = {10.1200/JCO.2016.69.0875/ASSET/IMAGES/LARGE/JCO690875TA5.JPEG},
    issn = {15277755}
}

@article{Baltes2022SamplingGuidelines,
    title = {{Sampling in software engineering research: a critical review and guidelines}},
    year = {2022},
    journal = {Empirical Software Engineering},
    author = {Baltes, Sebastian and Ralph, Paul},
    number = {4},
    volume = {27},
    doi = {10.1007/s10664-021-10072-8},
    issn = {15737616}
}

@article{Baxter2006ScientificWww,
    title = {{Scientific Software Development Is Not an Oxymoron PLoS Computational Biology | www}},
    year = {2006},
    author = {Baxter, Susan M and Day, Steven W and Fetrow, Jacquelyn S and Reisinger, Stephanie J},
    pages = {975},
    volume = {2},
    url = {www.ploscompbiol.org},
    doi = {10.1371/journal.pcbi.0020087}
}

@article{Kelly2015ScientificSoftware,
    title = {{Scientific software development viewed as knowledge acquisition: Towards understanding the development of risk-averse scientific software}},
    year = {2015},
    journal = {Journal of Systems and Software},
    author = {Kelly, Diane},
    month = {11},
    pages = {50--61},
    volume = {109},
    publisher = {Elsevier},
    doi = {10.1016/J.JSS.2015.07.027},
    issn = {0164-1212},
    keywords = {Knowledge model, Scientific software, Software development}
}

@article{Howison2010ScientificCollaboration,
    title = {{Scientific software production and collaboration}},
    year = {2010},
    journal = {CSCW. Anais},
    author = {Howison, James and Herbsleb, James D}
}

@article{Howison2011ScientificCollaboration,
    title = {{Scientific software production: Incentives and collaboration}},
    year = {2011},
    journal = {Proceedings of the ACM Conference on Computer Supported Cooperative Work, CSCW},
    author = {Howison, James and Herbsleb, James D.},
    pages = {513--522},
    publisher = {Association for Computing Machinery},
    url = {https://dl.acm.org/doi/10.1145/1958824.1958904},
    isbn = {9781450305563},
    doi = {10.1145/1958824.1958904}
}

@article{Carver2013Self-perceptionsEngineers,
    title = {{Self-perceptions about software engineering: A survey of scientists and engineers}},
    year = {2013},
    journal = {Computing in Science and Engineering},
    author = {Carver, Jeffrey and Heaton, Dustin and Hochstein, Lorin and Bartlett, Roscoe},
    number = {1},
    pages = {7--11},
    volume = {15},
    doi = {10.1109/MCSE.2013.12},
    issn = {15219615},
    keywords = {Best practices, Computational science, Scientific computing, Software engineering practices}
}

@article{Margulieux2024Self-RegulationProblems,
    title = {{Self-Regulation, Self-Efficacy, and Fear of Failure Interactions with How Novices Use LLMs to Solve Programming Problems}},
    year = {2024},
    journal = {Annual Conference on Innovation and Technology in Computer Science Education, ITiCSE},
    author = {Margulieux, Lauren E. and Prather, James and Reeves, Brent N. and Becker, Brett A. and Cetin Uzun, Gozde and Loksa, Dastyni and Leinonen, Juho and Denny, Paul},
    month = {7},
    pages = {276--282},
    volume = {1},
    publisher = {Association for Computing Machinery},
    url = {https://dl.acm.org/doi/10.1145/3649217.3653621},
    isbn = {9798400706004},
    doi = {10.1145/3649217.3653621},
    issn = {1942647X},
    keywords = {CS1, LLMs, artificial intelligence, copilot, fear of failure, generative ai, introductory programming, large language models, metacognition, self-efficacy, self-regulated learning, self-regulation}
}

@article{Margulieux2024Self-RegulationProblemsb,
    title = {{Self-Regulation, Self-Efficacy, and Fear of Failure Interactions with How Novices Use LLMs to Solve Programming Problems}},
    year = {2024},
    journal = {Annual Conference on Innovation and Technology in Computer Science Education, ITiCSE},
    author = {Margulieux, Lauren E. and Prather, James and Reeves, Brent N. and Becker, Brett A. and Cetin Uzun, Gozde and Loksa, Dastyni and Leinonen, Juho and Denny, Paul},
    month = {7},
    pages = {276--282},
    volume = {1},
    publisher = {Association for Computing Machinery},
    url = {https://dl.acm.org/doi/10.1145/3649217.3653621},
    isbn = {9798400706004},
    doi = {10.1145/3649217.3653621},
    issn = {1942647X},
    keywords = {CS1, LLMs, artificial intelligence, copilot, fear of failure, generative ai, introductory programming, large language models, metacognition, self-efficacy, self-regulated learning, self-regulation}
}

@article{Jean-Quartier2024SharingResearch,
    title = {{Sharing practices of software artefacts and source code for reproducible research}},
    year = {2024},
    journal = {International Journal of Data Science and Analytics 2024},
    author = {Jean-Quartier, Claire and Jeanquartier, Fleur and Stryeck, · Sarah and Simon, Jörg and S{\"{o}}ser, Birgit and Hasani-Mavriqi, Ilire},
    month = {8},
    pages = {1--12},
    publisher = {Springer},
    url = {https://link.springer.com/article/10.1007/s41060-024-00617-7},
    doi = {10.1007/S41060-024-00617-7},
    issn = {2364-4168},
    keywords = {Artificial Intelligence, Business Information Systems, Computational Biology/Bioinformatics, Data Mining and Knowledge Discovery, Database Management}
}

@article{Weber2024SignificantModels,
    title = {{Significant Productivity Gains through Programming with Large Language Models}},
    year = {2024},
    journal = {Proceedings of the ACM on Human-Computer Interaction},
    author = {Weber, Thomas and Brandmaier, Maximilian and Schmidt, Albrecht and Mayer, Sven},
    number = {EICS},
    month = {6},
    volume = {8},
    publisher = {Association for Computing Machinery},
    doi = {10.1145/3661145},
    issn = {25730142},
    keywords = {github copilot, gpt, language models, programming, software development, user study}
}

@article{Rousseeuw1987Silhouettes:Analysis,
    title = {{Silhouettes: A graphical aid to the interpretation and validation of cluster analysis}},
    year = {1987},
    journal = {Journal of Computational and Applied Mathematics},
    author = {Rousseeuw, Peter J.},
    number = {C},
    month = {11},
    pages = {53--65},
    volume = {20},
    publisher = {North-Holland},
    doi = {10.1016/0377-0427(87)90125-7},
    issn = {0377-0427},
    keywords = {Graphical display, classification, cluster analysis, clustering validity}
}

@misc{Wilson2016SoftwareLearned,
    title = {{Software Carpentry: Lessons learned}},
    year = {2016},
    booktitle = {F1000Research},
    author = {Wilson, Greg},
    volume = {3},
    doi = {10.12688/f1000research.3-62.v2},
    issn = {1759796X}
}

@article{Carver2007SoftwareStudies,
    title = {{Software development environments for scientific and engineering software: A series of case studies}},
    year = {2007},
    journal = {Proceedings - International Conference on Software Engineering},
    author = {Carver, Jeffrey C. and Kendall, Richard P. and Squires, Susan E. and Post, Douglass E.},
    pages = {550--559},
    isbn = {0769528287},
    doi = {10.1109/ICSE.2007.77},
    issn = {02705257}
}

@article{Johanson2018SoftwareScience,
    title = {{Software Engineering for Computational Science}},
    year = {2018},
    journal = {Computing in Science and Engineering},
    author = {Johanson, Arne N. and Hasselbring, Wilhelm},
    number = {2},
    month = {3},
    pages = {90--109},
    volume = {20},
    publisher = {{\\\}		IEEE Educational Activities Department{\\\}		PUB766{\\\}		Piscataway, NJ, USA{\\\}	},
    url = {https://dl.acm.org/doi/10.1109/MCSE.2018.021651343},
    doi = {10.1109/MCSE.2018.021651343},
    issn = {15219615}
}

@article{Kelly2011SoftwareScientists,
    title = {{Software engineering for scientists}},
    year = {2011},
    journal = {Computing in Science and Engineering},
    author = {Kelly, Diane and Smith, Spencer and Meng, Nicholas},
    number = {5},
    pages = {7--11},
    volume = {13},
    doi = {10.1109/MCSE.2011.86},
    issn = {15219615}
}

@article{Segal2009SomeScientists,
    title = {{Some challenges facing software engineers developing software for scientists}},
    year = {2009},
    journal = {Proceedings of the 2009 ICSE Workshop on Software Engineering for Computational Science and Engineering, SECSE 2009},
    author = {Segal, Judith},
    pages = {9--14},
    isbn = {9781424437375},
    doi = {10.1109/SECSE.2009.5069156}
}

@article{Segal2009SomeScientistsb,
    title = {{Some challenges facing software engineers developing software for scientists}},
    year = {2009},
    journal = {Proceedings of the 2009 ICSE Workshop on Software Engineering for Computational Science and Engineering, SECSE 2009},
    author = {Segal, Judith},
    pages = {9--14},
    isbn = {9781424437375},
    doi = {10.1109/SECSE.2009.5069156}
}

@inproceedings{Segal2007SomeDevelopers,
    title = {{Some problems of professional end user developers}},
    year = {2007},
    booktitle = {IEEE Symposium on Visual Languages and Human-Centric Computing (VL/HCC 2007)},
    author = {Segal, Judith},
    pages = {111--118}
}

@misc{Archambault2024SomeAnalysis,
    title = {{Some Risks and Opportunities of Automated Data Analysis}},
    year = {2024},
    author = {Archambault, Daniel and Beecham, Roger and Gelman, Andrew and Hullman, Jessica and Pos, Edwin},
    month = {6},
    url = {https://theory4ida.github.io/tmcf/posts/01-models/}
}

@article{Gentleman2007StatisticalResearch,
    title = {{Statistical analyses and reproducible research}},
    year = {2007},
    journal = {Journal of Computational and Graphical Statistics},
    author = {Gentleman, Robert and Temple Lang, Duncan},
    number = {1},
    month = {3},
    pages = {1--23},
    volume = {16},
    doi = {10.1198/106186007X178663},
    issn = {10618600},
    keywords = {Compendium, Dynamic documents, Literate programming, Markup language, Perl, Python, R}
}

@article{Breiman2001StatisticalCultures,
    title = {{Statistical modeling: The two cultures}},
    year = {2001},
    journal = {Statistical Science},
    author = {Breiman, Leo},
    number = {3},
    pages = {199--215},
    volume = {16},
    doi = {10.1214/SS/1009213726},
    issn = {08834237}
}

@article{Lucchetti2024SubstanceLLMs,
    title = {{Substance Beats Style: Why Beginning Students Fail to Code with LLMs}},
    year = {2024},
    author = {Lucchetti, Francesca and Wu, Zixuan and Guha, Arjun and Feldman, Molly Q and Anderson, Carolyn Jane},
    month = {10},
    url = {https://arxiv.org/abs/2410.19792v1},
    arxivId = {2410.19792}
}

@article{Liu2024TeachingEducation,
    title = {{Teaching CS50 with AI: Leveraging Generative Artificial Intelligence in Computer Science Education}},
    year = {2024},
    journal = {SIGCSE 2024 - Proceedings of the 55th ACM Technical Symposium on Computer Science Education},
    author = {Liu, Rongxin and Zenke, Carter and Liu, Charlie and Holmes, Andrew and Thornton, Patrick and Malan, David J.},
    month = {3},
    pages = {750--756},
    volume = {1},
    publisher = {Association for Computing Machinery, Inc},
    url = {https://dl.acm.org/doi/10.1145/3626252.3630938},
    isbn = {9798400704239},
    doi = {10.1145/3626252.3630938},
    keywords = {ai, artificial intelligence, generative ai, large language models, llms}
}

@article{Kanewala2014TestingReview,
    title = {{Testing scientific software: A systematic literature review}},
    year = {2014},
    journal = {Information and Software Technology},
    author = {Kanewala, Upulee and Bieman, James M.},
    number = {10},
    pages = {1219--1232},
    volume = {56},
    publisher = {Elsevier},
    doi = {10.1016/J.INFSOF.2014.05.006},
    issn = {09505849},
    arxivId = {1804.01954},
    keywords = {Scientific software, Software quality, Software testing, Systematic literature review}
}

@article{Saldana2016The14,
    title = {{The Coding Manual for Qualitative Researchers (No. 14)}},
    year = {2016},
    journal = {Sage},
    author = {Salda{\~{n}}a, Johnny},
    issn = {01631829}
}

@article{Hou2024ThePreferences,
    title = {{The Effects of Generative AI on Computing Students' Help-Seeking Preferences}},
    year = {2024},
    journal = {ACM International Conference Proceeding Series},
    author = {Hou, Irene and Mettille, Sophia and Li, Zhuo and Man, Owen and Zastudil, Cynthia and MacNeil, Stephen},
    month = {1},
    pages = {39--48},
    publisher = {Association for Computing Machinery},
    url = {https://dl.acm.org/doi/10.1145/3636243.3636248},
    isbn = {9798400716195},
    doi = {10.1145/3636243.3636248},
    arxivId = {2401.02262},
    keywords = {ChatGPT, Generative AI, computing education, help-seeking}
}

@article{Cui2024TheDevelopers,
    title = {{The Effects of Generative AI on High Skilled Work: Evidence from Three Field Experiments with Software Developers}},
    year = {2024},
    author = {Cui, Zheyuan (Kevin) and Demirer, Mert and Jaffe, Sonia and Musolff, Leon and Peng, Sida and Salz, Tobias},
    month = {9},
    url = {https://papers.ssrn.com/abstract=4945566},
    doi = {10.2139/SSRN.4945566},
    keywords = {Leon Musolff, Mert Demirer, SSRN, Sida Peng, Sonia Jaffe, Tobias Salz, Zheyuan (Kevin) Cui}
}

@book{Hey2009TheDiscovery,
    title = {{The fourth paradigm: data-intensive scientific discovery}},
    year = {2009},
    author = {Hey, Tony and Tansley, Stewart and Tolle, Kristin Michele and {others}},
    volume = {1},
    publisher = {Microsoft research Redmond, WA}
}

@article{Jost2024TheOutcomes,
    title = {{The Impact of Large Language Models on Programming Education and Student Learning Outcomes}},
    year = {2024},
    journal = {Applied Sciences 2024, Vol. 14, Page 4115},
    author = {Jo{\v{s}}t, Gregor and Taneski, Viktor and Karakati{\v{c}}, Sašo},
    number = {10},
    month = {5},
    pages = {4115},
    volume = {14},
    publisher = {Multidisciplinary Digital Publishing Institute},
    url = {https://www.mdpi.com/2076-3417/14/10/4115/htm https://www.mdpi.com/2076-3417/14/10/4115},
    doi = {10.3390/APP14104115},
    issn = {2076-3417},
    keywords = {ChatGPT, Copilot, React, debugging, large language models (LLMs), programming education}
}

@article{Jost2024TheOutcomesb,
    title = {{The Impact of Large Language Models on Programming Education and Student Learning Outcomes}},
    year = {2024},
    journal = {Applied Sciences 2024, Vol. 14, Page 4115},
    author = {Jo{\v{s}}t, Gregor and Taneski, Viktor and Karakati{\v{c}}, Sašo},
    number = {10},
    month = {5},
    pages = {4115},
    volume = {14},
    publisher = {Multidisciplinary Digital Publishing Institute},
    url = {https://www.mdpi.com/2076-3417/14/10/4115/htm https://www.mdpi.com/2076-3417/14/10/4115},
    doi = {10.3390/APP14104115},
    issn = {2076-3417},
    keywords = {ChatGPT, Copilot, React, debugging, large language models (LLMs), programming education}
}

@article{TankelevitchTheAI,
    title = {{The Metacognitive Demands and Opportunities of Generative AI}},
    author = {Tankelevitch, Lev and Kewenig, Viktor and Simkute, Auste and Elizabeth, Ava and Advait Sarkar Abigail Sellen, Scott and Rintel, Sean and Elizabeth Scott, Ava and Sarkar, Advait and Sellen, Abigail},
    url = {https://doi.org/10.1145/3613904.3642902},
    isbn = {9798400703300},
    doi = {10.1145/3613904.3642902},
    keywords = {CCS CONCEPTS • Human-centered computing → HCI theory, concepts and models, Interaction design theory, concepts and paradigms, User centered design, • Computing methodologies → Artifcial intelli-gence}
}

@article{Ross2023TheDevelopment,
    title = {{The Programmer's Assistant: Conversational Interaction with a Large Language Model for Software Development}},
    year = {2023},
    journal = {International Conference on Intelligent User Interfaces, Proceedings IUI},
    author = {Ross, Steven I. and Martinez, Fernando and Houde, Stephanie and Muller, Michael and Weisz, Justin D.},
    month = {3},
    pages = {491--514},
    publisher = {Association for Computing Machinery},
    url = {https://dl.acm.org/doi/10.1145/3581641.3584037},
    isbn = {9798400701061},
    doi = {10.1145/3581641.3584037},
    arxivId = {2302.07080},
    keywords = {code-fluent large language models, conversational interaction, foundation models, human-centered AI}
}

@inproceedings{Baxter2012TheEngineer,
    title = {{The Research Software Engineer}},
    year = {2012},
    booktitle = {Digital Research},
    author = {Baxter, Robert and Hong, Neil Chue and Gorissen, Dirk and Hetherington, James and Todorov, Ilian},
    month = {9},
    url = {https://www.research.ed.ac.uk/en/publications/the-research-software-engineer},
    address = {Oxford, United Kingdom}
}

@article{Rothermel2011TheEngineering,
    title = {{The state of the art in end-user software engineering}},
    year = {2011},
    journal = {ACM Comput. Surv},
    author = {Rothermel, G and Shaw, M and Wiedenbeck, S},
    pages = {44},
    volume = {43},
    url = {http://doi.acm.org/10.1145/1922649.1922658},
    doi = {10.1145/1922649.1922658},
    keywords = {D2 [Software Engineering]: D3 [Programming Languages], Design Additional Key Words and Phrases: End-user software engineering, Experimentation, H5 [Information Interfaces and Presentation], Human Factors, J4 [Social and Behav-ioral Sciences] General Terms: Reliability, K4 [Computers and Society], Languages, end-user devel-opment, end-user programming, human-computer interaction, visual programming}
}

@article{Gelman2014TheUp,
    title = {{The statistical crisis in science: data-dependent analysis-a "garden of forking paths"-explains why many statistically significant comparisons don't hold up}},
    year = {2014},
    author = {Gelman, Andrew and Loken, Eric}
}

@article{Prather2024TheProgrammers,
    title = {{The Widening Gap: The Benefits and Harms of Generative AI for Novice Programmers}},
    year = {2024},
    journal = {Proceedings of the 2024 ACM Conference on International Computing Education Research - Volume 1},
    author = {Prather, James and Reeves, Brent N and Leinonen, Juho and MacNeil, Stephen and Randrianasolo, Arisoa S and Becker, Brett A. and Kimmel, Bailey and Wright, Jared and Briggs, Ben},
    month = {8},
    pages = {469--486},
    publisher = {ACM},
    url = {https://dl.acm.org/doi/10.1145/3632620.3671116},
    address = {New York, NY, USA},
    isbn = {9798400704758},
    doi = {10.1145/3632620.3671116}
}

@article{AlNoamany2018TowardsSoftware,
    title = {{Towards computational reproducibility: Researcher perspectives on the use and sharing of software}},
    year = {2018},
    journal = {PeerJ Computer Science},
    author = {AlNoamany, Yasmin and Borghi, John A.},
    number = {9},
    month = {9},
    pages = {e163},
    volume = {2018},
    publisher = {PeerJ Inc.},
    url = {https://peerj.com/articles/cs-163},
    doi = {10.7717/PEERJ-CS.163/SUPP-1},
    issn = {23765992},
    keywords = {Code, Finding software, Reproducibility, Research software, Sharing software, Software sustainability}
}

@inproceedings{Nangia2017TrackResearch,
    title = {{Track 1 paper: surveying the US National Postdoctoral Association regarding software use and training in research}},
    year = {2017},
    booktitle = {Workshop on Sustainable Software for Science: Practice and Experiences (WSSSPE 5.1)},
    author = {Nangia, Udit and Katz, Daniel S and {others}}
}

@article{Chandel2022TrainingAssistant,
    title = {{Training and Evaluating a Jupyter Notebook Data Science Assistant}},
    year = {2022},
    author = {Chandel, Shubham and Clement, Colin B. and Serrato, Guillermo and Sundaresan, Neel},
    month = {1},
    url = {https://arxiv.org/abs/2201.12901v1},
    arxivId = {2201.12901}
}

@article{Joppa2013TroublingUse,
    title = {{Troubling trends in scientific software use}},
    year = {2013},
    journal = {Science},
    author = {Joppa, Lucas N. and McInerny, Greg and Harper, Richard and Salido, Lara and Takeda, Kenji and O'Hara, Kenton and Gavaghan, David and Emmott, Stephen},
    number = {6134},
    month = {5},
    pages = {814--815},
    volume = {340},
    publisher = {American Association for the Advancement of Science},
    doi = {10.1126/SCIENCE.1231535/SUPPL{\_}FILE/814.MP3},
    issn = {10959203},
    pmid = {23687031}
}

@article{Lau2021Tweakit:Code,
    title = {{Tweakit: Supporting end-user programmers who transmogrify code}},
    year = {2021},
    journal = {Conference on Human Factors in Computing Systems - Proceedings},
    author = {Lau, Sam and Ragavan, Sruti Srinivasa and Milne, Ken and Barik, Titus and Sarkar, Advait},
    month = {5},
    publisher = {Association for Computing Machinery},
    isbn = {9781450380966},
    doi = {10.1145/3411764.3445265},
    keywords = {Data analysts, Dataworkfows, End-user programming, Live programming, Opportunistic code reuse}
}

@article{Gu2023UnderstandingAnalysis,
    title = {{Understanding and Supporting Debugging Workflows in Multiverse Analysis}},
    year = {2023},
    journal = {Conference on Human Factors in Computing Systems - Proceedings},
    author = {Gu, Ken and Jun, Eunice and Althoff, Tim},
    month = {4},
    publisher = {Association for Computing Machinery},
    isbn = {9781450394215},
    doi = {10.1145/3544548.3581099},
    keywords = {Multiverse analysis, analysis authoring, debugging, statistical analysis, workflows}
}

@article{Basili2008UnderstandingPerspective,
    title = {{Understanding the high-performance-computing community: A software engineer's perspective}},
    year = {2008},
    journal = {IEEE Software},
    author = {Basili, Victor R. and Carver, Jeffrey C. and Cruzes, Daniela and Hochstein, Lorin M. and Hollingsworth, Jeffrey K. and Shull, Forrest and Zelkowitz, Marvin V.},
    number = {4},
    month = {7},
    pages = {29--36},
    volume = {25},
    doi = {10.1109/MS.2008.103},
    issn = {07407459},
    keywords = {Computational science, Empirical software engineering, High-performance computing, Productivity}
}

@article{Liu2020UnderstandingPractices,
    title = {{Understanding the Role of Alternatives in Data Analysis Practices}},
    year = {2020},
    journal = {IEEE Transactions on Visualization and Computer Graphics},
    author = {Liu, Jiali and Boukhelifa, Nadia and Eagan, James R.},
    number = {1},
    month = {1},
    pages = {66--76},
    volume = {26},
    publisher = {IEEE Computer Society},
    doi = {10.1109/TVCG.2019.2934593},
    issn = {19410506},
    pmid = {31425115},
    keywords = {alternatives, data analysis, data science, data workers, qualitative study, sensemaking}
}

@article{Howison2015UnderstandingMeasures,
    title = {{Understanding the scientific software ecosystem and its impact: Current and future measures}},
    year = {2015},
    journal = {Research Evaluation},
    author = {Howison, James and Deelman, Ewa and McLennan, Michael J. and Da Silva, Rafael Ferreira and Herbsleb, James D.},
    number = {4},
    month = {10},
    pages = {454--470},
    volume = {24},
    publisher = {Oxford Academic},
    url = {https://dx.doi.org/10.1093/reseval/rvv014},
    doi = {10.1093/RESEVAL/RVV014},
    issn = {0958-2029},
    keywords = {measurement, policy, science, software}
}

@article{Bhatia2024UnitTools,
    title = {{Unit Test Generation using Generative AI : A Comparative Performance Analysis of Autogeneration Tools}},
    year = {2024},
    author = {Bhatia, Shreya and Gandhi, Tarushi and Kumar, Dhruv and Jalote, Pankaj},
    month = {4},
    pages = {54--61},
    publisher = {Association for Computing Machinery (ACM)},
    isbn = {9798400705793},
    doi = {10.1145/3643795.3648396},
    arxivId = {2312.10622}
}

@article{Nam2024UsingUnderstanding,
    title = {{Using an LLM to Help with Code Understanding}},
    year = {2024},
    journal = {Proceedings - International Conference on Software Engineering},
    author = {Nam, Daye and MacVean, Andrew and Hellendoorn, Vincent and Vasilescu, Bogdan and Myers, Brad},
    pages = {1184--1196},
    publisher = {IEEE Computer Society},
    isbn = {9798400702174},
    doi = {10.1145/3597503.3639187},
    issn = {02705257},
    arxivId = {2307.08177},
    keywords = {Developer tool, Information support, LLM, Program comprehension, User study}
}

@article{Wermelinger2023UsingProblems,
    title = {{Using GitHub Copilot to Solve Simple Programming Problems}},
    year = {2023},
    journal = {SIGCSE 2023 - Proceedings of the 54th ACM Technical Symposium on Computer Science Education},
    author = {Wermelinger, Michel},
    month = {3},
    pages = {172--178},
    volume = {1},
    publisher = {Association for Computing Machinery, Inc},
    isbn = {9781450394314},
    doi = {10.1145/3545945.3569830},
    keywords = {academic integrity, code explanation, code generation, introductory programming, novice programming, openai codex, programming exercises, programming patterns, test generation}
}

@article{Sarkar2022WhatIntelligence,
    title = {{What is it like to program with artificial intelligence?}},
    year = {2022},
    author = {Sarkar, Advait and Gordon, Andrew D. and Negreanu, Carina and Poelitz, Christian and Ragavan, Sruti Srinivasa and Zorn, Ben},
    month = {8},
    url = {https://arxiv.org/abs/2208.06213v2},
    arxivId = {2208.06213}
}

@article{Segal2005WhenStudy,
    title = {{When software engineers met research scientists: A case study}},
    year = {2005},
    journal = {Empirical Software Engineering},
    author = {Segal, Judith},
    number = {4},
    month = {10},
    pages = {517--536},
    volume = {10},
    doi = {10.1007/S10664-005-3865-Y},
    issn = {13823256},
    keywords = {Agile methodologies, Case study, Scientific software, Software engineers, Tailoring methodologies}
}

@article{Segal2005WhenStudyb,
    title = {{When software engineers met research scientists: A case study}},
    year = {2005},
    journal = {Empirical Software Engineering},
    author = {Segal, Judith},
    number = {4},
    month = {10},
    pages = {517--536},
    volume = {10},
    doi = {10.1007/S10664-005-3865-Y},
    issn = {13823256},
    keywords = {Agile methodologies, Case study, Scientific software, Software engineers, Tailoring methodologies}
}

@article{Wang2024WhereCode,
    title = {{Where Do Large Language Models Fail When Generating Code?}},
    year = {2024},
    author = {Wang, Zhijie and Zhou, Zijie and Song, Da and Huang, Yuheng and Chen, Shengmai and Ma, Lei and Zhang, Tianyi},
    month = {6},
    url = {https://arxiv.org/abs/2406.08731v2},
    arxivId = {2406.08731}
}

@article{Khurana2024WhyHelp-Seeking,
    title = {{Why and When LLM-Based Assistants Can Go Wrong: Investigating the Effectiveness of Prompt-Based Interactions for Software Help-Seeking}},
    year = {2024},
    journal = {ACM International Conference Proceeding Series},
    author = {Khurana, Anjali and Subramonyam, Hariharan and Chilana, Parmit K.},
    month = {3},
    pages = {288--303},
    publisher = {Association for Computing Machinery},
    url = {http://arxiv.org/abs/2402.08030 http://dx.doi.org/10.1145/3640543.3645200},
    isbn = {9798400705083},
    doi = {10.1145/3640543.3645200},
    keywords = {feature-rich software, help-seeking, large language models, prompt-based interactions}
}

@article{Zamfirescu-Pereira2023WhyPrompts,
    title = {{Why Johnny Can't Prompt: How Non-AI Experts Try (and Fail) to Design LLM Prompts}},
    year = {2023},
    journal = {Conference on Human Factors in Computing Systems - Proceedings},
    author = {Zamfirescu-Pereira, J. D. and Wong, Richmond Y. and Hartmann, Bjoern and Yang, Qian},
    month = {4},
    publisher = {Association for Computing Machinery},
    isbn = {9781450394215},
    doi = {10.1145/3544548.3581388},
    keywords = {design tools, end-users, language models}
}

@article{Prather2023ItsProgrammers,
    title = {{``It's Weird That it Knows What I Want'': Usability and Interactions with Copilot for Novice Programmers}},
    year = {2023},
    journal = {ACM Transactions on Computer-Human Interaction},
    author = {Prather, James and Reeves, Brent N and Denny, Paul and Becker, Brett A and Leinonen, Juho and Luxton-Reilly, Andrew and Powell, Garrett and Finnie-Ansley, James and Powell, Gar-Rett and Santos, Eddie Antonio and Denny, ; P and Leinonen, J and Luxton-Reilly, A and Finnie-Ansley, J and Becker, B A and Santos, E Antonio},
    number = {4},
    volume = {31},
    url = {https://doi.org/10.1145/3617367},
    doi = {10.1145/3617367},
    keywords = {AI, Artificial Intelligence, Automatic Code Generation, CS1, Codex, Copilot, GPT-3, GitHub, HCI, Introductory Programming, LLM, Large Language Models, Novice Programming, OpenAI}
}

@article{Cheng2024ItTools,
    title = {{“It would work for me too”: How online communities shape software developers’ trust in AI-powered code generation tools}},
    year = {2024},
    journal = {ACM Transactions on Interactive Intelligent Systems},
    author = {Cheng, Ruijia and Wang, Ruotong and Zimmermann, Thomas and Ford, Denae},
    number = {2},
    month = {5},
    volume = {14},
    publisher = {Association for Computing Machinery},
    url = {https://dl.acm.org/doi/10.1145/3651990},
    doi = {10.1145/3651990/ASSET/6FD6E872-408C-4446-9A0B-60EC7D004732/ASSETS/GRAPHIC/TIIS-2023-JUN-004-F05.JPG},
    issn = {21606463},
    arxivId = {2212.03491},
    keywords = {Generative AI, Human-AI interaction, Online communities, Software engineering, Trust}
}