############################################ Articles

@misc{qualcomm,
  author       = {{Qualcomm}},
  title        = {How 5G sidelink benefits public safety and critical communications},
  year         = {2023},
  url          = {https://www.qualcomm.com/news/onq/2023/04/how-5g-sidelink-benefits-public-safety-and-critical-communications},
  note         = {}
}

@misc{qualcomm2,
  author       = {{Qualcomm}},
  title        = {How will sidelink bring a new level of 5G versatility?},
  year         = {2022},
  url          = {https://www.qualcomm.com/news/onq/2022/09/how-will-sidelink-bring-a-new-level-of-5g-versatility},
  note         = {}
}

@misc{qualcomm3,
  author       = {{Qualcomm}},
  title        = {Cellular -V2X Technology Overview},
  year         = {20219},
  url          = {https://www.qualcomm.com/content/dam/qcomm-martech/dm-assets/documents/c-v2x_technology.pdf},
  note         = {}
}

@misc{bell-labs,
  author       = {{Bell Labs}},
  title        = {Sidelink: Unlocking the full potential of device communication with 5G},
  year         = {2022},
  url          = {https://www.bell-labs.com/institute/blog/sidelink-unlocking-full-potential-device-communication-5g/},
  note         = {}
}

@misc{oran,
  author       = {{O-RAN}},
  title        = {O-RAN Specifications Lead the Telecom Industry towards Open and Intelligent Radio Access Networks},
  year         = {2024},
  url          = {https://www.o-ran.org/specifications},
  note         = {}
}

############################################ Software

@misc{srsran,
  author       = {{srsRAN}},
  title        = {C-V2X Signalling},
  year         = {2024},
  url          = {https://docs.srsran.com/projects/4g/en/latest/app_notes/source/cv2x/source/index.html},
  note         = {}
}

@misc{oai,
  author       = {{Open Air Interface}},
  title        = {5G software alliance for democratising wireless innovation},
  year         = {2024},
  url          = {https://openairinterface.org/},
  note         = {}
}

############################################ 3GPP

@techreport{3gpp.33.809,
 author = {3rd Generation Partnership Project},
 day = {00},
 institution = {3GPP},
 month = {05},
 note = {Version 18.1.0},
 number = {33.809},
 title = {Study on 5G security enhancements against False Base Stations (FBS)},
 url = {},
 year = {2023}
}

@techreport{3gpp.23.287,
 author = {3rd Generation Partnership Project},
 day = {00},
 institution = {3GPP},
 month = {05},
 note = {Version 18.3.0},
 number = {23.287},
 title = {5G; Architecture enhancements for 5G System (5GS) to support Vehicle-to-Everything (V2X) services},
 url = {},
 year = {2024}
}

@techreport{3gpp.37.985,
 author = {3rd Generation Partnership Project},
 day = {00},
 institution = {3GPP},
 month = {05},
 note = {Version 18.0.0},
 number = {23.287},
 title = {LTE; 5G; Overall description of Radio Access Network (RAN) 
aspects for Vehicle-to-everything (V2X) based on LTE and NR},
 url = {},
 year = {2024}
}

@techreport{3gpp.38.300,
 author = {3rd Generation Partnership Project},
 day = {00},
 institution = {3GPP},
 month = {08},
 note = {Version 18.2.0},
 number = {23.287},
 title = {5G; NR; NR and NG-RAN Overall description; Stage-2},
 url = {},
 year = {2024}
}

@techreport{3gpp.38.211,
 author = {3rd Generation Partnership Project},
 day = {00},
 institution = {3GPP},
 month = {08},
 note = {Version 18.3.0},
 number = {38.211},
 title = {5G; NR; Physical channels and modulation},
 url = {},
 year = {2024}
}

@techreport{3gpp.38.212,
 author = {3rd Generation Partnership Project},
 day = {00},
 institution = {3GPP},
 month = {08},
 note = {Version 18.3.0},
 number = {38.212},
 title = {5G; NR; Multiplexing and channel coding 
},
 url = {},
 year = {2024}
}

@techreport{3gpp.38.213,
 author = {3rd Generation Partnership Project},
 day = {00},
 institution = {3GPP},
 month = {08},
 note = {Version 18.3.0},
 number = {38.213},
 title = {5G; NR; Physical layer procedures for control},
 url = {},
 year = {2024}
}

@techreport{3gpp.38.214,
 author = {3rd Generation Partnership Project},
 day = {00},
 institution = {3GPP},
 month = {08},
 note = {Version 18.3.0},
 number = {38.214},
 title = {5G; NR; Physical layer procedures for data},
 url = {},
 year = {2024}
}

@techreport{3gpp.23.303,
 author = {3rd Generation Partnership Project},
 day = {00},
 institution = {3GPP},
 month = {04},
 note = {Version 18.0.0},
 number = {23.303},
 title = {Universal Mobile Telecommunications System (UMTS); LTE; Proximity-based services (ProSe); Stage 2},
 url = {},
 year = {2024}
}

@techreport{3gpp.38.133,
 author = {3rd Generation Partnership Project},
 day = {00},
 institution = {3GPP},
 month = {08},
 note = {Version 18.6.0},
 number = {38.133},
 title = {5G; NR; Requirements for support of radio resource management},
 url = {},
 year = {2024}
}

@techreport{3gpp.38.331,
 author = {3rd Generation Partnership Project},
 day = {00},
 institution = {3GPP},
 month = {08},
 note = {Version 18.2.0},
 number = {38.331},
 title = {5G; NR; Radio Resource Control (RRC); Protocol specification },
 url = {},
 year = {2024}
}

@techreport{3gpp.38.321,
 author = {3rd Generation Partnership Project},
 day = {00},
 institution = {3GPP},
 month = {08},
 note = {Version 18.2.0},
 number = {38.321},
 title = {5G; NR; Medium Access Control (MAC) protocol specification },
 url = {},
 year = {2024}
}

@techreport{3gpp.33.536,
 author = {3rd Generation Partnership Project},
 day = {00},
 institution = {3GPP},
 month = {04},
 note = {Version 18.0.0},
 number = {38.321},
 title = {LTE; 5G; Security aspects of 3GPP support for advanced Vehicle-to-Everything (V2X) services},
 url = {},
 year = {2024}
}

@techreport{3gpp.23.502,
 author = {3rd Generation Partnership Project},
 day = {00},
 institution = {3GPP},
 month = {07},
 note = {Version 18.6.0},
 number = {23.502},
 title = {5G; Procedures for the 5G System (5GS)},
 url = {},
 year = {2024}
}

@techreport{3gpp.24.587,
 author = {3rd Generation Partnership Project},
 day = {00},
 institution = {3GPP},
 month = {07},
 note = {Version 18.6.0},
 number = {24.587},
 title = {5G; Vehicle-to-Everything (V2X) services in 5G System (5GS); Stage 3},
 url = {},
 year = {2024}
}

########################################### Papers Sidelink

@article{GHOSAL20:V2X-Survey,
title = {Security issues and challenges in V2X: A Survey},
journal = {Computer Networks},
volume = {169},
pages = {107093},
year = {2020},
issn = {1389-1286},
doi = {https://doi.org/10.1016/j.comnet.2019.107093},
url = {https://www.sciencedirect.com/science/article/pii/S1389128619305857},
author = {Amrita Ghosal and Mauro Conti},
keywords = {Vehicle-to-Everything, Dedicated short range communication, Wireless access in vehicular environments, Long term evolution}
}

@article{Molina17LTEVFS,
  title={LTE-V for Sidelink 5G V2X Vehicular Communications: A New 5G Technology for Short-Range Vehicle-to-Everything Communications},
  author={Rafael Molina-Masegosa and Javier Goz{\'a}lvez},
  journal={IEEE Vehicular Technology Magazine},
  year={2017},
  volume={12},
  pages={30-39},
  url={https://api.semanticscholar.org/CorpusID:5252781}
}

@article{bazzi21V2X,
author = {Bazzi, Alessandro and Berthet, Antoine and Campolo, Claudia and Masini, Barbara and Molinaro, Antonella and Zanella, Alberto},
year = {2021},
month = {07},
pages = {1-1},
title = {On the Design of Sidelink for Cellular V2X: A Literature Review and Outlook for Future},
volume = {PP},
journal = {IEEE Access},
doi = {10.1109/ACCESS.2021.3094161}
}

@ARTICLE{liu15cellular,
  author={Liu, Jiajia and Kato, Nei and Ma, Jianfeng and Kadowaki, Naoto},
  journal={IEEE Communications Surveys \& Tutorials}, 
  title={Device-to-Device Communication in LTE-Advanced Networks: A Survey}, 
  year={2015},
  volume={17},
  number={4},
  pages={1923-1940},
  keywords={Cellular networks;Resource management;Signal to noise ratio;Receivers;Transmitters;Mobile communication;Power control;Communication systems;Long Term Evolution;Device-to-device communication;LTE-A;small cells;heterogeneous networks;Device-to-device communication;LTE-A;small cells;heterogeneous networks},
  doi={10.1109/COMST.2014.2375934}}

@ARTICLE{Bagheri21nr,
  author={Bagheri, Hamidreza and Noor-A-Rahim, Md and Liu, Zilong and Lee, Haeyoung and Pesch, Dirk and Moessner, Klaus and Xiao, Pei},
  journal={IEEE Communications Standards Magazine}, 
  title={5G NR-V2X: Toward Connected and Cooperative Autonomous Driving}, 
  year={2021},
  volume={5},
  number={1},
  pages={48-54},
  keywords={Systematics;5G mobile communication;Throughput;Security;Intelligent vehicles;Autonomous vehicles;Vehicle-to-everything;Physical layer;Resource management;Privacy},
  doi={10.1109/MCOMSTD.001.2000069}}

@article{Todisco21PerformanceAO,
  title={Performance Analysis of Sidelink 5G-V2X Mode 2 through an Open-Source Simulator},
  author={Vittorio Todisco and Stefania Bartoletti and Claudia Campolo and Antonella Molinaro and Antoine O. Berthet and Alessandro Bazzi},
  journal={IEEE Access},
  year={2021},
  volume={PP},
  pages={1-1},
  url={https://api.semanticscholar.org/CorpusID:241606352}
}

@article{Tabassum23nr,
author = {Tabassum, Mehnaz and Bastos, Felipe and Oliveira, Aurenice and Klautau, Aldebaro},
year = {2023},
month = {11},
pages = {1692-1706},
title = {NR Sidelink Performance Evaluation for Enhanced 5G-V2X Services},
volume = {5},
journal = {Vehicles},
doi = {10.3390/vehicles5040092}
}
@ARTICLE{Ganesan20v2x,
  author={Ganesan, Karthikeyan and Lohr, Joachim and Mallick, Prateek Basu and Kunz, Andreas and Kuchibhotla, Ravi},
  journal={IEEE Internet of Things Magazine}, 
  title={NR Sidelink Design Overview for Advanced V2X Service}, 
  year={2020},
  volume={3},
  number={1},
  pages={26-30},
  keywords={Quality of service;Unicast;5G mobile communication;Reliability;3GPP;Security;Protocols},
  doi={10.1109/IOTM.0001.1900071}}

@article{Chukhno23nr,
author = {Chukhno, Nadezhda and Orsino, Antonino and Torsner, Johan and Iera, Antonio and Araniti, Giuseppe},
year = {2023},
month = {09},
pages = {1-7},
title = {5G NR Sidelink Multi-Hop Transmission in Public Safety and Factory Automation Scenarios},
volume = {PP},
journal = {IEEE Network},
doi = {10.1109/MNET.124.2100765}
}

@article{Mishra22CooperativeCU,
  title={Cooperative Cellular UAV-to-Everything (C-U2X) communication based on 5G sidelink for UAV swarms},
  author={Debashisha Mishra and Angelo Trotta and Emiliano Traversi and Marco Di Felice and Enrico Natalizio},
  journal={Comput. Commun.},
  year={2022},
  volume={192},
  pages={173-184},
  url={https://api.semanticscholar.org/CorpusID:249554915}
}

@ARTICLE{Chen17v2x,
  author={Chen, Shanzhi and Hu, Jinling and Shi, Yan and Peng, Ying and Fang, Jiayi and Zhao, Rui and Zhao, Li},
  journal={IEEE Communications Standards Magazine}, 
  title={Vehicle-to-Everything (v2x) Services Supported by LTE-Based Systems and 5G}, 
  year={2017},
  volume={1},
  number={2},
  pages={70-76},
  keywords={Long Term Evolution;3GPP;Intelligent vehicles;5G mobile communication;Vehicle-to-vehicle communication;Vehicle safety;Vehicle ad hoc networks},
  doi={10.1109/MCOMSTD.2017.1700015}}

@INPROCEEDINGS{Virdis16simu,
  author={Virdis, Antonio and Nardini, Giovanni and Stea, Giovanni},
  booktitle={2016 1st International Workshop on Link- and System Level Simulations (IWSLS)}, 
  title={Modeling unicast device-to-device communications with simuLTE}, 
  year={2016},
  volume={},
  number={},
  pages={1-6},
  keywords={Device-to-device communication;Interference;Long Term Evolution;Protocols;Unicast;Resource management;Computational modeling;LTE-Advanced;D2D;resource allocation;systemlevel simulation},
  doi={10.1109/IWSLS.2016.7801579}}

@ARTICLE{Garcia21tutorial,
  author={Garcia, Mario H. Castañeda and Molina-Galan, Alejandro and Boban, Mate and Gozalvez, Javier and Coll-Perales, Baldomero and Şahin, Taylan and Kousaridas, Apostolos},
  journal={IEEE Communications Surveys \& Tutorials}, 
  title={A Tutorial on 5G NR V2X Communications}, 
  year={2021},
  volume={23},
  number={3},
  pages={1972-2026},
  keywords={Vehicle-to-everything;5G mobile communication;Standards;Long Term Evolution;3GPP;Uplink;Tutorials;5G NR V2X;5G V2X;3GPP;release 16;sidelink;vehicle-to-everything;V2X;5G;New Radio;5G NR;LTE V2X;cellular V2X;C-V2X;connected and automated vehicles;CAV;connected and automated driving},
  doi={10.1109/COMST.2021.3057017}}

@inproceedings{Liu22nr,
author = {Liu, Peng and Shen, Chen and Liu, Chunmei and Cintr\'{o}n, Fernando J. and Zhang, Lyutianyang and Cao, Liu and Rouil, Richard and Roy, Sumit},
title = {5G New Radio Sidelink Link-Level Simulator and Performance Analysis},
year = {2022},
isbn = {9781450394826},
publisher = {Association for Computing Machinery},
address = {New York, NY, USA},
url = {https://doi.org/10.1145/3551659.3559049},
doi = {10.1145/3551659.3559049},
booktitle = {Proceedings of the 25th International ACM Conference on Modeling Analysis and Simulation of Wireless and Mobile Systems},
pages = {75–84},
numpages = {10},
keywords = {sidelink, link-level simulator, communication range, 5G NR},
location = {Montreal, Quebec, Canada},
series = {MSWiM '22}
}

@ARTICLE{Asadi14survey,
  author={Asadi, Arash and Wang, Qing and Mancuso, Vincenzo},
  journal={IEEE Communications Surveys \& Tutorials}, 
  title={A Survey on Device-to-Device Communication in Cellular Networks}, 
  year={2014},
  volume={16},
  number={4},
  pages={1801-1819},
  keywords={Interference;Resource management;Cellular networks;Mobile communication;Throughput;Uplink;Heuristic algorithms;Device-to-device communications;cellular networks;LTE;LTE-A},
  doi={10.1109/COMST.2014.2319555}}

@article{Pizzi21securedelivery,
   title={A Sidelink-Aided Approach for Secure Multicast Service Delivery: From Human-Oriented Multimedia Traffic to Machine Type Communications},
   volume={67},
   ISSN={1557-9611},
   url={http://dx.doi.org/10.1109/TBC.2020.2977512},
   DOI={10.1109/tbc.2020.2977512},
   number={1},
   journal={IEEE Transactions on Broadcasting},
   publisher={Institute of Electrical and Electronics Engineers (IEEE)},
   author={Pizzi, Sara and Suraci, Chiara and Iera, Antonio and Molinaro, Antonella and Araniti, Giuseppe},
   year={2021},
   month=mar, pages={313–323} }

@article{Zhang15SeDS,
author = {Zhang, Aiqing and Chen, Jianxin and Hu, Rose and Qian, Yi},
year = {2015},
month = {01},
pages = {1-1},
title = {SeDS: Secure data sharing strategy for D2D communication in LTE-Advanced networks},
volume = {65},
journal = {IEEE Transactions on Vehicular Technology},
doi = {10.1109/TVT.2015.2416002}
}

@article{Suraci21d2d,
   title={Trusted and secured D2D-aided communications in 5G networks},
   volume={114},
   ISSN={1570-8705},
   url={http://dx.doi.org/10.1016/j.adhoc.2020.102403},
   DOI={10.1016/j.adhoc.2020.102403},
   journal={Ad Hoc Networks},
   publisher={Elsevier BV},
   author={Suraci, C. and Pizzi, S. and Garompolo, D. and Araniti, G. and Molinaro, A. and Iera, A.},
   year={2021},
   month=apr, pages={102403} 
}

@article{Trkulja20DenialofServiceAO,
  title={Denial-of-Service Attacks on C-V2X Networks},
  author={Natavsa Trkulja and David Starobinski and Randall A. Berry},
  journal={ArXiv},
  year={2020},
  volume={abs/2010.13725},
  url={https://api.semanticscholar.org/CorpusID:225067670}
}

@misc{alnasser19challengessolutions,
      title={Cyber Security Challenges and Solutions for V2X Communications: A Survey}, 
      author={Aljawharah Alnasser and Hongjian Sun and Jing Jiang},
      year={2019},
      eprint={1901.01053},
      archivePrefix={arXiv},
      primaryClass={cs.IT},
      url={https://arxiv.org/abs/1901.01053}, 
}

@misc{elkadi23opensource5g,
      title={Open Source-based Over-The-Air 5G New Radio Sidelink Testbed}, 
      author={Melissa Elkadi and Doekseong Kim and Ejaz Ahmed and Moein Sadeghi and Anh Le and Paul Russell and Bo Ryu},
      year={2023},
      eprint={2306.09286},
      archivePrefix={arXiv},
      primaryClass={cs.NI},
      url={https://arxiv.org/abs/2306.09286}, 
}

@misc{marojevic18requirementsprocedures,
      title={C-V2X Security Requirements and Procedures: Survey and Research Directions}, 
      author={Vuk Marojevic},
      year={2018},
      eprint={1807.09338},
      archivePrefix={arXiv},
      primaryClass={eess.SP},
      url={https://arxiv.org/abs/1807.09338}, 
}

@ARTICLE{Ahmed18secure,
  author={Ahmed, Kazi J. and Lee, Myung J.},
  journal={IEEE Internet of Things Journal}, 
  title={Secure LTE-Based V2X Service}, 
  year={2018},
  volume={5},
  number={5},
  pages={3724-3732},
  keywords={Security;3GPP;Resource management;Long Term Evolution;Privacy;Safety;Internet of Things;Intelligent transportation system (ITS);Long-Term Evolution (LTE);privacy;scalability;security;trust;vehicle-to-everything (V2X) services},
  doi={10.1109/JIOT.2017.2697949}}

@ARTICLE{Luo20phy,
  author={Luo, Xuewen and Liu, Yiliang and Chen, Hsiao-Hwa and Guo, Qing},
  journal={IEEE Network}, 
  title={Physical Layer Security in Intelligently Connected Vehicle Networks}, 
  year={2020},
  volume={34},
  number={5},
  pages={232-239},
  keywords={Security;Task analysis;Physical layer;Wireless communication;Unmanned aerial vehicles;Eavesdropping;Communication system security},
  doi={10.1109/MNET.011.1900628}}

@article{Yiliang20secrecy,
author = {Yiliang, Liu and Wang, Wei and Chen, Hsiao-Hwa and Wang, Liangmin and Cheng, Nan and Meng, Weixiao and Shen, Xuemin},
year = {2020},
month = {04},
pages = {1-1},
title = {Secrecy Rate Maximization via Radio Resource Allocation in Cellular Underlaying V2V Communications},
volume = {PP},
journal = {IEEE Transactions on Vehicular Technology},
doi = {10.1109/TVT.2020.2986088}
}

@ARTICLE{Lu20secoverview,
  author={Lu, Rongxing and Zhang, Lan and Ni, Jianbing and Fang, Yuguang},
  journal={Proceedings of the IEEE}, 
  title={5G Vehicle-to-Everything Services: Gearing Up for Security and Privacy}, 
  year={2020},
  volume={108},
  number={2},
  pages={373-389},
  keywords={5G mobile communication;Vehicle-to-everything;Privacy;Road safety;Authentication;Sensors;Vehicular ad hoc networks;5G vehicle-to-everything (V2X) services;challenges;privacy;security;solutions;trust},
  doi={10.1109/JPROC.2019.2948302}}

@ARTICLE{Lai20:Challenges,
  author={Lai, Chengzhe and Lu, Rongxing and Zheng, Dong and Shen, Xuemin},
  journal={IEEE Network}, 
  title={Security and Privacy Challenges in 5G-Enabled Vehicular Networks}, 
  year={2020},
  volume={34},
  number={2},
  pages={37-45},
  keywords={Security;Privacy;3GPP;Vehicle-to-everything;Autonomous vehicles;5G mobile communication;Long Term Evolution},
  doi={10.1109/MNET.001.1900220}}

@ARTICLE{Huang20advances,
  author={Huang, Jiaqi and Fang, Dongfeng and Qian, Yi and Hu, Rose Qingyang},
  journal={IEEE Open Journal of Vehicular Technology}, 
  title={Recent Advances and Challenges in Security and Privacy for V2X Communications}, 
  year={2020},
  volume={1},
  number={},
  pages={244-266},
  keywords={Privacy;Vehicle-to-everything;Cryptography;Roads;Wireless communication;Protocols;Security;privacy;trust management;V2X;vehicular networks;LTE;5G},
  doi={10.1109/OJVT.2020.2999885}}

@article{Yoshizawa23v2xsurvey,
author = {Takahito, Yoshizawa and Singelée, Dave and Mühlberg, Jan and Stéphane, Delbruel and Taherkordi, Amir and Hughes, Danny and Preneel, Bart},
year = {2022},
month = {08},
pages = {},
title = {A Survey of Security and Privacy Issues in V2X Communication Systems},
volume = {55},
journal = {ACM Computing Surveys},
doi = {10.1145/3558052}
}

@INPROCEEDINGS{Twardokus22dos,
  author={Twardokus, Geoff and Rahbari, Hanif},
  booktitle={IEEE INFOCOM 2022 - IEEE Conference on Computer Communications}, 
  title={Vehicle-to-Nothing? Securing C-V2X Against Protocol-Aware DoS Attacks}, 
  year={2022},
  volume={},
  number={},
  pages={1629-1638},
  keywords={Protocols;Scheduling algorithms;Vehicular ad hoc networks;Denial-of-service attack;Media Access Protocol;Throughput;New Radio;V2V security;denial-of-service;jamming;resource scheduling},
  doi={10.1109/INFOCOM48880.2022.9796667}}

@ARTICLE{Twardokus23dos,
  author={Twardokus, Geoff and Rahbari, Hanif},
  journal={IEEE Transactions on Wireless Communications}, 
  title={Toward Protecting 5G Sidelink Scheduling in C-V2X Against Intelligent DoS Attacks}, 
  year={2023},
  volume={22},
  number={11},
  pages={7273-7286},
  keywords={5G mobile communication;Vehicle-to-everything;Sensors;3GPP;Wireless communication;Protocols;Denial-of-service attack;V2V security;denial-of-service;selective jamming;resource scheduling;5G},
  doi={10.1109/TWC.2023.3249665}}

@article{Ying24review,
author = {Ying, Zuobin and Wang, Kaichao and Xiong, Jinbo and Ma, Maode},
year = {2024},
month = {06},
pages = {n/a-n/a},
title = {A literature review on V2X communications security: Foundation, solutions, status, and future},
journal = {IET Communications},
doi = {10.1049/cmu2.12778}
}

@INPROCEEDINGS{Liu21plattoning,
  author={Liu, Feifei and Liu, Di and Sun, Yu and Li, Dawei and Cui, Jian and Guan, Zhenyu and Liu, Jianwei},
  booktitle={2021 IEEE Intl Conf on Parallel \& Distributed Processing with Applications, Big Data \& Cloud Computing, Sustainable Computing \& Communications, Social Computing \& Networking (ISPA/BDCloud/SocialCom/SustainCom)}, 
  title={Secure Vehicle Platooning Protocol for 5G C-V2X}, 
  year={2021},
  volume={},
  number={},
  pages={868-875},
  keywords={Protocols;Costs;5G mobile communication;Computational modeling;Merging;Authentication;Throughput;Secure vehicle platooning;5G C-V2X;Mutual authentication;Group key management},
  doi={10.1109/ISPA-BDCloud-SocialCom-SustainCom52081.2021.00123}}

@ARTICLE{Alnasser20trust,
  author={Alnasser, Aljawharah and Sun, Hongjian and Jiang, Jing},
  journal={IEEE Internet of Things Journal}, 
  title={Recommendation-Based Trust Model for Vehicle-to-Everything (V2X)}, 
  year={2020},
  volume={7},
  number={1},
  pages={440-450},
  keywords={Roads;Computational modeling;Adaptation models;Internet of Things;Security;Analytical models;Vehicle-to-everything;Attack;recommendation;trust;vehicle-to-everything (V2X)},
  doi={10.1109/JIOT.2019.2950083}}

@INPROCEEDINGS{Mohan22threats,
  author={Mohan, Jaya Preethi and Sugunaraj, Niroop and Ranganathan, Prakash},
  booktitle={2022 IEEE International Conference on Electro Information Technology (eIT)}, 
  title={Cyber Security Threats for 5G Networks}, 
  year={2022},
  volume={},
  number={},
  pages={446-454},
  keywords={5G mobile communication;Authentication;Vehicular ad hoc networks;Transportation;Virtual reality;Ultra reliable low latency communication;Benchmark testing;The Fifth Generation (5G) Network;cyber security;cyber threat;supply chain security;telecommunication threats;eMBB;mMTC;URLLC},
  doi={10.1109/eIT53891.2022.9813965}}

@ARTICLE{Boualouache23challenges,
  author={Boualouache, Abdelwahab and Brik, Bouziane and Tang, Qiang and Korba, Abdelaziz Amara and Cherrier, Sylvain and Senouci, Sidi-Mohammed and Pardo, Enric and Ghamri-Doudane, Yacine and Langar, Rami and Engel, Thomas},
  journal={IEEE Internet of Things Magazine}, 
  title={5G Vehicle-to-Everything at the Cross-Borders: Security Challenges and Opportunities}, 
  year={2023},
  volume={6},
  number={1},
  pages={114-119},
  keywords={Industries;Privacy;5G mobile communication;Network slicing;Standards organizations;Organizations;Security},
  doi={10.1109/IOTM.001.2200140}}

@ARTICLE{Sedar23survey,
  author={Sedar, Roshan and Kalalas, Charalampos and Vázquez-Gallego, Francisco and Alonso, Luis and Alonso-Zarate, Jesus},
  journal={IEEE Open Journal of the Communications Society}, 
  title={A Comprehensive Survey of V2X Cybersecurity Mechanisms and Future Research Paths}, 
  year={2023},
  volume={4},
  number={},
  pages={325-391},
  keywords={Security;Vehicle-to-everything;Vehicular ad hoc networks;Privacy;Cryptography;Taxonomy;Authentication;Artificial intelligence;attack classification;cybersecurity solutions;machine learning;misbehavior detection;privacy preservation;proactive/reactive security;security threats;trust management;V2X communication},
  doi={10.1109/OJCOMS.2023.3239115}}

@ARTICLE{Hasan20v2x,
  author={Hasan, Monowar and Mohan, Sibin and Shimizu, Takayuki and Lu, Hongsheng},
  journal={IEEE Transactions on Intelligent Vehicles}, 
  title={Securing Vehicle-to-Everything (V2X) Communication Platforms}, 
  year={2020},
  volume={5},
  number={4},
  pages={693-713},
  keywords={Security;Base stations;Standardization;Communication system security;Wireless communication;Vehicle-to-everything;Vehicular ad hoc networks;DSRC;LTE-V2X;real-time;vehicular communications. V2X;V2X security},
  doi={10.1109/TIV.2020.2987430}}

@ARTICLE{Bajracharya23:military,
  author={Bajracharya, Rojeena and Shrestha, Rakesh and Hassan, Syed Ali and Jung, Haejoon and Shin, Hyundong},
  journal={IEEE Access}, 
  title={5G and Beyond Private Military Communication: Trend, Requirements, Challenges and Enablers}, 
  year={2023},
  volume={11},
  number={},
  pages={83996-84012},
  keywords={Military communication;Military aircraft;5G mobile communication;Wireless communication;Training;Logistics;Communication networks;Beyond CMOS;Tactile sensors;5G and beyond communication;military communication;private network;tactile communications},
  doi={10.1109/ACCESS.2023.3303211}}

########################################### Papers General

@INPROCEEDINGS{Lichtman185g,
  author={Lichtman, Marc and Rao, Raghunandan and Marojevic, Vuk and Reed, Jeffrey and Jover, Roger Piqueras},
  booktitle={2018 IEEE International Conference on Communications Workshops (ICC Workshops)}, 
  title={5G NR Jamming, Spoofing, and Sniffing: Threat Assessment and Mitigation}, 
  year={2018},
  volume={},
  number={},
  pages={1-6},
  keywords={5G mobile communication;Jamming;Long Term Evolution;OFDM;Downlink;Synchronization;Uplink},
  doi={10.1109/ICCW.2018.8403769}}

@misc{ludant24unprotected4g5g,
      title={Unprotected 4G/5G Control Procedures at Low Layers Considered Dangerous}, 
      author={Norbert Ludant and Marinos Vomvas and Guevara Noubir},
      year={2024},
      eprint={2403.06717},
      archivePrefix={arXiv},
      primaryClass={cs.CR},
      url={https://arxiv.org/abs/2403.06717}, 
}

@misc{oh24:enablingphysicallocalization,
      title={Enabling Physical Localization of Uncooperative Cellular Devices}, 
      author={Taekkyung Oh and Sangwook Bae and Junho Ahn and Yonghwa Lee and Tuan Dinh Hoang and Min Suk Kang and Nils Ole Tippenhauer and Yongdae Kim},
      year={2024},
      eprint={2403.14963},
      archivePrefix={arXiv},
      primaryClass={cs.CR},
      url={https://arxiv.org/abs/2403.14963}, 
}

@article{Ludant21sigunder,
  title={SigUnder: a stealthy 5G low power attack and defenses},
  author={Norbert Ludant and Guevara Noubir},
  journal={Proceedings of the 14th ACM Conference on Security and Privacy in Wireless and Mobile Networks},
  year={2021},
  url={https://api.semanticscholar.org/CorpusID:235628435}
}

@inproceedings {Yang19overshadowing,
author = {Hojoon Yang and Sangwook Bae and Mincheol Son and Hongil Kim and Song Min Kim and Yongdae Kim},
title = {Hiding in Plain Signal: Physical Signal Overshadowing Attack on {LTE}},
booktitle = {28th USENIX Security Symposium (USENIX Security 19)},
year = {2019},
isbn = {978-1-939133-06-9},
address = {Santa Clara, CA},
pages = {55--72},
url = {https://www.usenix.org/conference/usenixsecurity19/presentation/yang-hojoon},
publisher = {USENIX Association},
month = aug
}

@inproceedings{bitsikas21handovers,
author = {Bitsikas, Evangelos and P\"{o}pper, Christina},
title = {Don’t hand it Over: Vulnerabilities in the Handover Procedure of Cellular Telecommunications},
year = {2021},
isbn = {9781450385794},
publisher = {Association for Computing Machinery},
address = {New York, NY, USA},
url = {https://doi.org/10.1145/3485832.3485914},
doi = {10.1145/3485832.3485914},
booktitle = {Proceedings of the 37th Annual Computer Security Applications Conference},
pages = {900–915},
numpages = {16},
keywords = {Man-In-The-Middle, LTE, Handovers, False base stations, Denial-Of-Service, 5G},
location = {Virtual Event, USA},
series = {ACSAC '21}
}

@inproceedings{bitsikas22warnings,
author = {Bitsikas, Evangelos and P\"{o}pper, Christina},
title = {You have been warned: Abusing 5G’s Warning and Emergency Systems},
year = {2022},
isbn = {9781450397599},
publisher = {Association for Computing Machinery},
address = {New York, NY, USA},
url = {https://doi.org/10.1145/3564625.3568000},
doi = {10.1145/3564625.3568000},
booktitle = {Proceedings of the 38th Annual Computer Security Applications Conference},
pages = {561–575},
numpages = {15},
keywords = {suppression, spoofing, Public Warning System, MitM attacks, 5G},
location = {Austin, TX, USA},
series = {ACSAC '22}
}

@ARTICLE{Rupprecht18:sok,
  author={Rupprecht, David and Dabrowski, Adrian and Holz, Thorsten and Weippl, Edgar and Pöpper, Christina},
  journal={IEEE Communications Surveys \& Tutorials}, 
  title={On Security Research Towards Future Mobile Network Generations}, 
  year={2018},
  volume={20},
  number={3},
  pages={2518-2542},
  keywords={Authentication;Protocols;Long Term Evolution;GSM;3G mobile communication;5G mobile communication;Security research;mobile networks;GSM;UMTS;LTE;5G;systematization of knowledge},
  doi={10.1109/COMST.2018.2820728}}

@misc{eleftherakis24:sok,
      title={SoK: Evaluating 5G Protocols Against Legacy and Emerging Privacy and Security Attacks}, 
      author={Stavros Eleftherakis and Domenico Giustiniano and Nicolas Kourtellis},
      year={2024},
      eprint={2409.06360},
      archivePrefix={arXiv},
      primaryClass={cs.CR},
      url={https://arxiv.org/abs/2409.06360}, 
}

@techreport{nist2018framework,
  author      = {{National Institute of Standards and Technology}},
  title       = {Framework for Improving Critical Infrastructure Cybersecurity},
  institution = {National Institute of Standards and Technology},
  year        = {2018},
  month       = {April},
  number      = {Version 1.1},
  url         = {https://nvlpubs.nist.gov/nistpubs/CSWP/NIST.CSWP.04162018.pdf},
  note        = {Accessed: September 13, 2024}
}

@misc{hernan2006stride,
  author       = {Hernan, Shawn and Lambert, Scott and Ostwald, Tomasz and Shostack, Adam},
  title        = {Threat Modeling: Uncover Security Design Flaws Using the STRIDE Approach},
  howpublished = {Microsoft Corporation},
  year         = {2006},
  url          = {https://docs.microsoft.com/en-us/previous-versions/msp-n-p/ff648644(v=pandp.10)},
  note         = {Accessed: September 13, 2024}
}

@inproceedings{Karakoc23:Bidding,
author = {Karakoc, Bedran and F\"{u}rste, Nils and Rupprecht, David and Kohls, Katharina},
title = {Never Let Me Down Again: Bidding-Down Attacks and Mitigations in 5G and 4G},
year = {2023},
isbn = {9781450398596},
publisher = {Association for Computing Machinery},
address = {New York, NY, USA},
url = {https://doi.org/10.1145/3558482.3581774},
doi = {10.1145/3558482.3581774},
booktitle = {Proceedings of the 16th ACM Conference on Security and Privacy in Wireless and Mobile Networks},
pages = {97–108},
numpages = {12},
keywords = {4g, 5g, bidding-down, downgrade, fake base station},
location = {Guildford, United Kingdom},
series = {WiSec '23}
}

@inproceedings{Ross24:Broadcasts,
title	= {Fixing Insecure Cellular System Information Broadcasts For Good},
author	= {Alex Ross and Bradley Reaves and Yomna Nasser and Gil Cukierman and Roger Piqueras Jover},
year	= {2024},
URL	= {https://raid2024.github.io/papers/raid2024-34.pdf},
booktitle	= {Proceedings of the 27th International Symposium on Research in Attacks, Intrusions and Defenses},
pages	= {693–708}
}

@ARTICLE{Zidan21:GNSS,
  author={Zidan, Jasmine and Adegoke, Elijah I. and Kampert, Erik and Birrell, Stewart A. and Ford, Col R. and Higgins, Matthew D.},
  journal={IEEE Access}, 
  title={GNSS Vulnerabilities and Existing Solutions: A Review of the Literature}, 
  year={2021},
  volume={9},
  number={},
  pages={153960-153976},
  keywords={Global navigation satellite system;Satellite broadcasting;Receivers;Timing;Global Positioning System;Clocks;GNSS;GNSS vulnerabilities;GNSS robustness;positioning;navigation;timing},
  doi={10.1109/ACCESS.2020.2973759}}

@article{weerackody23:whoneeds,
  author = {Vijitha Weerackody and Kent Benson and Sumit Roy},
  title = {Who Needs Basestations When We Have Sidelinks?},
  journal = {IEEE Communications Technology News (CTN)},
  year = {2023},
  month = {February},
  url = {https://www.comsoc.org/publications/ctn/who-needs-basestations-when-we-have-sidelinks}
}

