@book{shumway2000time,
  title={Time series analysis and its applications},
  author={Shumway, Robert H and Stoffer, David S and Stoffer, David S},
  volume={3},
  year={2000},
  publisher={Springer}
}

@inproceedings{lu2017simplified,
  title={Simplified gating in long short-term memory (lstm) recurrent neural networks},
  author={Lu, Yuzhen and Salem, Fathi M},
  booktitle={2017 IEEE 60th international midwest symposium on circuits and systems (MWSCAS)},
  pages={1601--1604},
  year={2017},
  organization={IEEE}
}

@article{sabate2020solving,
  title={Solving path dependent PDEs with LSTM networks and path signatures},
  author={Sabate-Vidales, Marc and {\v{S}}i{\v{s}}ka, David and Szpruch, Lukasz},
  journal={arXiv preprint arXiv:2011.10630},
  year={2020}
}

@article{moreno2024rough,
  title={Rough transformers for continuous and efficient time-series modelling},
  author={Moreno-Pino, Fernando and Arroyo, Alvaro and Waldon, Harrison and Dong, Xiaowen and Cartea, {\'A}lvaro},
  journal={arXiv preprint arXiv:2403.10288},
  year={2024}
}

@article{inzirillo2024clustering,
  title={Clustering Digital Assets Using Path Signatures: Application to Portfolio Construction},
  author={Inzirillo, Hugo},
  journal={arXiv preprint arXiv:2410.23297},
  year={2024}
}

@article{cheng2020refined,
  title={Refined gate: A simple and effective gating mechanism for recurrent units},
  author={Cheng, Zhanzhan and Xu, Yunlu and Cheng, Mingjian and Qiao, Yu and Pu, Shiliang and Niu, Yi and Wu, Fei},
  journal={arXiv preprint arXiv:2002.11338},
  year={2020}
}

@article{Mar13,
  added-at = {2008-03-17T11:27:54.000+0100},
  author = {Markov, A. A.},
  biburl = {https://www.bibsonomy.org/bibtex/2524f90b3a901a933f9e1071f84276925/nlp},
  interhash = {e56c253b0398259ec35cc226713c18f5},
  intrahash = {524f90b3a901a933f9e1071f84276925},
  journal = {Izvistia Imperatorskoi Akademii Nauk (Bulletin de {l'Acad\'{e}mie}
  {Imp\'{e}riale} des Sciences de {St.-P\'{e}tersbourg)}},
  keywords = {2000 book nlp},
  note = {English translation by Morris Halle, 1956.},
  pages = {153--162},
  series = 6,
  timestamp = {2008-03-17T11:32:50.000+0100},
  title = {Essai d'une recherche statistique sur le texte du roman ``{E}ugene
  {O}negin'' illustrant la liaison des epreuve en chain ({`Example} of a
  statistical investigation of the text of ``{E}ugene {O}negin" illustrating
  the dependence between samples in chain')},
  volume = 7,
  year = 1913
}

@book{box2015time,
  title={Time series analysis: forecasting and control},
  author={Box, George EP and Jenkins, Gwilym M and Reinsel, Gregory C and Ljung, Greta M},
  year={2015},
  publisher={John Wiley \& Sons}
}

@article{lecun2015deep,
  title={Deep learning},
  author={LeCun, Yann and Bengio, Yoshua and Hinton, Geoffrey},
  journal={nature},
  volume={521},
  number={7553},
  pages={436--444},
  year={2015},
  publisher={Nature Publishing Group UK London}
}

@article{lim2021time,
  title={Time-series forecasting with deep learning: a survey},
  author={Lim, Bryan and Zohren, Stefan},
  journal={Philosophical Transactions of the Royal Society A},
  volume={379},
  number={2194},
  pages={20200209},
  year={2021},
  publisher={The Royal Society Publishing}
}


@book{medsker1999recurrent,
  title={Recurrent neural networks: design and applications},
  author={Medsker, Larry and Jain, Lakhmi C},
  year={1999},
  publisher={CRC press}
}

@inproceedings{gu2020improving,
  title={Improving the gating mechanism of recurrent neural networks},
  author={Gu, Albert and Gulcehre, Caglar and Paine, Thomas and Hoffman, Matt and Pascanu, Razvan},
  booktitle={International conference on machine learning},
  pages={3800--3809},
  year={2020},
  organization={PMLR}
}


@article{chen1958integration,
  title={Integration of paths--A faithful representation of paths by noncommutative formal power series},
  author={Chen, Kuo-Tsai},
  journal={Transactions of the American Mathematical Society},
  volume={89},
  number={2},
  pages={395--407},
  year={1958},
  publisher={JSTOR}
}
@article{lyons2014rough,
  title={Rough paths, signatures and the modelling of functions on streams},
  author={Lyons, Terry},
  journal={arXiv preprint arXiv:1405.4537},
  year={2014}
}


@article{cho2014learning,
  title={Learning phrase representations using RNN encoder-decoder for statistical machine translation},
  author={Cho, Kyunghyun and Van Merri{\"e}nboer, Bart and Gulcehre, Caglar and Bahdanau, Dzmitry and Bougares, Fethi and Schwenk, Holger and Bengio, Yoshua},
  journal={arXiv preprint arXiv:1406.1078},
  year={2014}
}




@article{lyons1998differential,
  title={Differential equations driven by rough signals},
  author={Lyons, Terry J},
  journal={Revista Matem{\'a}tica Iberoamericana},
  volume={14},
  number={2},
  pages={215--310},
  year={1998}
}
@article{chevyrev2016primer,
  title={A primer on the signature method in machine learning},
  author={Chevyrev, Ilya and Kormilitzin, Andrey},
  journal={arXiv preprint arXiv:1603.03788},
  year={2016}
}

@incollection{yang2022developing,
  title={Developing the path signature methodology and its application to landmark-based human action recognition},
  author={Yang, Weixin and Lyons, Terry and Ni, Hao and Schmid, Cordelia and Jin, Lianwen},
  booktitle={Stochastic Analysis, Filtering, and Stochastic Optimization: A Commemorative Volume to Honor Mark HA Davis's Contributions},
  pages={431--464},
  year={2022},
  publisher={Springer}
}

@inproceedings{li2017lpsnet,
  title={LPSNet: a novel log path signature feature based hand gesture recognition framework},
  author={Li, Chenyang and Zhang, Xin and Jin, Lianwen},
  booktitle={Proceedings of the IEEE International Conference on Computer Vision Workshops},
  pages={631--639},
  year={2017}
}

@article{gyurko2013extracting,
  title={Extracting information from the signature of a financial data stream},
  author={Gyurk{\'o}, Lajos Gergely and Lyons, Terry and Kontkowski, Mark and Field, Jonathan},
  journal={arXiv preprint arXiv:1307.7244},
  year={2013}
}
@inproceedings{dyer2021deep,
  title={Deep signature statistics for likelihood-free time-series models},
  author={Dyer, Joel and Cannon, Patrick W and Schmon, Sebastian M},
  booktitle={ICML Workshop on Invertible Neural Networks, Normalizing Flows, and Explicit Likelihood Models},
  year={2021}
}



@article{fermanian2021embedding,
  title={Embedding and learning with signatures},
  author={Fermanian, Adeline},
  journal={Computational Statistics \& Data Analysis},
  volume={157},
  pages={107148},
  year={2021},
  publisher={Elsevier}
}

@article{perez2018signature,
  title={A signature-based machine learning model for distinguishing bipolar disorder and borderline personality disorder},
  author={Perez Arribas, Imanol and Goodwin, Guy M and Geddes, John R and Lyons, Terry and Saunders, Kate EA},
  journal={Translational psychiatry},
  volume={8},
  number={1},
  pages={274},
  year={2018},
  publisher={Nature Publishing Group UK London}
}
@article{hornik1989multilayer,
  title={Multilayer feedforward networks are universal approximators},
  author={Hornik, Kurt and Stinchcombe, Maxwell and White, Halbert},
  journal={Neural networks},
  volume={2},
  number={5},
  pages={359--366},
  year={1989},
  publisher={Elsevier}
}

@article{rosenblatt1958perceptron,
  author = {Rosenblatt, F.},
  issn = {0033-295X},
  journal = {Psychological Review},
  pages = {386--408},
  title = {{The perceptron: A probabilistic model for information storage and organization in the brain.}},
  volume = 65,
  year = 1958
}

@article{cybenko1989approximation,
  title={Approximation by superpositions of a sigmoidal function},
  author={Cybenko, George},
  journal={Mathematics of control, signals and systems},
  volume={2},
  number={4},
  pages={303--314},
  year={1989},
  publisher={Springer}
}

@book{kolmogorov1961representation,
  title={On the representation of continuous functions of several variables by superpositions of continuous functions of a smaller number of variables},
  author={Kolmogorov, Andrei Nikolaevich},
  year={1961},
  publisher={American Mathematical Society}
}

@article{liu2024kan,
  title={KAN: Kolmogorov-Arnold Networks},
  author={Liu, Ziming and Wang, Yixuan and Vaidya, Sachin and Ruehle, Fabian and Halverson, James and Solja{\v{c}}i{\'c}, Marin and Hou, Thomas Y and Tegmark, Max},
  journal={arXiv preprint arXiv:2404.19756},
  year={2024}
}

@article{taieb2010multiple,
  title={Multiple-output modeling for multi-step-ahead time series forecasting},
  author={Taieb, Souhaib Ben and Sorjamaa, Antti and Bontempi, Gianluca},
  journal={Neurocomputing},
  volume={73},
  number={10-12},
  pages={1950--1957},
  year={2010},
  publisher={Elsevier}
}
@article{tiao1989model,
  title={Model specification in multivariate time series},
  author={Tiao, George C and Tsay, Ruey S},
  journal={Journal of the Royal Statistical Society: Series B (Methodological)},
  volume={51},
  number={2},
  pages={157--195},
  year={1989},
  publisher={Wiley Online Library}
}

@book{wei2018multivariate,
  title={Multivariate time series analysis and applications},
  author={Wei, William WS},
  year={2018},
  publisher={John Wiley \& Sons}
}
@article{marcellino2006comparison,
  title={A comparison of direct and iterated multistep AR methods for forecasting macroeconomic time series},
  author={Marcellino, Massimiliano and Stock, James H and Watson, Mark W},
  journal={Journal of econometrics},
  volume={135},
  number={1-2},
  pages={499--526},
  year={2006},
  publisher={Elsevier}
}

@article{tang1991time,
  title={Time series forecasting using neural networks vs. Box-Jenkins methodology},
  author={Tang, Zaiyong and De Almeida, Chrys and Fishwick, Paul A},
  journal={Simulation},
  volume={57},
  number={5},
  pages={303--310},
  year={1991},
  publisher={Sage Publications Sage CA: Thousand Oaks, CA}
}

@article{hamilton1994state,
  title={State-space models},
  author={Hamilton, James D},
  journal={Handbook of econometrics},
  volume={4},
  pages={3039--3080},
  year={1994},
  publisher={Elsevier}
}

@article{kim1994dynamic,
  title={Dynamic linear models with Markov-switching},
  author={Kim, Chang-Jin},
  journal={Journal of econometrics},
  volume={60},
  number={1-2},
  pages={1--22},
  year={1994},
  publisher={Elsevier}
}

@article{zivot2006vector,
  title={Vector autoregressive models for multivariate time series},
  author={Zivot, Eric and Wang, Jiahui},
  journal={Modeling financial time series with S-PLUS{\textregistered}},
  pages={385--429},
  year={2006},
  publisher={Springer}
}


@incollection{lutkepohl2013vector,
  title={Vector autoregressive models},
  author={L{\"u}tkepohl, Helmut},
  booktitle={Handbook of research methods and applications in empirical macroeconomics},
  pages={139--164},
  year={2013},
  publisher={Edward Elgar Publishing}
}
@inproceedings{binkowski2018autoregressive,
  title={Autoregressive convolutional neural networks for asynchronous time series},
  author={Binkowski, Mikolaj and Marti, Gautier and Donnat, Philippe},
  booktitle={International Conference on Machine Learning},
  pages={580--589},
  year={2018},
  organization={PMLR}
}

@inproceedings{ma2019novel,
  title={A novel LSTM approach for asynchronous multivariate time series prediction},
  author={Ma, King and Leung, Henry},
  booktitle={2019 International Joint Conference on Neural Networks (IJCNN)},
  pages={1--7},
  year={2019},
  organization={IEEE}
}

@article{clevert2015fast,
  title={Fast and accurate deep network learning by exponential linear units (elus)},
  author={Clevert, Djork-Arn{\'e} and Unterthiner, Thomas and Hochreiter, Sepp},
  journal={arXiv preprint arXiv:1511.07289},
  year={2015}
}

@inproceedings{dauphin2017language,
  title={Language modeling with gated convolutional networks},
  author={Dauphin, Yann N and Fan, Angela and Auli, Michael and Grangier, David},
  booktitle={International conference on machine learning},
  pages={933--941},
  year={2017},
  organization={PMLR}
}

@misc{ba2016layer,
      title={Layer Normalization}, 
      author={Jimmy Lei Ba and Jamie Ryan Kiros and Geoffrey E. Hinton},
      year={2016},
      eprint={1607.06450},
      archivePrefix={arXiv},
      primaryClass={stat.ML}
}

@article{hochreiter1997long,
  title={Long short-term memory},
  author={Hochreiter, Sepp and Schmidhuber, J{\"u}rgen},
  journal={Neural computation},
  volume={9},
  number={8},
  pages={1735--1780},
  year={1997},
  publisher={MIT press}
}
@article{vaswani2017attention,
  title={Attention is all you need},
  author={Vaswani, Ashish and Shazeer, Noam and Parmar, Niki and Uszkoreit, Jakob and Jones, Llion and Gomez, Aidan N and Kaiser, {\L}ukasz and Polosukhin, Illia},
  journal={Advances in neural information processing systems},
  volume={30},
  year={2017}
}

@article{genet2024tkan,
  title={TKAN: Temporal Kolmogorov-Arnold Networks},
  author={Genet, Remi and Inzirillo, Hugo},
  journal={arXiv preprint arXiv:2405.07344},
  year={2024}
}



@article{inzirillo2024sigkan,
  title={Sigkan: Signature-weighted kolmogorov-arnold networks for time series},
  author={Inzirillo, Hugo and Genet, Remi},
  journal={arXiv preprint arXiv:2406.17890},
  year={2024}
}

@article{bozorgasl2024wav,
  title={Wav-KAN: Wavelet Kolmogorov-Arnold Networks},
  author={Bozorgasl, Zavareh and Chen, Hao},
  journal={arXiv preprint arXiv:2405.12832},
  year={2024}
}

@article{genet2024temporal,
  title={A Temporal Kolmogorov-Arnold Transformer for Time Series Forecasting},
  author={Genet, Remi and Inzirillo, Hugo},
  journal={arXiv preprint arXiv:2406.02486},
  year={2024}
}

@article{vaca2024kolmogorov,
  title={Kolmogorov-arnold networks (kans) for time series analysis},
  author={Vaca-Rubio, Cristian J and Blanco, Luis and Pereira, Roberto and Caus, M{\`a}rius},
  journal={arXiv preprint arXiv:2405.08790},
  year={2024}
}

@article{lim2021temporal,
  title={Temporal fusion transformers for interpretable multi-horizon time series forecasting},
  author={Lim, Bryan and Ar{\i}k, Sercan {\"O} and Loeff, Nicolas and Pfister, Tomas},
  journal={International Journal of Forecasting},
  volume={37},
  number={4},
  pages={1748--1764},
  year={2021},
  publisher={Elsevier}
}

@article{elfwing2018sigmoid,
  title={Sigmoid-weighted linear units for neural network function approximation in reinforcement learning},
  author={Elfwing, Stefan and Uchibe, Eiji and Doya, Kenji},
  journal={Neural networks},
  volume={107},
  pages={3--11},
  year={2018},
  publisher={Elsevier}
}

@article{genet2025keras,
  title={Keras Sig: Efficient Path Signature Computation on GPU in Keras 3},
  author={Genet, R{\'e}mi and Inzirillo, Hugo},
  journal={arXiv preprint arXiv:2501.08455},
  year={2025}
}