@article{cheng2020refined,
  title={Refined gate: A simple and effective gating mechanism for recurrent units},
  author={Cheng, Zhanzhan and Xu, Yunlu and Cheng, Mingjian and Qiao, Yu and Pu, Shiliang and Niu, Yi and Wu, Fei},
  journal={arXiv preprint arXiv:2002.11338},
  year={2020}
}

@inproceedings{gu2020improving,
  title={Improving the gating mechanism of recurrent neural networks},
  author={Gu, Albert and Gulcehre, Caglar and Paine, Thomas and Hoffman, Matt and Pascanu, Razvan},
  booktitle={International conference on machine learning},
  pages={3800--3809},
  year={2020},
  organization={PMLR}
}

@article{inzirillo2024clustering,
  title={Clustering Digital Assets Using Path Signatures: Application to Portfolio Construction},
  author={Inzirillo, Hugo},
  journal={arXiv preprint arXiv:2410.23297},
  year={2024}
}

@inproceedings{lu2017simplified,
  title={Simplified gating in long short-term memory (lstm) recurrent neural networks},
  author={Lu, Yuzhen and Salem, Fathi M},
  booktitle={2017 IEEE 60th international midwest symposium on circuits and systems (MWSCAS)},
  pages={1601--1604},
  year={2017},
  organization={IEEE}
}

@article{lyons1998differential,
  title={Differential equations driven by rough signals},
  author={Lyons, Terry J},
  journal={Revista Matem{\'a}tica Iberoamericana},
  volume={14},
  number={2},
  pages={215--310},
  year={1998}
}

@article{moreno2024rough,
  title={Rough transformers for continuous and efficient time-series modelling},
  author={Moreno-Pino, Fernando and Arroyo, Alvaro and Waldon, Harrison and Dong, Xiaowen and Cartea, {\'A}lvaro},
  journal={arXiv preprint arXiv:2403.10288},
  year={2024}
}

@article{sabate2020solving,
  title={Solving path dependent PDEs with LSTM networks and path signatures},
  author={Sabate-Vidales, Marc and {\v{S}}i{\v{s}}ka, David and Szpruch, Lukasz},
  journal={arXiv preprint arXiv:2011.10630},
  year={2020}
}

