@IEEEtranBSTCTL{IEEEexample:BSTcontrol,
	CTLuse_article_number = {yes},
	CTLuse_paper = {yes},
	CTLuse_forced_etal = {yes},
	CTLmax_names_forced_etal = {3},
	CTLnames_show_etal = {1},
	CTLuse_alt_spacing = {yes},
	CTLalt_stretch_factor = {4},
	CTLdash_repeated_names = {yes},
	CTLname_format_string = {{f.~}{vv~}{ll}{, jj}},
	CTLname_latex_cmd = {},
	CTLname_url_prefix = {[Online]. Available:},
}

@article{RN17,
   title = {Tele-LLMs: A series of specialized large language models for telecommunications},
   author = {Maatouk, Ali and Ampudia, Kenny Chirino and Ying, Rex and Tassiulas, Leandros},
   journal={arXiv preprint arXiv:2409.05314},
   year = {2024}
}

@article{nikbakht2024tspec,
  title={TSpec-LLM: An Open-source Dataset for LLM Understanding of 3GPP Specifications},
  author={Nikbakht, Rasoul and Benzaghta, Mohamed and Geraci, Giovanni},
  journal={arXiv preprint arXiv:2406.01768},
  year={2024}
}

@article{zou2024telecomgpt,
  title={TelecomGPT: A framework to build telecom-specfic large language models},
  author={Zou, Hang and Zhao, Qiyang and Tian, Yu and Bariah, Lina and Bader, Faouzi and Lestable, Thierry and Debbah, Merouane},
  journal={arXiv preprint arXiv:2407.09424},
  year={2024}
}

@ARTICLE{9237460,
  author={Yang, Helin and Alphones, Arokiaswami and Xiong, Zehui and Niyato, Dusit and Zhao, Jun and Wu, Kaishun},
  journal={IEEE Network}, 
  title={Artificial-Intelligence-Enabled Intelligent 6G Networks}, 
  year={2020},
  volume={34},
  number={6},
  pages={272-280},
  keywords={6G mobile communication;Sensors;Computer architecture;Data mining;Deep learning;Support vector machines},
  doi={10.1109/MNET.011.2000195}
}

@article{achiam2023gpt,
  title={{GPT-4} technical report},
  author={Achiam, Josh and Adler, Steven and Agarwal, Sandhini and Ahmad, Lama and Akkaya, Ilge and Aleman, Florencia Leoni and Almeida, Diogo and Altenschmidt, Janko and Altman, Sam and Anadkat, Shyamal and others},
  journal={arXiv preprint arXiv:2303.08774},
  year={2023}
}

@article{touvron2023llama,
  title={Llama: Open and efficient foundation language models},
  author={Touvron, Hugo and Lavril, Thibaut and Izacard, Gautier and Martinet, Xavier and Lachaux, Marie-Anne and Lacroix, Timoth{\'e}e and Rozi{\`e}re, Baptiste and Goyal, Naman and Hambro, Eric and Azhar, Faisal and others},
  journal={arXiv preprint arXiv:2302.13971},
  year={2023}
}

@article{team2024gemma,
  title={Gemma 2: Improving open language models at a practical size},
  author={Team, Gemma and Riviere, Morgane and Pathak, Shreya and Sessa, Pier Giuseppe and Hardin, Cassidy and Bhupatiraju, Surya and Hussenot, L{\'e}onard and Mesnard, Thomas and Shahriari, Bobak and Ram{\'e}, Alexandre and others},
  journal={arXiv preprint arXiv:2408.00118},
  year={2024}
}

@ARTICLE{10700707,
  author={Long, Sifan and Tang, Fengxiao and Li, Yangfan and Tan, Tiao and Jin, Zhengjie and Zhao, Ming and Kato, Nei},
  journal={IEEE Network}, 
  title={6G comprehensive intelligence: network operations and optimization based on Large Language Models}, 
  year={2024},
  volume={},
  number={},
  pages={1-1},
  keywords={Large language models;6G mobile communication;Optimization;Monitoring;Data models;Transformers;Fault diagnosis;Training;Protection;Long short term memory;6G;Large Language Model;Network health assessment;Network performance optimization},
  doi={10.1109/MNET.2024.3470774}
}

@ARTICLE{10531073,
  author={Zhang, Ruichen and Du, Hongyang and Liu, Yinqiu and Niyato, Dusit and Kang, Jiawen and Sun, Sumei and Shen, Xuemin and Poor, H. Vincent},
  journal={IEEE Network}, 
  title={Interactive AI With Retrieval-Augmented Generation for Next Generation Networking}, 
  year={2024},
  volume={38},
  number={6},
  pages={414-424},
  keywords={Artificial intelligence;Data models;Optimization;Heuristic algorithms;Predictive models;Prediction algorithms;Large language models;Problem-solving;IAI;networking;pluggable LLM module;AGI;RAG;problem formulation},
  doi={10.1109/MNET.2024.3401159}
}

@article{bornea2024telco,
  title={Telco-RAG: Navigating the challenges of retrieval-augmented language models for telecommunications},
  author={Bornea, Andrei-Laurentiu and Ayed, Fadhel and De Domenico, Antonio and Piovesan, Nicola and Maatouk, Ali},
  journal={arXiv preprint arXiv:2404.15939},
  year={2024}
}

@ARTICLE{10766891,
  author={Mazzia, Vittorio and Pedrani, Alessandro and Caciolai, Andrea and Rottmann, Kay and Bernardi, Davide},
  journal={IEEE Transactions on Neural Networks and Learning Systems}, 
  title={A Survey on Knowledge Editing of Neural Networks}, 
  year={2024},
  volume={},
  number={},
  pages={1-17},
  keywords={Surveys;Neural networks;Adaptation models;Reviews;Metalearning;Computational modeling;Reliability;Data models;Taxonomy;Predictive models;Continual learning;knowledge editing (KE);model editing;neural networks editing},
  doi={10.1109/TNNLS.2024.3498935}
}

@ARTICLE{10583947,
  author={Kan, Khen Bo and Mun, Hyunsu and Cao, Guohong and Lee, Youngseok},
  journal={IEEE Network}, 
  title={Mobile-LLaMA: Instruction Fine-Tuning Open-Source LLM for Network Analysis in 5G Networks}, 
  year={2024},
  volume={38},
  number={5},
  pages={76-83},
  keywords={5G mobile communication;IP networks;Routing;Analytical models;Data models;Codes;Network analyzers;Data analysis;Large language models;5G Network;Network Data Analytic Function;Large Language Model},
  doi={10.1109/MNET.2024.3421306}
}

@article{zheng2024llamafactory,
  title={Llamafactory: Unified efficient fine-tuning of 100+ language models},
  author={Zheng, Yaowei and Zhang, Richong and Zhang, Junhao and Ye, Yanhan and Luo, Zheyan and Feng, Zhangchi and Ma, Yongqiang},
  journal={arXiv preprint arXiv:2403.13372},
  year={2024}
}

@inproceedings{li2023blip,
  title={Blip-2: Bootstrapping language-image pre-training with frozen image encoders and large language models},
  author={Li, Junnan and Li, Dongxu and Savarese, Silvio and Hoi, Steven},
  booktitle={International conference on machine learning},
  pages={19730--19742},
  year={2023},
  organization={PMLR}
}

@article{mithe2013optical,
  title={Optical character recognition},
  author={Mithe, Ravina and Indalkar, Supriya and Divekar, Nilam},
  journal={International journal of recent technology and engineering (IJRTE)},
  volume={2},
  number={1},
  pages={72--75},
  year={2013},
  publisher={Citeseer}
}

@INPROCEEDINGS{9085182,
  author={Zou, Yan and Liu, Yan},
  booktitle={2020 IEEE 4th Information Technology, Networking, Electronic and Automation Control Conference (ITNEC)}, 
  title={The Implementation Knowledge Graph of Air Crash Data based on Neo4j}, 
  year={2020},
  volume={1},
  number={},
  pages={1699-1702},
  keywords={Knowledge engineering;Visualization;Tools;Aerospace electronics;Ontologies;Computer crashes;Visual databases;air crash data;knowledge graph;Neo4j;graph database;CSV files},
  doi={10.1109/ITNEC48623.2020.9085182}
}

@article{fatehkia2024t,
  title={T-RAG: lessons from the LLM trenches},
  author={Fatehkia, Masoomali and Lucas, Ji Kim and Chawla, Sanjay},
  journal={arXiv preprint arXiv:2402.07483},
  year={2024}
}

@article{jiang2024large,
	title={Large language model enhanced multi-agent systems for 6G communications},
	author={Jiang, Feibo and Peng, Yubo and Dong, Li and Wang, Kezhi and Yang, Kun and Pan, Cunhua and Niyato, Dusit and Dobre, Octavia A},
	journal={IEEE Wireless Communications},
	year={2024},
	publisher={IEEE}
}

