@article{RN17,
   title = {Tele-LLMs: A series of specialized large language models for telecommunications},
   author = {Maatouk, Ali and Ampudia, Kenny Chirino and Ying, Rex and Tassiulas, Leandros},
   journal={arXiv preprint arXiv:2409.05314},
   year = {2024}
}

@article{nikbakht2024tspec,
  title={TSpec-LLM: An Open-source Dataset for LLM Understanding of 3GPP Specifications},
  author={Nikbakht, Rasoul and Benzaghta, Mohamed and Geraci, Giovanni},
  journal={arXiv preprint arXiv:2406.01768},
  year={2024}
}

@article{zou2024telecomgpt,
  title={TelecomGPT: A framework to build telecom-specfic large language models},
  author={Zou, Hang and Zhao, Qiyang and Tian, Yu and Bariah, Lina and Bader, Faouzi and Lestable, Thierry and Debbah, Merouane},
  journal={arXiv preprint arXiv:2407.09424},
  year={2024}
}

