@InProceedings{DBLP:conf/acsac/PalitMP19,
  author     = {Tapti Palit and Fabian Monrose and Michalis Polychronakis},
  booktitle  = {35th Annual Computer Security Applications Conference (ACSAC)},
  title      = {{Mitigating Data Leakage by Protecting Memory-Resident Sensitive Data}},
  doi        = {10.1145/3359789.3359815},
  publisher  = {{ACM}},
  bibsource  = {dblp computer science bibliography, https://dblp.org},
  biburl     = {https://dblp.org/rec/conf/acsac/PalitMP19.bib},
  groups     = {sw-hw-countermeasure},
  year       = {2019},
}

@InProceedings{DBLP:conf/ccs/BartheBCCGGRSWY24,
  author     = {Gilles Barthe and Marcel B{\"{o}}hme and Sunjay Cauligi and Chitchanok Chuengsatiansup and Daniel Genkin and Marco Guarnieri and David Mateos Romero and Peter Schwabe and David Wu and Yuval Yarom},
  booktitle  = {2024 {ACM} {SIGSAC} Conference on Computer and Communications Security ({CCS})},  
  title      = {{Testing Side-Channel Security of Cryptographic Implementations Against Future Microarchitectures}},
  pages      = {1076--1090},
  publisher  = {{ACM}},
  year       = {2024},
  url        = {https://doi.org/10.1145/3658644.3670319},
  doi        = {10.1145/3658644.3670319},
  timestamp  = {Sun, 22 Dec 2024 15:48:18 +0100},
  biburl     = {https://dblp.org/rec/conf/ccs/BartheBCCGGRSWY24.bib},
  bibsource  = {dblp computer science bibliography, https://dblp.org}
}

@InProceedings{DBLP:conf/ccs/GeimerVRDBM23,
  author     = {Antoine Geimer and Math{\'{e}}o Vergnolle and Fr{\'{e}}d{\'{e}}ric Recoules and Lesly{-}Ann Daniel and S{\'{e}}bastien Bardin and Cl{\'{e}}mentine Maurice},
  booktitle  = {2023 {ACM} {SIGSAC} Conference on Computer and Communications Security ({CCS})},
  year       = {2023},
  title      = {{A Systematic Evaluation of Automated Tools for Side-Channel Vulnerabilities Detection in Cryptographic Libraries}},
  doi        = {10.1145/3576915.3623112},
  editor     = {Weizhi Meng and Christian Damsgaard Jensen and Cas Cremers and Engin Kirda},
  pages      = {1690--1704},
  publisher  = {{ACM}},
  bibsource  = {dblp computer science bibliography, https://dblp.org},
  biburl     = {https://dblp.org/rec/conf/ccs/GeimerVRDBM23.bib},
  groups     = {survey, ct-analysis},
}

@InProceedings{DBLP:conf/ccs/RajasekaranCGNV20,
  author    = {Prabhu Rajasekaran and Stephen Crane and David Gens and Yeoul Na and Stijn Volckaert and Michael Franz},
  booktitle = {2020 {ACM} Asia Conference on Computer and Communications Security ({ASIA} {CCS})},
  year      = {2020},
  title     = {{CoDaRR: Continuous Data Space Randomization against Data-Only Attacks}},
  doi       = {10.1145/3320269.3384757},
  editor    = {Hung{-}Min Sun and Shiuh{-}Pyng Shieh and Guofei Gu and Giuseppe Ateniese},
  pages     = {494--505},
  publisher = {{ACM}},
  bibsource = {dblp computer science bibliography, https://dblp.org},
  biburl    = {https://dblp.org/rec/conf/ccs/RajasekaranCGNV20.bib},
  groups    = {sw-hw-countermeasure},
}

@InProceedings{DBLP:conf/ccs/WichelmannSP022,
  author     = {Jan Wichelmann and Florian Sieck and Anna P{\"{a}}tschke and Thomas Eisenbarth},
  booktitle  = {2022 {ACM} {SIGSAC} Conference on Computer and Communications Security ({CCS})},
  title      = {{Microwalk-CI: Practical Side-Channel Analysis for JavaScript Applications}},
  doi        = {10.1145/3548606.3560654},
  editor     = {Heng Yin and Angelos Stavrou and Cas Cremers and Elaine Shi},
  pages      = {2915--2929},
  publisher  = {{ACM}},
  bibsource  = {dblp computer science bibliography, https://dblp.org},
  biburl     = {https://dblp.org/rec/conf/ccs/WichelmannSP022.bib},
  groups     = {ct-analysis},
  year       = {2022},
}

@InProceedings{DBLP:conf/eurosp/BognarWBP23,
  author    = {Marton Bognar and Hans Winderix and Jo Van Bulck and Frank Piessens},
  booktitle = {8th {IEEE} European Symposium on Security and Privacy (EuroS{\&}P)},
  year      = {2023},
  title     = {{MicroProfiler: Principled Side-Channel Mitigation through Microarchitectural Profiling}},
  doi       = {10.1109/EUROSP57164.2023.00045},
  pages     = {651--670},
  publisher = {{IEEE}},
  bibsource = {dblp computer science bibliography, https://dblp.org},
  biburl    = {https://dblp.org/rec/conf/eurosp/BognarWBP23.bib},
  groups    = {sw-hw-countermeasure},
}

@InProceedings{DBLP:conf/eurosp/WinderixMP21,
  author    = {Hans Winderix and Jan Tobias M{\"{u}}hlberg and Frank Piessens},
  booktitle = {2021 {IEEE} European Symposium on Security and Privacy ({EuroS{\&}P})},
  year      = {2021},
  title     = {{Compiler-Assisted Hardening of Embedded Software Against Interrupt Latency Side-Channel Attacks}},
  doi       = {10.1109/EUROSP51992.2021.00050},
  pages     = {667--682},
  publisher = {{IEEE}},
  bibsource = {dblp computer science bibliography, https://dblp.org},
  biburl    = {https://dblp.org/rec/conf/eurosp/WinderixMP21.bib},
  groups    = {ct-tool, sw-hw-countermeasure},
}

@InProceedings{DBLP:conf/isca/VicarteSNT0KF21,
  author    = {Jose Rodrigo Sanchez Vicarte and Pradyumna Shome and Nandeeka Nayak and Caroline Trippel and Adam Morrison and David Kohlbrenner and Christopher W. Fletcher},
  booktitle = {48th {ACM/IEEE} Annual International Symposium on Computer Architecture ({ISCA})},
  year      = {2021},
  title     = {{Opening Pandora's Box: A Systematic Study of New Ways Microarchitecture Can Leak Private Data}},
  doi       = {10.1109/ISCA52012.2021.00035},
  pages     = {347--360},
  publisher = {{IEEE}},
  bibsource = {dblp computer science bibliography, https://dblp.org},
  biburl    = {https://dblp.org/rec/conf/isca/VicarteSNT0KF21.bib},
  groups    = {uarch-attack},
}

@InProceedings{DBLP:conf/sp/PalitMMP21,
  author    = {Tapti Palit and Jarin Firose Moon and Fabian Monrose and Michalis Polychronakis},
  booktitle = {2021 {IEEE} Symposium on Security and Privacy (S\&P)},
  year      = {2021},
  title     = {{DynPTA: Combining Static and Dynamic Analysis for Practical Selective Data Protection}},
  doi       = {10.1109/SP40001.2021.00082},
  pages     = {1919--1937},
  publisher = {{IEEE}},
  bibsource = {dblp computer science bibliography, https://dblp.org},
  biburl    = {https://dblp.org/rec/conf/sp/PalitMMP21.bib},
  groups    = {instrumentation},
}

@InProceedings{DBLP:conf/sp/WichelmannRPE24,
  author    = {Jan Wichelmann and Anja Rabich and Anna P\"atschke and Thomas Eisenbarth},
  booktitle = {2024 {IEEE} Symposium on Security and Privacy (S\&P)},
  year      = {2024},
  title     = {{Obelix: Mitigating Side-Channels through Dynamic Obfuscation}},
  doi       = {10.1109/SP54263.2024.00182},
  publisher = {{IEEE}},
  groups    = {sw-hw-countermeasure},
}

@InProceedings{DBLP:conf/sp/WinderixBNDP24,
  author    = {Hans Winderix and Marton Bognar and Job Noorman and Lesly-Ann Daniel and Frank Piessens},
  booktitle = {2024 {IEEE} Symposium on Security and Privacy (S\&P)},
  year      = {2024},
  title     = {{Architectural Mimicry: Innovative Instructions to Efficiently Address Control-Flow Leakage in Data-Oblivious Programs}},
  doi       = {10.1109/SP54263.2024.00047},
  url       = {https://doi.ieeecomputersociety.org/10.1109/SP54263.2024.00047},
  publisher = {{IEEE}},
  groups    = {sw-hw-countermeasure},
}

@InProceedings{DBLP:conf/uss/0001LJHAY23,
  author    = {Salman Ahmed and Hans Liljestrand and Hani Jamjoom and Matthew Hicks and N. Asokan and Danfeng Yao},
  booktitle = {32nd {USENIX} Security Symposium},
  year      = {2023},
  title     = {{Not All Data are Created Equal: Data and Pointer Prioritization for Scalable Protection Against Data-Oriented Attacks}},
  publisher = {{USENIX} Association},
  url       = {https://www.usenix.org/conference/usenixsecurity23/presentation/ahmed-salman},
  bibsource = {dblp computer science bibliography, https://dblp.org},
  biburl    = {https://dblp.org/rec/conf/uss/0001LJHAY23.bib},
  groups    = {sw-hw-countermeasure},
}

@InProceedings{DBLP:conf/uss/AlmeidaBBDE16,
  author     = {Jos{\'{e}} Bacelar Almeida and Manuel Barbosa and Gilles Barthe and Fran{\c{c}}ois Dupressoir and Michael Emmi},
  booktitle  = {25th {USENIX} Security Symposium},
  year       = {2016},
  title      = {{Verifying Constant-Time Implementations}},
  editor     = {Thorsten Holz and Stefan Savage},
  pages      = {53--70},
  publisher  = {{USENIX} Association},
  url        = {https://www.usenix.org/conference/usenixsecurity16/technical-sessions/presentation/almeida},
  bibsource  = {dblp computer science bibliography, https://dblp.org},
  biburl     = {https://dblp.org/rec/conf/uss/AlmeidaBBDE16.bib},
  groups     = {ct-analysis},
}

@InProceedings{DBLP:conf/uss/ChenWSFKPG24,
  author    = {Boru Chen and Yingchen Wang and Pradyumna Shome and Christopher W. Fletcher and David Kohlbrenner and Riccardo Paccagnella and Daniel Genkin},
  booktitle = {33rd {USENIX} Security Symposium},
  year      = {2024},
  title     = {{GoFetch: Breaking Constant-Time Cryptographic Implementations Using Data Memory-Dependent Prefetchers}},
  publisher = {{USENIX} Association},
  url       = {https://www.usenix.org/conference/usenixsecurity24/presentation/chen-boru},
  bibsource = {dblp computer science bibliography, https://dblp.org},
  biburl    = {https://dblp.org/rec/conf/uss/ChenWSFKPG24.bib},
  groups    = {sw-hw-countermeasure},
}

@InProceedings{DBLP:conf/uss/DengLTWYZ23,
  author     = {Sen Deng and Mengyuan Li and Yining Tang and Shuai Wang and Shoumeng Yan and Yinqian Zhang},
  booktitle  = {32nd {USENIX} Security Symposium},
  year       = {2023},
  title     = {{CipherH: Automated Detection of Ciphertext Side-channel Vulnerabilities in Cryptographic Implementations}},
  editor     = {Joseph A. Calandrino and Carmela Troncoso},
  pages      = {6843--6860},
  publisher  = {{USENIX} Association},
  url        = {https://www.usenix.org/conference/usenixsecurity23/presentation/deng-sen},
  bibsource  = {dblp computer science bibliography, https://dblp.org},
  biburl     = {https://dblp.org/rec/conf/uss/DengLTWYZ23.bib},
  groups     = {ct-analysis},
}

@Article{DBLP:journals/tissec/DanielBR22,
  author       = {Lesly{-}Ann Daniel and S{\'{e}}bastien Bardin and Tamara Rezk},
  year         = {2023},
  journal      = {{ACM} Trans. Priv. Secur.},
  title        = {{Binsec/Rel: Symbolic Binary Analyzer for Security with Applications to Constant-Time and Secret-Erasure}},
  doi          = {10.1145/3563037},
  number       = {2},
  pages        = {11:1--11:42},
  volume       = {26},
  bibsource    = {dblp computer science bibliography, https://dblp.org},
  biburl       = {https://dblp.org/rec/journals/tissec/DanielBR23.bib},
  groups       = {ct-analysis},
}

@Misc{arm-dit,
  title     = {{DIT: Data Independent Timing}},
  author       = {ARM},
  url          = {https://developer.arm.com/documentation/ddi0601/2024-06/AArch64-Registers/DIT--Data-Independent-Timing},
  urldate      = {2024-10-10},
  groups       = {docs},
}

@Misc{intel-doit,
  title     = {{Data Operand Independent Timing Instruction Set Architecture (ISA) Guidance}},
  author       = {{Intel}},
  url          = {https://www.intel.com/content/www/us/en/developer/articles/technical/software-security-guidance/best-practices/data-operand-independent-timing-isa-guidance.html},
  urldate      = {2024-10-10},
  groups       = {docs},
}

@Misc{intelDdp,
  title        = {{Data Dependent Prefetcher}},
  author       = {Intel},
  url          = {https://www.intel.com/content/www/us/en/developer/articles/technical/software-security-guidance/technical-documentation/data-dependent-prefetcher.html},
  urldate      = {2024-10-10},
  groups       = {docs},
}

