@InProceedings{DBLP:conf/uss/WichelmannPW023,
  author    = {Jan Wichelmann and Anna P{\"{a}}tschke and Luca Wilke and Thomas Eisenbarth},
  booktitle = {32nd {USENIX} Security Symposium},
  year      = {2023},
  title     = {{Cipherfix: Mitigating Ciphertext Side-Channel Attacks in Software}},
  editor    = {Joseph A. Calandrino and Carmela Troncoso},
  publisher = {{USENIX} Association},
  url       = {https://www.usenix.org/conference/usenixsecurity23/presentation/wichelmann},
  bibsource = {dblp computer science bibliography, https://dblp.org},
  biburl    = {https://dblp.org/rec/conf/uss/WichelmannPW023.bib},
  groups    = {sw-hw-countermeasure},
}

@Misc{cipherfixSlides,
  author       = {Jan Wichelmann and Anna P{\"{a}}tschke},
  title        = {{Cipherfix: Mitigating Ciphertext Side-Channel Attacks in Software (Slides)}},
  urldate      = {2024-10-10},
  url          = {https://www.usenix.org/system/files/sec23_slides_wichelmann.pdf},
  groups       = {sw-hw-countermeasure},
}

@InProceedings{DBLP:conf/uss/LiZWLC21,
  author    = {Mengyuan Li and Yinqian Zhang and Huibo Wang and Kang Li and Yueqiang Cheng},
  booktitle = {30th {USENIX} Security Symposium},
  year      = {2021},
  title     = {{CipherLeaks: Breaking Constant-time Cryptography on AMD SEV via the Ciphertext Side Channel}},
  editor    = {Michael Bailey and Rachel Greenstadt},
  pages     = {717--732},
  publisher = {{USENIX} Association},
  url       = {https://www.usenix.org/conference/usenixsecurity21/presentation/li-mengyuan},
  bibsource = {dblp computer science bibliography, https://dblp.org},
  biburl    = {https://dblp.org/rec/conf/uss/LiZWLC21.bib},
  groups    = {uarch-attack},
}

@InProceedings{DBLP:conf/sp/LiWW0TZ22,
  author    = {Mengyuan Li and Luca Wilke and Jan Wichelmann and Thomas Eisenbarth and Radu Teodorescu and Yinqian Zhang},
  booktitle = {2022 {IEEE} Symposium on Security and Privacy (S\&P)},
  year      = {2022},
  title     = {{A Systematic Look at Ciphertext Side Channels on AMD SEV-SNP}},
  doi       = {10.1109/SP46214.2022.9833768},
  pages     = {337--351},
  publisher = {{IEEE}},
  bibsource = {dblp computer science bibliography, https://dblp.org},
  biburl    = {https://dblp.org/rec/conf/sp/LiWW0TZ22.bib},
  groups    = {uarch-attack},
}

@InProceedings{DBLP:conf/uss/DengLTWYZ23,
  author     = {Sen Deng and Mengyuan Li and Yining Tang and Shuai Wang and Shoumeng Yan and Yinqian Zhang},
  booktitle  = {32nd {USENIX} Security Symposium},
  year       = {2023},
  title     = {{CipherH: Automated Detection of Ciphertext Side-channel Vulnerabilities in Cryptographic Implementations}},
  editor     = {Joseph A. Calandrino and Carmela Troncoso},
  pages      = {6843--6860},
  publisher  = {{USENIX} Association},
  url        = {https://www.usenix.org/conference/usenixsecurity23/presentation/deng-sen},
  bibsource  = {dblp computer science bibliography, https://dblp.org},
  biburl     = {https://dblp.org/rec/conf/uss/DengLTWYZ23.bib},
  groups     = {ct-analysis},
}

@InProceedings{DBLP:conf/sp/VicarteFPG0FK22,
  author    = {Jose Rodrigo Sanchez Vicarte and Michael Flanders and Riccardo Paccagnella and Grant Garrett{-}Grossman and Adam Morrison and Christopher W. Fletcher and David Kohlbrenner},
  booktitle = {2022 {IEEE} Symposium on Security and Privacy (S\&P)},
  year      = {2022},
  title     = {{Augury: Using Data Memory-Dependent Prefetchers to Leak Data at Rest}},
  doi       = {10.1109/SP46214.2022.9833570},
  pages     = {1491--1505},
  publisher = {{IEEE}},
  bibsource = {dblp computer science bibliography, https://dblp.org},
  biburl    = {https://dblp.org/rec/conf/sp/VicarteFPG0FK22.bib},
  groups    = {uarch-attack},
}

@InProceedings{DBLP:conf/isca/VicarteSNT0KF21,
  author    = {Jose Rodrigo Sanchez Vicarte and Pradyumna Shome and Nandeeka Nayak and Caroline Trippel and Adam Morrison and David Kohlbrenner and Christopher W. Fletcher},
  booktitle = {48th {ACM/IEEE} Annual International Symposium on Computer Architecture ({ISCA})},
  year      = {2021},
  title     = {{Opening Pandora's Box: A Systematic Study of New Ways Microarchitecture Can Leak Private Data}},
  doi       = {10.1109/ISCA52012.2021.00035},
  pages     = {347--360},
  publisher = {{IEEE}},
  bibsource = {dblp computer science bibliography, https://dblp.org},
  biburl    = {https://dblp.org/rec/conf/isca/VicarteSNT0KF21.bib},
  groups    = {uarch-attack},
}

@Misc{wolfssl21patches,
  author       = {WolfSSL},
  title        = {{Ciphertext Side-Channel Patches}},
  urldate      = {2024-10-10},
  url          = {https://github.com/wolfSSL/wolfssl/pull/4666},
  groups       = {misc},
}

@InProceedings{DBLP:conf/asplos/FlandersSMGK24,
  author    = {Michael Flanders and Reshabh K. Sharma and Alexandra E. Michael and Dan Grossman and David Kohlbrenner},
  booktitle = {2024 Architectural Support for Programming Languages and Operating Systems ({ASPLOS})},
  year      = {2024},
  title     = {{Avoiding Instruction-Centric Microarchitectural Timing Channels Via Binary-Code Transformations}},
  doi       = {10.1145/3620665.3640400},
  publisher = {{ACM}},
  bibsource = {dblp computer science bibliography, https://dblp.org},
  biburl    = {https://dblp.org/rec/conf/asplos/FlandersSMGK24.bib},
  groups    = {sw-hw-countermeasure},
}

@InProceedings{DBLP:conf/uss/ChenWSFKPG24,
  author    = {Boru Chen and Yingchen Wang and Pradyumna Shome and Christopher W. Fletcher and David Kohlbrenner and Riccardo Paccagnella and Daniel Genkin},
  booktitle = {33rd {USENIX} Security Symposium},
  year      = {2024},
  title     = {{GoFetch: Breaking Constant-Time Cryptographic Implementations Using Data Memory-Dependent Prefetchers}},
  publisher = {{USENIX} Association},
  url       = {https://www.usenix.org/conference/usenixsecurity24/presentation/chen-boru},
  bibsource = {dblp computer science bibliography, https://dblp.org},
  biburl    = {https://dblp.org/rec/conf/uss/ChenWSFKPG24.bib},
  groups    = {sw-hw-countermeasure},
}

@InProceedings{DBLP:conf/ccs/BartheBCCGGRSWY24,
  author     = {Gilles Barthe and Marcel B{\"{o}}hme and Sunjay Cauligi and Chitchanok Chuengsatiansup and Daniel Genkin and Marco Guarnieri and David Mateos Romero and Peter Schwabe and David Wu and Yuval Yarom},
  booktitle  = {2024 {ACM} {SIGSAC} Conference on Computer and Communications Security ({CCS})},  
  title      = {{Testing Side-Channel Security of Cryptographic Implementations Against Future Microarchitectures}},
  pages      = {1076--1090},
  publisher  = {{ACM}},
  year       = {2024},
  url        = {https://doi.org/10.1145/3658644.3670319},
  doi        = {10.1145/3658644.3670319},
  timestamp  = {Sun, 22 Dec 2024 15:48:18 +0100},
  biburl     = {https://dblp.org/rec/conf/ccs/BartheBCCGGRSWY24.bib},
  bibsource  = {dblp computer science bibliography, https://dblp.org}
}

@InProceedings{DBLP:conf/cc/SuiX16,
  author     = {Yulei Sui and Jingling Xue},
  booktitle  = {25th International Conference on Compiler Construction ({CC})},
  year       = {2016},
  title      = {{SVF: Interprocedural Static Value-Flow Analysis in LLVM}},
  doi        = {10.1145/2892208.2892235},
  editor     = {Ayal Zaks and Manuel V. Hermenegildo},
  publisher  = {{ACM}},
  bibsource  = {dblp computer science bibliography, https://dblp.org},
  biburl     = {https://dblp.org/rec/conf/cc/SuiX16.bib},
  groups     = {ct-analysis},
}

@InProceedings{DBLP:conf/cgo/LattnerA04,
  author    = {Chris Lattner and Vikram S. Adve},
  booktitle = {2nd {IEEE} / {ACM} International Symposium on Code Generation and Optimization ({CGO})},
  year      = {2004},
  title     = {{LLVM: A Compilation Framework for Lifelong Program Analysis \& Transformation}},
  doi       = {10.1109/CGO.2004.1281665},
  pages     = {75--88},
  publisher = {{IEEE} Computer Society},
  bibsource = {dblp computer science bibliography, https://dblp.org},
  biburl    = {https://dblp.org/rec/conf/cgo/LattnerA04.bib},
  groups    = {docs},
}

@InProceedings{DBLP:conf/sp/WichelmannRPE24,
  author    = {Jan Wichelmann and Anja Rabich and Anna P\"atschke and Thomas Eisenbarth},
  booktitle = {2024 {IEEE} Symposium on Security and Privacy (S\&P)},
  year      = {2024},
  title     = {{Obelix: Mitigating Side-Channels through Dynamic Obfuscation}},
  doi       = {10.1109/SP54263.2024.00182},
  publisher = {{IEEE}},
  groups    = {sw-hw-countermeasure},
}

@Misc{SEV-SNP_whitepaper,
  author       = {AMD},
  title        = {{AMD SEV-SNP: Strengthening VM Isolation with Integrity Protection and More}},
  urldate      = {2024-10-10},
  url          = {https://www.amd.com/system/files/TechDocs/SEV-SNP-strengthening-vm-isolation-with-integrity-protection-and-more.pdf},
  groups       = {docs},
}

@Misc{AMD-ciphertext-hiding,
  author       = {{AMD}},
  title        = {{SEV Secure Nested Paging Firmware ABI Specification}},
  urldate      = {2024-10-10},
  url          = {https://www.amd.com/content/dam/amd/en/documents/epyc-technical-docs/specifications/56860.pdf},
  groups       = {docs},
}

@InProceedings{DBLP:conf/crypto/Kocher96,
  author    = {Paul C. Kocher},
  booktitle = {16th Annual International Cryptology Conference ({CRYPTO})},
  year      = {1996},
  title     = {{Timing Attacks on Implementations of Diffie-Hellman, RSA, DSS, and Other Systems}},
  doi       = {10.1007/3-540-68697-5_9},
  editor    = {Neal Koblitz},
  pages     = {104--113},
  publisher = {Springer},
  series    = {Lecture Notes in Computer Science},
  volume    = {1109},
  bibsource = {dblp computer science bibliography, https://dblp.org},
  biburl    = {https://dblp.org/rec/conf/crypto/Kocher96.bib},
  groups    = {uarch-attack},
}

@Article{DBLP:journals/cn/BrumleyB05,
  author       = {David Brumley and Dan Boneh},
  year         = {2005},
  journaltitle = {Comput. Networks},
  title        = {{Remote Timing Attacks are Practical}},
  doi          = {10.1016/j.comnet.2005.01.010},
  number       = {5},
  pages        = {701--716},
  volume       = {48},
  bibsource    = {dblp computer science bibliography, https://dblp.org},
  biburl       = {https://dblp.org/rec/journals/cn/BrumleyB05.bib},
  groups       = {uarch-attack},
}

@InProceedings{DBLP:conf/ctrsa/OsvikST06,
  author    = {Dag Arne Osvik and Adi Shamir and Eran Tromer},
  booktitle = {The Cryptographers' Track at the {RSA} Conference 2006 ({CT-RSA})},
  year      = {2006},
  title     = {{Cache Attacks and Countermeasures: The Case of AES}},
  doi       = {10.1007/11605805_1},
  editor    = {David Pointcheval},
  pages     = {1--20},
  publisher = {Springer},
  series    = {Lecture Notes in Computer Science},
  volume    = {3860},
  bibsource = {dblp computer science bibliography, https://dblp.org},
  biburl    = {https://dblp.org/rec/conf/ctrsa/OsvikST06.bib},
  groups    = {uarch-attack},
}

@Misc{bernstein2005cache,
  author    = {Bernstein, Daniel J},
  title     = {{Cache-timing attacks on AES}},
  groups    = {uarch-attack},
  publisher = {Technical report},
  year      = {2005},
}

@InProceedings{DBLP:conf/uss/AlmeidaBBDE16,
  author     = {Jos{\'{e}} Bacelar Almeida and Manuel Barbosa and Gilles Barthe and Fran{\c{c}}ois Dupressoir and Michael Emmi},
  booktitle  = {25th {USENIX} Security Symposium},
  year       = {2016},
  title      = {{Verifying Constant-Time Implementations}},
  editor     = {Thorsten Holz and Stefan Savage},
  pages      = {53--70},
  publisher  = {{USENIX} Association},
  url        = {https://www.usenix.org/conference/usenixsecurity16/technical-sessions/presentation/almeida},
  bibsource  = {dblp computer science bibliography, https://dblp.org},
  biburl     = {https://dblp.org/rec/conf/uss/AlmeidaBBDE16.bib},
  groups     = {ct-analysis},
}

@Misc{riscvSilentStores,
  title        = {{The RISC-V Instruction Set Manual, Volume I: Unprivileged ISA (Document Version 20191213)}},
  author       = {Andrew Waterman and Krste Asanovic},
  url          = {https://riscv.org/wp-content/uploads/2019/12/riscv-spec-20191213.pdf},
  urldate      = {2024-10-10},
  groups       = {docs},
}

@Misc{intelSilentStores,
  title        = {{Hardware Store Elimination}},
  author       = {Travis Downs},
  url          = {https://travisdowns.github.io/blog/2020/05/13/intel-zero-opt.html},
  urldate      = {2024-10-10},
  groups       = {docs},
}

@Misc{ARMAddressTranslation,
  title        = {{Armv8-A Address Translation}},
  author       = {ARM},
  url          = {https://developer.arm.com/documentation/100940/latest/},
  urldate      = {2024-10-10},
  groups       = {docs},
}

@InProceedings{DBLP:conf/isca/LepakL00,
  author    = {Kevin M. Lepak and Mikko H. Lipasti},
  booktitle = {{ACM/IEEE} 27th International Symposium on Computer Architecture ({ISCA})},
  year      = {2000},
  title     = {{On the Value Locality of Store Instructions}},
  doi       = {10.1109/ISCA.2000.854389},
  publisher = {{IEEE} Computer Society},
  bibsource = {dblp computer science bibliography, https://dblp.org},
  biburl    = {https://dblp.org/rec/conf/isca/LepakL00.bib},
  groups    = {prefetcher},
}

@Misc{intelDdp,
  title        = {{Data Dependent Prefetcher}},
  author       = {Intel},
  url          = {https://www.intel.com/content/www/us/en/developer/articles/technical/software-security-guidance/technical-documentation/data-dependent-prefetcher.html},
  urldate      = {2024-10-10},
  groups       = {docs},
}

@InProceedings{DBLP:conf/micro/YuHSD15,
  author    = {Xiangyao Yu and Christopher J. Hughes and Nadathur Satish and Srinivas Devadas},
  booktitle = {48th Annual {IEEE/ACM} International Symposium on Microarchitecture ({MICRO})},
  year      = {2015},
  title     = {{IMP: Indirect Memory Prefetcher}},
  doi       = {10.1145/2830772.2830807},
  publisher = {{IEEE} Computer Society},
  bibsource = {dblp computer science bibliography, https://dblp.org},
  biburl    = {https://dblp.org/rec/conf/micro/YuHSD15.bib},
  groups    = {prefetcher},
}

@InProceedings{DBLP:conf/ccs/GeimerVRDBM23,
  author     = {Antoine Geimer and Math{\'{e}}o Vergnolle and Fr{\'{e}}d{\'{e}}ric Recoules and Lesly{-}Ann Daniel and S{\'{e}}bastien Bardin and Cl{\'{e}}mentine Maurice},
  booktitle  = {2023 {ACM} {SIGSAC} Conference on Computer and Communications Security ({CCS})},
  year       = {2023},
  title      = {{A Systematic Evaluation of Automated Tools for Side-Channel Vulnerabilities Detection in Cryptographic Libraries}},
  doi        = {10.1145/3576915.3623112},
  editor     = {Weizhi Meng and Christian Damsgaard Jensen and Cas Cremers and Engin Kirda},
  pages      = {1690--1704},
  publisher  = {{ACM}},
  bibsource  = {dblp computer science bibliography, https://dblp.org},
  biburl     = {https://dblp.org/rec/conf/ccs/GeimerVRDBM23.bib},
  groups     = {survey, ct-analysis},
}

@InProceedings{DBLP:conf/eurosp/WinderixMP21,
  author    = {Hans Winderix and Jan Tobias M{\"{u}}hlberg and Frank Piessens},
  booktitle = {2021 {IEEE} European Symposium on Security and Privacy ({EuroS{\&}P})},
  year      = {2021},
  title     = {{Compiler-Assisted Hardening of Embedded Software Against Interrupt Latency Side-Channel Attacks}},
  doi       = {10.1109/EUROSP51992.2021.00050},
  pages     = {667--682},
  publisher = {{IEEE}},
  bibsource = {dblp computer science bibliography, https://dblp.org},
  biburl    = {https://dblp.org/rec/conf/eurosp/WinderixMP21.bib},
  groups    = {ct-tool, sw-hw-countermeasure},
}

@InProceedings{DBLP:conf/eurosp/BognarWBP23,
  author    = {Marton Bognar and Hans Winderix and Jo Van Bulck and Frank Piessens},
  booktitle = {8th {IEEE} European Symposium on Security and Privacy (EuroS{\&}P)},
  year      = {2023},
  title     = {{MicroProfiler: Principled Side-Channel Mitigation through Microarchitectural Profiling}},
  doi       = {10.1109/EUROSP57164.2023.00045},
  pages     = {651--670},
  publisher = {{IEEE}},
  bibsource = {dblp computer science bibliography, https://dblp.org},
  biburl    = {https://dblp.org/rec/conf/eurosp/BognarWBP23.bib},
  groups    = {sw-hw-countermeasure},
}

@InProceedings{DBLP:conf/sp/WinderixBNDP24,
  author    = {Hans Winderix and Marton Bognar and Job Noorman and Lesly-Ann Daniel and Frank Piessens},
  booktitle = {2024 {IEEE} Symposium on Security and Privacy (S\&P)},
  year      = {2024},
  title     = {{Architectural Mimicry: Innovative Instructions to Efficiently Address Control-Flow Leakage in Data-Oblivious Programs}},
  doi       = {10.1109/SP54263.2024.00047},
  url       = {https://doi.ieeecomputersociety.org/10.1109/SP54263.2024.00047},
  publisher = {{IEEE}},
  groups    = {sw-hw-countermeasure},
}

@InProceedings{DBLP:conf/ccs/WichelmannSP022,
  author     = {Jan Wichelmann and Florian Sieck and Anna P{\"{a}}tschke and Thomas Eisenbarth},
  booktitle  = {2022 {ACM} {SIGSAC} Conference on Computer and Communications Security ({CCS})},
  title      = {{Microwalk-CI: Practical Side-Channel Analysis for JavaScript Applications}},
  doi        = {10.1145/3548606.3560654},
  editor     = {Heng Yin and Angelos Stavrou and Cas Cremers and Elaine Shi},
  pages      = {2915--2929},
  publisher  = {{ACM}},
  bibsource  = {dblp computer science bibliography, https://dblp.org},
  biburl     = {https://dblp.org/rec/conf/ccs/WichelmannSP022.bib},
  groups     = {ct-analysis},
  year       = {2022},
}

@Article{DBLP:journals/tissec/DanielBR22,
  author       = {Lesly{-}Ann Daniel and S{\'{e}}bastien Bardin and Tamara Rezk},
  year         = {2023},
  journal      = {{ACM} Trans. Priv. Secur.},
  title        = {{Binsec/Rel: Symbolic Binary Analyzer for Security with Applications to Constant-Time and Secret-Erasure}},
  doi          = {10.1145/3563037},
  number       = {2},
  pages        = {11:1--11:42},
  volume       = {26},
  bibsource    = {dblp computer science bibliography, https://dblp.org},
  biburl       = {https://dblp.org/rec/journals/tissec/DanielBR23.bib},
  groups       = {ct-analysis},
}

@InProceedings{DBLP:conf/csfw/BartheGL18,
  author     = {Gilles Barthe and Benjamin Gr{\'{e}}goire and Vincent Laporte},
  booktitle  = {31st {IEEE} Computer Security Foundations Symposium ({CSF})},
  year       = {2018},
  title      = {{Secure Compilation of Side-Channel Countermeasures: The Case of Cryptographic ``Constant-Time''}},
  doi        = {10.1109/CSF.2018.00031},
  publisher  = {{IEEE} Computer Society},
  bibsource  = {dblp computer science bibliography, https://dblp.org},
  biburl     = {https://dblp.org/rec/conf/csfw/BartheGL18.bib},
  groups     = {ct-analysis},
}

@InProceedings{DBLP:conf/ccs/ShivakumarBGLP22,
  author     = {Basavesh Ammanaghatta Shivakumar and Gilles Barthe and Benjamin Gr{\'{e}}goire and Vincent Laporte and Swarn Priya},
  booktitle  = {2022 {ACM} {SIGSAC} Conference on Computer and Communications Security ({CCS})},
  title      = {{Enforcing Fine-Grained Constant-Time Policies}},
  doi        = {10.1145/3548606.3560689},
  publisher  = {{ACM}},
  bibsource  = {dblp computer science bibliography, https://dblp.org},
  biburl     = {https://dblp.org/rec/conf/ccs/ShivakumarBGLP22.bib},
  groups     = {ct-analysis},
  year       = {2022},
}

@InProceedings{DBLP:conf/ccs/BorrelloDQG21,
  author    = {Pietro Borrello and Daniele Cono D'Elia and Leonardo Querzoni and Cristiano Giuffrida},
  booktitle = {2021 {ACM} {SIGSAC} Conference on Computer and Communications Security ({CCS})},
  year      = {2021},
  title     = {{Constantine: Automatic Side-Channel Resistance Using Efficient Control and Data Flow Linearization}},
  doi       = {10.1145/3460120.3484583},
  editor    = {Yongdae Kim and Jong Kim and Giovanni Vigna and Elaine Shi},
  pages     = {715--733},
  publisher = {{ACM}},
  bibsource = {dblp computer science bibliography, https://dblp.org},
  biburl    = {https://dblp.org/rec/conf/ccs/BorrelloDQG21.bib},
  groups    = {ct-tool},
}

@InProceedings{DBLP:conf/ndss/DineshGF22,
  author    = {Sushant Dinesh and Grant Garrett{-}Grossman and Christopher W. Fletcher},
  booktitle = {29th Annual Network and Distributed System Security Symposium ({NDSS})},
  year      = {2022},
  title     = {{SynthCT: Towards Portable Constant-Time Code}},
  publisher = {The Internet Society},
  url       = {https://www.ndss-symposium.org/ndss-paper/auto-draft-223/},
  bibsource = {dblp computer science bibliography, https://dblp.org},
  biburl    = {https://dblp.org/rec/conf/ndss/DineshGF22.bib},
  groups    = {sw-hw-countermeasure},
}

@InProceedings{DBLP:conf/asplos/TsaiSFS20,
  author    = {Po{-}An Tsai and Andr{\'{e}}s S{\'{a}}nchez and Christopher W. Fletcher and Daniel S{\'{a}}nchez},
  booktitle = {2020 Architectural Support for Programming Languages and Operating Systems ({ASPLOS})},
  year      = {2020},
  title     = {{Safecracker: Leaking Secrets through Compressed Caches}},
  doi       = {10.1145/3373376.3378453},
  publisher = {{ACM}},
  bibsource = {dblp computer science bibliography, https://dblp.org},
  biburl    = {https://dblp.org/rec/conf/asplos/TsaiSFS20.bib},
  groups    = {uarch-attack},
}

@InProceedings{DBLP:conf/IEEEpact/PekhimenkoSMGKM12,
  author    = {Gennady Pekhimenko and Vivek Seshadri and Onur Mutlu and Phillip B. Gibbons and Michael A. Kozuch and Todd C. Mowry},
  booktitle = {2012 Conference on Parallel Architectures and Compilation Techniques {(PACT)}},
  year      = {2012},
  title     = {{Base-Delta-Immediate Compression: Practical Data Compression for On-Chip Caches}},
  doi       = {10.1145/2370816.2370870},
  publisher = {{IEEE} Computer Society},
  bibsource = {dblp computer science bibliography, https://dblp.org},
  biburl    = {https://dblp.org/rec/conf/IEEEpact/PekhimenkoSMGKM12.bib},
  groups    = {caches},
}

@InProceedings{DBLP:conf/sp/SzekeresPWS13,
  author    = {Laszlo Szekeres and Mathias Payer and Tao Wei and Dawn Song},
  booktitle = {2013 {IEEE} Symposium on Security and Privacy (S\&P)},
  year      = {2013},
  title     = {{SoK: Eternal War in Memory}},
  doi       = {10.1109/SP.2013.13},
  url       = {https://dblp.org/rec/conf/sp/SzekeresPWS13.bib},
  publisher = {{IEEE}},
  groups    = {analysis},
}

@InProceedings{DBLP:conf/dimva/BhatkarS08,
  author    = {Sandeep Bhatkar and R. Sekar},
  booktitle = {5th Detection of Intrusions and Malware, and Vulnerability Assessment Conference ({DIMVA})},
  year      = {2008},
  title     = {{Data Space Randomization}},
  doi       = {10.1007/978-3-540-70542-0_1},
  editor    = {Diego Zamboni},
  pages     = {1--22},
  publisher = {Springer},
  series    = {Lecture Notes in Computer Science},
  volume    = {5137},
  bibsource = {dblp computer science bibliography, https://dblp.org},
  biburl    = {https://dblp.org/rec/conf/dimva/BhatkarS08.bib},
  groups    = {sw-hw-countermeasure},
}

@Misc{chicken-bit-dmp,
  title     = {{Mastodon: DMP Disable Chicken Bit}},
  author       = {Hector Martin},
  url          = {https://social.treehouse.systems/@marcan/112238385679496096},
  urldate      = {2024-10-10},
  groups       = {docs},
}
@Misc{arm-dit,
  title     = {{DIT: Data Independent Timing}},
  author       = {ARM},
  url          = {https://developer.arm.com/documentation/ddi0601/2024-06/AArch64-Registers/DIT--Data-Independent-Timing},
  urldate      = {2024-10-10},
  groups       = {docs},
}

@Misc{intel-doit,
  title     = {{Data Operand Independent Timing Instruction Set Architecture (ISA) Guidance}},
  author       = {{Intel}},
  url          = {https://www.intel.com/content/www/us/en/developer/articles/technical/software-security-guidance/best-practices/data-operand-independent-timing-isa-guidance.html},
  urldate      = {2024-10-10},
  groups       = {docs},
}

@InProceedings{DBLP:conf/ccs/RajasekaranCGNV20,
  author    = {Prabhu Rajasekaran and Stephen Crane and David Gens and Yeoul Na and Stijn Volckaert and Michael Franz},
  booktitle = {2020 {ACM} Asia Conference on Computer and Communications Security ({ASIA} {CCS})},
  year      = {2020},
  title     = {{CoDaRR: Continuous Data Space Randomization against Data-Only Attacks}},
  doi       = {10.1145/3320269.3384757},
  editor    = {Hung{-}Min Sun and Shiuh{-}Pyng Shieh and Guofei Gu and Giuseppe Ateniese},
  pages     = {494--505},
  publisher = {{ACM}},
  bibsource = {dblp computer science bibliography, https://dblp.org},
  biburl    = {https://dblp.org/rec/conf/ccs/RajasekaranCGNV20.bib},
  groups    = {sw-hw-countermeasure},
}

@InProceedings{DBLP:conf/uss/0001LJHAY23,
  author    = {Salman Ahmed and Hans Liljestrand and Hani Jamjoom and Matthew Hicks and N. Asokan and Danfeng Yao},
  booktitle = {32nd {USENIX} Security Symposium},
  year      = {2023},
  title     = {{Not All Data are Created Equal: Data and Pointer Prioritization for Scalable Protection Against Data-Oriented Attacks}},
  publisher = {{USENIX} Association},
  url       = {https://www.usenix.org/conference/usenixsecurity23/presentation/ahmed-salman},
  bibsource = {dblp computer science bibliography, https://dblp.org},
  biburl    = {https://dblp.org/rec/conf/uss/0001LJHAY23.bib},
  groups    = {sw-hw-countermeasure},
}

@InProceedings{DBLP:conf/acsac/PalitMP19,
  author     = {Tapti Palit and Fabian Monrose and Michalis Polychronakis},
  booktitle  = {35th Annual Computer Security Applications Conference (ACSAC)},
  title      = {{Mitigating Data Leakage by Protecting Memory-Resident Sensitive Data}},
  doi        = {10.1145/3359789.3359815},
  publisher  = {{ACM}},
  bibsource  = {dblp computer science bibliography, https://dblp.org},
  biburl     = {https://dblp.org/rec/conf/acsac/PalitMP19.bib},
  groups     = {sw-hw-countermeasure},
  year       = {2019},
}

@InProceedings{DBLP:conf/sp/PalitMMP21,
  author    = {Tapti Palit and Jarin Firose Moon and Fabian Monrose and Michalis Polychronakis},
  booktitle = {2021 {IEEE} Symposium on Security and Privacy (S\&P)},
  year      = {2021},
  title     = {{DynPTA: Combining Static and Dynamic Analysis for Practical Selective Data Protection}},
  doi       = {10.1109/SP40001.2021.00082},
  pages     = {1919--1937},
  publisher = {{IEEE}},
  bibsource = {dblp computer science bibliography, https://dblp.org},
  biburl    = {https://dblp.org/rec/conf/sp/PalitMMP21.bib},
  groups    = {instrumentation},
}

@InProceedings{DBLP:conf/ndss/AhmadJXZSL19,
  author    = {Adil Ahmad and Byunggill Joe and Yuan Xiao and Yinqian Zhang and Insik Shin and Byoungyoung Lee},
  booktitle = {26th Annual Network and Distributed System Security Symposium ({NDSS})},
  year      = {2019},
  title     = {{OBFUSCURO: A Commodity Obfuscation Engine on Intel SGX}},
  publisher = {The Internet Society},
  url       = {https://www.ndss-symposium.org/ndss-paper/obfuscuro-a-commodity-obfuscation-engine-on-intel-sgx/},
  bibsource = {dblp computer science bibliography, https://dblp.org},
  biburl    = {https://dblp.org/rec/conf/ndss/AhmadJXZSL19.bib},
  groups    = {sw-hw-countermeasure},
}

@InProceedings{DBLP:conf/ndss/RauscherFKG25,
  author    = {Rauscher, Fabian and Fiedler, Carina and Kogler, Andreas and Gruss, Daniel},
  booktitle = {32nd Annual Network and Distributed System Security Symposium ({NDSS})},
  year      = {2025},
  title     = {{A Systematic Evaluation of Novel and Existing Cache Side Channels}},
  publisher = {The Internet Society},
  groups    = {ct-analysis},
}

@InProceedings{DBLP:conf/sp/WangPWGGFKS23,
  author    = {Yingchen Wang and Riccardo Paccagnella and Alan Wandke and Zhao Gang and Grant Garrett{-}Grossman and Christopher W. Fletcher and David Kohlbrenner and Hovav Shacham},
  booktitle = {2023 {IEEE} Symposium on Security and Privacy (S\&P)},
  year      = {2023},
  title     = {{DVFS} Frequently Leaks Secrets: Hertzbleed Attacks Beyond SIKE, Cryptography, and CPU-Only Data},
  doi       = {10.1109/SP46215.2023.10179326},
  pages     = {2306--2320},
  publisher = {{IEEE}},
  bibsource = {dblp computer science bibliography, https://dblp.org},
  biburl    = {https://dblp.org/rec/conf/sp/WangPWGGFKS23.bib},
  groups    = {physical-attack},
}

@InProceedings{DBLP:conf/sp/DineshBXP20,
  author    = {Sushant Dinesh and Nathan Burow and Dongyan Xu and Mathias Payer},
  booktitle = {2020 {IEEE} Symposium on Security and Privacy (S\&P)},
  year      = {2020},
  title     = {{RetroWrite: Statically Instrumenting COTS Binaries for Fuzzing and Sanitization}},
  doi       = {10.1109/SP40000.2020.00009},
  pages     = {1497--1511},
  publisher = {{IEEE}},
  bibsource = {dblp computer science bibliography, https://dblp.org},
  biburl    = {https://dblp.org/rec/conf/sp/DineshBXP20.bib},
  groups    = {instrumentation},
}

@InProceedings{DBLP:conf/uss/BartolomeoMP23,
  author    = {Luca Di Bartolomeo and Hossein Moghaddas and Mathias Payer},
  booktitle = {32nd {USENIX} Security Symposium},
  year      = {2023},
  title     = {{ARMore: Pushing Love Back Into Binaries}},
  editor    = {Joseph A. Calandrino and Carmela Troncoso},
  pages     = {6311--6328},
  publisher = {{USENIX} Association},
  url       = {https://www.usenix.org/conference/usenixsecurity23/presentation/di-bartolomeo},
  bibsource = {dblp computer science bibliography, https://dblp.org},
  biburl    = {https://dblp.org/rec/conf/uss/BartolomeoMP23.bib},
}

@Book{andriesse2018practical,
  author    = {Andriesse, Dennis},
  year      = {2018},
  title     = {{Practical Binary Analysis: Build Your Own Linux Tools for Binary Instrumentation, Analysis, and Disassembly}},
  publisher = {No Starch Press},
  groups    = {instrumentation},
}

@InProceedings{DBLP:conf/ccs/SieckBW021,
  author    = {Florian Sieck and Sebastian Berndt and Jan Wichelmann and Thomas Eisenbarth},
  booktitle = {2021 {ACM} {SIGSAC} Conference on Computer and Communications Security ({CCS})},
  year      = {2021},
  title     = {{Util::Lookup: Exploiting Key Decoding in Cryptographic Libraries}},
  doi       = {10.1145/3460120.3484783},
  editor    = {Yongdae Kim and Jong Kim and Giovanni Vigna and Elaine Shi},
  pages     = {2456--2473},
  publisher = {{ACM}},
  bibsource = {dblp computer science bibliography, https://dblp.org},
  biburl    = {https://dblp.org/rec/conf/ccs/SieckBW021.bib},
  groups    = {uarch-attack},
}

@Article{DBLP:journals/ijpp/MoghimiWES19,
  author       = {Ahmad Moghimi and Jan Wichelmann and Thomas Eisenbarth and Berk Sunar},
  year         = {2019},
  journal      = {{Int. J. Parallel Program.}},
  title        = {{MemJam: A False Dependency Attack Against Constant-Time Crypto Implementations}},
  doi          = {10.1007/s10766-018-0611-9},
  number       = {4},
  pages        = {538--570},
  volume       = {47},
  bibsource    = {dblp computer science bibliography, https://dblp.org},
  biburl       = {https://dblp.org/rec/journals/ijpp/MoghimiWES19.bib},
  groups       = {uarch-attack},
}

@Article{DBLP:journals/tches/SieckZBCEY24,
  author       = {Florian Sieck and Zhiyuan Zhang and Sebastian Berndt and Chitchanok Chuengsatiansup and Thomas Eisenbarth and Yuval Yarom},
  year         = {2024},
  journal      = {{IACR} Trans. Cryptogr. Hardw. Embed. Syst.},
  title        = {{TeeJam: Sub-Cache-Line Leakages Strike Back}},
  doi          = {10.46586/TCHES.V2024.I1.457-500},
  number       = {1},
  pages        = {457--500},
  volume       = {2024},
  bibsource    = {dblp computer science bibliography, https://dblp.org},
  biburl       = {https://dblp.org/rec/journals/tches/SieckZBCEY24.bib},
}

@Article{DBLP:journals/jcam/Vigna17,
  author       = {Sebastiano Vigna},
  year         = {2017},
  journal      = {{J. Comput. Appl. Math.}},
  title        = {{Further Scramblings of Marsaglia's Xorshift Generators}},
  doi          = {10.1016/j.cam.2016.11.006},
  pages        = {175--181},
  volume       = {315},
  bibsource    = {dblp computer science bibliography, https://dblp.org},
  biburl       = {https://dblp.org/rec/journals/jcam/Vigna17.bib},
  groups       = {crypto},
}

@InProceedings{DBLP:conf/pldi/LukCMPKLWRH05,
  author    = {Chi{-}Keung Luk and Robert S. Cohn and Robert Muth and Harish Patil and Artur Klauser and P. Geoffrey Lowney and Steven Wallace and Vijay Janapa Reddi and Kim M. Hazelwood},
  booktitle = {2005 {ACM} {SIGPLAN} International Conference on Programming Language Design and Implementation ({PLDI})},
  year      = {2005},
  title     = {{Pin: Building Customized Program Analysis Tools with Dynamic Instrumentation}},
  doi       = {10.1145/1065010.1065034},
  editor    = {Vivek Sarkar and Mary W. Hall},
  pages     = {190--200},
  publisher = {{ACM}},
  bibsource = {dblp computer science bibliography, https://dblp.org},
  biburl    = {https://dblp.org/rec/conf/pldi/LukCMPKLWRH05.bib},
  groups    = {instrumentation},
}

@inproceedings{wang2025peekPreprint,
  title     = {{Peek-a-Walk: Leaking Secrets via Page Walk Side Channels}},
  author    = {Alan Wang and Boru Chen and Yingchen Wang and Christopher Fletcher and Daniel Genkin and David Kohlbrenner and Riccardo Paccagnella},
  booktitle = {2025 {IEEE} Symposium on Security and Privacy (S\&P)},
  year      = {2025},
  publisher = {{IEEE}},
  url       = {https://www.computer.org/csdl/proceedings-article/sp/2025/223600a023/21B7QepK7Fm},
  groups    = {uarch-attack},
}