@inproceedings{boopathy2023model,
  title={Model-agnostic measure of generalization difficulty},
  author={Boopathy, Akhilan and Liu, Kevin and Hwang, Jaedong and Ge, Shu and Mohammedsaleh, Asaad and Fiete, Ila R},
  booktitle={International Conference on Machine Learning},
  pages={2857--2884},
  year={2023},
  organization={PMLR}
}

@inproceedings{bousquet2020sharper,
  title={Sharper bounds for uniformly stable algorithms},
  author={Bousquet, Olivier and Klochkov, Yegor and Zhivotovskiy, Nikita},
  booktitle={Conference on Learning Theory},
  pages={610--626},
  year={2020},
  organization={PMLR}
}

@inproceedings{chen2024defining,
  title={Defining and Extracting generalizable interaction primitives from DNNs},
  author={Chen, Lu and Lou, Siyu and Huang, Benhao and Zhang, Quanshi},
booktitle={International Conference on Learning Representations},
  year={2024}
}

@inproceedings{deng2021toward,
  title={Toward better generalization bounds with locally elastic stability},
  author={Deng, Zhun and He, Hangfeng and Su, Weijie},
  booktitle={International Conference on Machine Learning},
  pages={2590--2600},
  year={2021},
  organization={PMLR}
}

@article{dyballa2024separability,
  title={A separability-based approach to quantifying generalization: which layer is best?},
  author={Dyballa, Luciano and Gerritz, Evan and Zucker, Steven W},
  journal={arXiv preprint arXiv:2405.01524},
  year={2024}
}

@article{flat_minima,
  title={On large-batch training for deep learning: Generalization gap and sharp minima},
  author={Keskar, Nitish Shirish and Mudigere, Dheevatsa and Nocedal, Jorge and Smelyanskiy, Mikhail and Tang, Ping Tak Peter},
  journal={arXiv preprint arXiv:1609.04836},
  year={2016}
}

@inproceedings{foret2021sharpness,
  title={Sharpness-aware minimization for efficiently improving generalization},
  author={Foret, Pierre and Kleiner, Ariel and Mobahi, Hossein and Neyshabur, Behnam},
  booktitle={International Conference on Learning Representations},
  year={2021}
}

@article{generalization_bounds,
  title={Exploring generalization in deep learning},
  author={Neyshabur, Behnam and Bhojanapalli, Srinadh and McAllester, David and Srebro, Nati},
  journal={Advances in neural information processing systems},
  volume={30},
  year={2017}
}

@article{haghifam2020sharpened,
  title={Sharpened generalization bounds based on conditional mutual information and an application to noisy, iterative algorithms},
  author={Haghifam, Mahdi and Negrea, Jeffrey and Khisti, Ashish and Roy, Daniel M and Dziugaite, Gintare Karolina},
  journal={Advances in Neural Information Processing Systems},
  volume={33},
  pages={9925--9935},
  year={2020}
}

@article{haghifam2021towards,
  title={Towards a unified information-theoretic framework for generalization},
  author={Haghifam, Mahdi and Dziugaite, Gintare Karolina and Moran, Shay and Roy, Dan},
  journal={Advances in Neural Information Processing Systems},
  volume={34},
  pages={26370--26381},
  year={2021}
}

@inproceedings{kwon2021asam,
  title={Asam: Adaptive sharpness-aware minimization for scale-invariant learning of deep neural networks},
  author={Kwon, Jungmin and Kim, Jeongseop and Park, Hyunseo and Choi, In Kwon},
  booktitle={International Conference on Machine Learning},
  pages={5905--5914},
  year={2021},
  organization={PMLR}
}

@article{li2023does,
      title={{Does a Neural Network Really Encode Symbolic Concepts?}}, 
      author={Mingjie Li and Quanshi Zhang},
      journal={International Conference on Machine Learning},
      year={2023}
}

@article{loss_lanscape,
  title={Visualizing the loss landscape of neural nets},
  author={Li, Hao and Xu, Zheng and Taylor, Gavin and Studer, Christoph and Goldstein, Tom},
  journal={Advances in neural information processing systems},
  volume={31},
  year={2018}
}

@article{nikolikj2024generalization,
  title={Generalization Ability of Feature-based Performance Prediction Models: A Statistical Analysis across Benchmarks},
  author={Nikolikj, Ana and Kostovska, Ana and Cenikj, Gjorgjina and Doerr, Carola and Eftimov, Tome},
  journal={arXiv preprint arXiv:2405.12259},
  year={2024}
}

@article{petrini2022learning,
  title={Learning sparse features can lead to overfitting in neural networks},
  author={Petrini, Leonardo and Cagnetta, Francesco and Vanden-Eijnden, Eric and Wyart, Matthieu},
  journal={Advances in Neural Information Processing Systems},
  volume={35},
  pages={9403--9416},
  year={2022}
}

@inproceedings{ren2021towards,
 author = {Ren, Jie and Zhang, Die and Wang, Yisen and Chen, Lu and Zhou, Zhanpeng and Chen, Yiting and Cheng, Xu and Wang, Xin and Zhou, Meng and Shi, Jie and Zhang, Quanshi},
 booktitle = {Advances in Neural Information Processing Systems},
 editor = {M. Ranzato and A. Beygelzimer and Y. Dauphin and P.S. Liang and J. Wortman Vaughan},
 pages = {3797--3810},
 publisher = {Curran Associates, Inc.},
 title = {{Towards a Unified Game-Theoretic View of Adversarial Perturbations and Robustness}},
 volume = {34},
 year = {2021}
}

@inproceedings{ren2023AOG,
  title={{Defining and Quantifying the Emergence of Sparse Concepts in DNNs}},
  author={Ren, Jie and Li, Mingjie and Chen, Qirui and Deng, Huiqi and Zhang, Quanshi},
  booktitle={The IEEE/CVF Computer Vision and Pattern Recognition Conference},
  year={2023}
}

@article{ren2023bayesian,
      title={{Bayesian Neural Networks Tend to Ignore Complex and Sensitive Concepts}}, 
      author={Qihan Ren and Huiqi Deng and Yunuo Chen and Siyu Lou and Quanshi Zhang},      
      journal={International Conference on Machine Learning},
      year={2023}
}

@inproceedings{ren2024towards,
title={Towards the Dynamics of a {DNN} Learning Symbolic Interactions},
author={Qihan Ren and Junpeng Zhang and Yang Xu and Yue Xin and Dongrui Liu and Quanshi Zhang},
booktitle={The Thirty-eighth Annual Conference on Neural Information Processing Systems},
year={2024},
url={https://openreview.net/forum?id=dIHXwKjXRE}
}

@article{zhang2024two,
  title={Two-Phase Dynamics of Interactions Explains the Starting Point of a DNN Learning Over-Fitted Features},
  author={Zhang, Junpeng and Li, Qing and Lin, Liang and Zhang, Quanshi},
  journal={arXiv preprint arXiv:2405.10262},
  year={2024}
}

@inproceedings{zhou2024generalization,
  author    = {Huilin Zhou and
            Hao Zhang and
            Huiqi Deng and
            Dongrui Liu and
            Wen Shen and
            Shih-Han Chan and
            Quanshi Zhang},
  title     = {{Explaining Generalization Power of a DNN using Interactive Concepts}},
  booktitle = {Thirty-Eighth {AAAI} Conference on Artificial Intelligence, {AAAI} 2024},
  publisher = {{AAAI} Press},
  year      = {2024},
}

