=========================================================================generalable power other survey
@article{petrini2022learning,
  title={Learning sparse features can lead to overfitting in neural networks},
  author={Petrini, Leonardo and Cagnetta, Francesco and Vanden-Eijnden, Eric and Wyart, Matthieu},
  journal={Advances in Neural Information Processing Systems},
  volume={35},
  pages={9403--9416},
  year={2022}
}

@inproceedings{boopathy2023model,
  title={Model-agnostic measure of generalization difficulty},
  author={Boopathy, Akhilan and Liu, Kevin and Hwang, Jaedong and Ge, Shu and Mohammedsaleh, Asaad and Fiete, Ila R},
  booktitle={International Conference on Machine Learning},
  pages={2857--2884},
  year={2023},
  organization={PMLR}
}

@article{dyballa2024separability,
  title={A separability-based approach to quantifying generalization: which layer is best?},
  author={Dyballa, Luciano and Gerritz, Evan and Zucker, Steven W},
  journal={arXiv preprint arXiv:2405.01524},
  year={2024}
}

@article{nikolikj2024generalization,
  title={Generalization Ability of Feature-based Performance Prediction Models: A Statistical Analysis across Benchmarks},
  author={Nikolikj, Ana and Kostovska, Ana and Cenikj, Gjorgjina and Doerr, Carola and Eftimov, Tome},
  journal={arXiv preprint arXiv:2405.12259},
  year={2024}
}
=========================================================================generalable power other survey ending


@InProceedings{Ren_2023_CVPR,
    author = {Ren, Jie and Li, Mingjie and Chen, Qirui and Deng, Huiqi and Zhang, Quanshi},
    title = {Defining and Quantifying the Emergence of Sparse Concepts in DNNs},
    booktitle = {Proceedings of the IEEE/CVF Conference on Computer Vision and Pattern Recognition (CVPR)},
    year = {2023},
    url = {https://arxiv.org/pdf/2111.06206v5.pdf},
}

@InProceedings{pmlr-v202-li23at,
  title = 	 {Does a Neural Network Really Encode Symbolic Concepts?},
  author =       {Li, Mingjie and Zhang, Quanshi},
  booktitle = 	 {Proceedings of the 40th International Conference on Machine Learning},
  pages = 	 {20452--20469},
  year = 	 {2023},
  volume = 	 {202},
  month = 	 {23--29 Jul},
  publisher =    {PMLR},
  }

@inproceedings{zhou2024explaining,
  title={Explaining generalization power of a dnn using interactive concepts},
  author={Zhou, Huilin and Zhang, Hao and Deng, Huiqi and Liu, Dongrui and Shen, Wen and Chan, Shih-Han and Zhang, Quanshi},
  booktitle={Proceedings of the AAAI Conference on Artificial Intelligence},
  volume={38},
  pages={17105--17113},
  year={2024}
}

@inproceedings{
deng2022discovering,
title={{DISCOVERING} {AND} {EXPLAINING} {THE} {REPRESENTATION} {BOTTLENECK} {OF} {DNNS}},
author={Huiqi Deng and Qihan Ren and Hao Zhang and Quanshi Zhang},
booktitle={International Conference on Learning Representations},
year={2022},
url={https://openreview.net/forum?id=iRCUlgmdfHJ}
}

@article{zhang2024two,
  title={Two-Phase Dynamics of Interactions Explains the Starting Point of a DNN Learning Over-Fitted Features},
  author={Zhang, Junpeng and Li, Qing and Lin, Liang and Zhang, Quanshi},
  journal={arXiv preprint arXiv:2405.10262},
  year={2024}
}

@article{dabkowski2017real,
  title={Real time image saliency for black box classifiers},
  author={Dabkowski, Piotr and Gal, Yarin},
  journal={Advances in neural information processing systems},
  volume={30},
  year={2017}
}

@misc{shen2023inference,
      title={Can the Inference Logic of Large Language Models be Disentangled into Symbolic Concepts?}, 
      author={Wen Shen and Lei Cheng and Yuxiao Yang and Mingjie Li and Quanshi Zhang},
      year={2023},
      eprint={2304.01083},
      archivePrefix={arXiv},
      primaryClass={cs.CL}
}

@inproceedings{chen2024defining,
  title={Defining and Extracting generalizable interaction primitives from DNNs},
  author={Chen, Lu and Lou, Siyu and Huang, Benhao and Zhang, Quanshi},
booktitle={International Conference on Learning Representations},
  year={2024}
}

@inproceedings{ren2024towards,
title={Towards the Dynamics of a {DNN} Learning Symbolic Interactions},
author={Qihan Ren and Junpeng Zhang and Yang Xu and Yue Xin and Dongrui Liu and Quanshi Zhang},
booktitle={The Thirty-eighth Annual Conference on Neural Information Processing Systems},
year={2024},
url={https://openreview.net/forum?id=dIHXwKjXRE}
}

% ----------- game-theoretic interactions --------
@inproceedings{ren2023AOG,
  title={{Defining and Quantifying the Emergence of Sparse Concepts in DNNs}},
  author={Ren, Jie and Li, Mingjie and Chen, Qirui and Deng, Huiqi and Zhang, Quanshi},
  booktitle={The IEEE/CVF Computer Vision and Pattern Recognition Conference},
  year={2023}
}


@article{ren2023bayesian,
      title={{Bayesian Neural Networks Tend to Ignore Complex and Sensitive Concepts}}, 
      author={Qihan Ren and Huiqi Deng and Yunuo Chen and Siyu Lou and Quanshi Zhang},      
      journal={International Conference on Machine Learning},
      year={2023}
}

@inproceedings{ren2023can,
  author = {Jie Ren and
               Zhanpeng Zhou and
               Qirui Chen and
               Quanshi Zhang},
  title = {{Can We Faithfully Represent Absence States to Compute Shapley Values on a DNN?}},
  booktitle = {International Conference on Learning Representations},
  year={2023},
  url={https://openreview.net/forum?id=YV8tP7bW6Kt}
}


@inproceedings{ren2021towards,
 author = {Ren, Jie and Zhang, Die and Wang, Yisen and Chen, Lu and Zhou, Zhanpeng and Chen, Yiting and Cheng, Xu and Wang, Xin and Zhou, Meng and Shi, Jie and Zhang, Quanshi},
 booktitle = {Advances in Neural Information Processing Systems},
 editor = {M. Ranzato and A. Beygelzimer and Y. Dauphin and P.S. Liang and J. Wortman Vaughan},
 pages = {3797--3810},
 publisher = {Curran Associates, Inc.},
 title = {{Towards a Unified Game-Theoretic View of Adversarial Perturbations and Robustness}},
 volume = {34},
 year = {2021}
}


@inproceedings{deng2021unified,
  title={{A Unified Taylor Framework for Revisiting Attribution Methods}},
  author={Deng, Huiqi and Zou, Na and Du, Mengnan and Chen, Weifu and Feng, Guocan and Hu, Xia},
  booktitle={Proceedings of the AAAI Conference on Artificial Intelligence},
  volume={35},
  number={13},
  pages={11462--11469},
  year={2021}
}


@inproceedings{zhang2020interpreting,
  title={{Interpreting and Boosting Dropout from a Game-Theoretic View}},
  author={Zhang, Hao and Li, Sen and Ma, YinChao and Li, Mingjie and Xie, Yichen and Zhang, Quanshi},
  booktitle={International Conference on Learning Representations},
  year={2020}
}

@inproceedings{
wang2021unified,
title={{A Unified Approach to Interpreting and Boosting Adversarial Transferability}},
author={Xin Wang and Jie Ren and Shuyun Lin and Xiangming Zhu and Yisen Wang and Quanshi Zhang},
booktitle={International Conference on Learning Representations},
year={2021}
}

@article{li2023does,
      title={{Does a Neural Network Really Encode Symbolic Concepts?}}, 
      author={Mingjie Li and Quanshi Zhang},
      journal={International Conference on Machine Learning},
      year={2023}
}



@inproceedings{zhou2024generalization,
  author    = {Huilin Zhou and
            Hao Zhang and
            Huiqi Deng and
            Dongrui Liu and
            Wen Shen and
            Shih-Han Chan and
            Quanshi Zhang},
  title     = {{Explaining Generalization Power of a DNN using Interactive Concepts}},
  booktitle = {Thirty-Eighth {AAAI} Conference on Artificial Intelligence, {AAAI} 2024},
  publisher = {{AAAI} Press},
  year      = {2024},
}

@article{zhangquanshi2022proving,
  author    = {Quanshi Zhang and
               Xin Wang and
               Jie Ren and
               Xu Cheng and
               Shuyun Lin and
               Yisen Wang and
               Xiangming Zhu},
  title     = {{Proving Common Mechanisms Shared by Twelve Methods of Boosting Adversarial Transferability}},
   	journal={arXiv preprint arXiv:2207.11694},
  year      = {2022},
}



@article{deng2024unifying,
  title={{Unifying Fourteen Post-hoc Attribution Methods with Taylor Interactions}},
  author={Deng, Huiqi and Zou, Na and Du, Mengnan and Chen, Weifu and Feng, Guocan and Yang, Ziwei and Li, Zheyang and Zhang, Quanshi},
  journal={IEEE Transactions on Pattern Analysis and Machine Intelligence},
  year={2024},
  publisher={IEEE}
}


@article{cheng2021hypothesis,
  author    = {Xu Cheng and
               Xin Wang and
               Haotian Xue and
               Zhengyang Liang and
               Quanshi Zhang},
  title     = {{A Hypothesis for the Aesthetic Appreciation in Neural Networks}},
	journal={arXiv preprint arXiv::2108.02646},
  year      = {2021},
}

@article{cheng2021concepts,
  author    = {Xu Cheng and
               Chuntung Chu and
               Yi Zheng and
               Jie Ren and
               Quanshi Zhang},
  title     = {{A Game-Theoretic Taxonomy of Visual Concepts in DNNs}},
	journal={arXiv preprint arXiv:2106.10938},
  year      = {2021},
}

@inproceedings{zhangdie2021building,
  author    = {Die Zhang and
               Hao Zhang and
               Huilin Zhou and
               Xiaoyi Bao and
               Da Huo and
               Ruizhao Chen and
               Xu Cheng and
               Mengyue Wu and
               Quanshi Zhang},
  title     = {{Building Interpretable Interaction Trees for Deep {NLP} Models}},
  booktitle = {Thirty-Fifth {AAAI} Conference on Artificial Intelligence, {AAAI} 2021},
  pages     = {14328--14337},
  publisher = {{AAAI} Press},
  year      = {2021},
}

@inproceedings{zhang2021interpreting,
  author    = {Hao Zhang and
               Yichen Xie and
               Longjie Zheng and
               Die Zhang and
               Quanshi Zhang},
  title     = {{Interpreting Multivariate Shapley Interactions in DNNs}},
  booktitle = {Thirty-Fifth {AAAI} Conference on Artificial Intelligence, {AAAI} 2021},
  pages     = {10877--10886},
  publisher = {{AAAI} Press},
  year      = {2021},
}


@article{li2023defining,
  title={{Defining and Quantifying AND-OR Interactions for Faithful and Concise Explanation of DNNs}},
  author={Li, Mingjie and Zhang, Quanshi},
  journal={arXiv preprint arXiv:2304.13312},
  year={2023}
}

@inproceedings{
liu2023towards,
title={{Towards the Difficulty for a Deep Neural Network to Learn Concepts of Different Complexities}},
author={Dongrui Liu and Huiqi Deng and Xu Cheng and Qihan Ren and Kangrui Wang and Quanshi Zhang},
booktitle={Thirty-seventh Conference on Neural Information Processing Systems},
year={2023}
}

@inproceedings{
ren2024where,
title={{Where We Have Arrived in Proving the Emergence of Sparse Interaction Primitives in DNNs}},
author={Qihan Ren and Jiayang Gao and Wen Shen and Quanshi Zhang},
booktitle={The Twelfth International Conference on Learning Representations},
year={2024}
}

==================================================================tool
@article{goodfellow2014explaining,
  title={Explaining and harnessing adversarial examples},
  author={Goodfellow, Ian J},
  journal={arXiv preprint arXiv:1412.6572},
  year={2014}
}


% -------------- models ---------------

@article{dgcnn,
author = {Wang, Yue and Sun, Yongbin and Liu, Ziwei and Sarma, Sanjay E. and Bronstein, Michael M. and Solomon, Justin M.},
title = {Dynamic Graph CNN for Learning on Point Clouds},
year = {2019},
issue_date = {October 2019},
publisher = {Association for Computing Machinery},
address = {New York, NY, USA},
volume = {38},
number = {5},
issn = {0730-0301},
url = {https://doi.org/10.1145/3326362},
doi = {10.1145/3326362},
journal = {ACM Trans. Graph.},
month = {oct},
articleno = {146},
numpages = {12}
}

% resmlp
@ARTICLE{resmlp,  author={Touvron, Hugo and Bojanowski, Piotr and Caron, Mathilde and Cord, Matthieu and El-Nouby, Alaaeldin and Grave, Edouard and Izacard, Gautier and Joulin, Armand and Synnaeve, Gabriel and Verbeek, Jakob and Jégou, Hervé},  journal={IEEE Transactions on Pattern Analysis and Machine Intelligence},   title={ResMLP: Feedforward Networks for Image Classification With Data-Efficient Training},   year={2022},  volume={},  number={},  pages={1-9},  doi={10.1109/TPAMI.2022.3206148}}

% lenet, mnist
@article{lecun1998gradient,
  title={Gradient-based learning applied to document recognition},
  author={LeCun, Yann and Bottou, L{\'e}on and Bengio, Yoshua and Haffner, Patrick},
  journal={Proceedings of the IEEE},
  volume={86},
  number={11},
  pages={2278--2324},
  year={1998},
  publisher={Ieee}
}

% alexnet
@inproceedings{krizhevsky2012imagenet,
  title={Imagenet classification with deep convolutional neural networks},
  author={Krizhevsky, Alex and Sutskever, Ilya and Hinton, Geoffrey E},
  booktitle={Advances in Neural Information Processing Systems},
  volume={25},
  pages={1097--1105},
  year={2012}
}

% vgg
@inproceedings{simonyan2014very,
  title={Very deep convolutional networks for large-scale image recognition},
  author={Simonyan, Karen and Zisserman, Andrew},
  booktitle={International Conference on Learning Representations},
  year={2014}
}

% resnet
@inproceedings{he2016deep,
  title={Deep residual learning for image recognition},
  author={He, Kaiming and Zhang, Xiangyu and Ren, Shaoqing and Sun, Jian},
  booktitle={Proceedings of the IEEE conference on computer vision and pattern recognition},
  pages={770--778},
  year={2016}
}

% pointnet
@InProceedings{qi2017pointnet,
author = {Qi, Charles R. and Su, Hao and Mo, Kaichun and Guibas, Leonidas J.},
title = {PointNet: Deep Learning on Point Sets for 3D Classification and Segmentation},
booktitle = {Proceedings of the IEEE Conference on Computer Vision and Pattern Recognition (CVPR)},
month = {July},
year = {2017}
}

% pointnet++
@inproceedings{qi2017pointnetplusplus,
 author = {Qi, Charles Ruizhongtai and Yi, Li and Su, Hao and Guibas, Leonidas J},
 booktitle = {Advances in Neural Information Processing Systems},
 editor = {I. Guyon and U. Von Luxburg and S. Bengio and H. Wallach and R. Fergus and S. Vishwanathan and R. Garnett},
 pages = {},
 publisher = {Curran Associates, Inc.},
 title = {PointNet++: Deep Hierarchical Feature Learning on Point Sets in a Metric Space},
 url = {https://proceedings.neurips.cc/paper_files/paper/2017/file/d8bf84be3800d12f74d8b05e9b89836f-Paper.pdf},
 volume = {30},
 year = {2017}
}

% bert
@inproceedings{devlin-etal-2019-bert,
    title = "{BERT}: Pre-training of Deep Bidirectional Transformers for Language Understanding",
    author = "Devlin, Jacob  and
      Chang, Ming-Wei  and
      Lee, Kenton  and
      Toutanova, Kristina",
    editor = "Burstein, Jill  and
      Doran, Christy  and
      Solorio, Thamar",
    booktitle = "Proceedings of the 2019 Conference of the North {A}merican Chapter of the Association for Computational Linguistics: Human Language Technologies, Volume 1 (Long and Short Papers)",
    month = jun,
    year = "2019",
    address = "Minneapolis, Minnesota",
    publisher = "Association for Computational Linguistics",
    url = "https://aclanthology.org/N19-1423",
    doi = "10.18653/v1/N19-1423",
    pages = "4171--4186"
}



% UCI
@misc{UCIrepository ,
author = "Dua, Dheeru and Graff, Casey",
year = "2017",
title = "{UCI} Machine Learning Repository",
url = "http://archive.ics.uci.edu/ml",
institution = "University of California, Irvine, School of Information and Computer Sciences" }

% CelebA
@InProceedings{liu2015celeba,
author = {Liu, Ziwei and Luo, Ping and Wang, Xiaogang and Tang, Xiaoou},
title = {Deep Learning Face Attributes in the Wild},
booktitle = {Proceedings of the IEEE International Conference on Computer Vision (ICCV)},
month = {December},
year = {2015}
}


% shapenet
@article{yi2016scalable,
  title={A scalable active framework for region annotation in 3d shape collections},
  author={Yi, Li and Kim, Vladimir G and Ceylan, Duygu and Shen, I-Chao and Yan, Mengyan and Su, Hao and Lu, Cewu and Huang, Qixing and Sheffer, Alla and Guibas, Leonidas},
  journal={ACM Transactions on Graphics (ToG)},
  volume={35},
  number={6},
  pages={1--12},
  year={2016},
  publisher={ACM New York, NY, USA}
}

@article{krizhevsky2009learning,
  title={Learning multiple layers of features from tiny images},
  author={Krizhevsky, Alex and Hinton, Geoffrey and others},
  year={2009},
  publisher={Citeseer}
}

@book{cub2011, 
title={The Caltech-UCSD Birds-200-2011 Dataset}, 
institution={California Institute of Technology}, 
author={Wah, Catherine and Branson, Steve and Welinder, Peter and Perona, Pietro and Belongie, Serge}, 
year={2011}
}

@article{le2015tiny,
  title={Tiny imagenet visual recognition challenge},
  author={Le, Ya and Yang, Xuan},
  journal={CS 231N},
  volume={7},
  number={7},
  pages={3},
  year={2015}
}


% NLP dataset SST-2
@inproceedings{socher2013recursive,
  title={Recursive deep models for semantic compositionality over a sentiment treebank},
  author={Socher, Richard and Perelygin, Alex and Wu, Jean and Chuang, Jason and Manning, Christopher D and Ng, Andrew Y and Potts, Christopher},
  booktitle={Proceedings of the 2013 conference on empirical methods in natural language processing},
  pages={1631--1642},
  year={2013}
}


% NLP dataset CoLA
@article{warstadt2019neural,
  title={Neural network acceptability judgments},
  author={Warstadt, Alex and Singh, Amanpreet and Bowman, Samuel R},
  journal={Transactions of the Association for Computational Linguistics},
  volume={7},
  pages={625--641},
  year={2019},
  publisher={MIT Press}
}


######################################################## related work
@article{generalization_bounds,
  title={Exploring generalization in deep learning},
  author={Neyshabur, Behnam and Bhojanapalli, Srinadh and McAllester, David and Srebro, Nati},
  journal={Advances in neural information processing systems},
  volume={30},
  year={2017}
}

@inproceedings{bousquet2020sharper,
  title={Sharper bounds for uniformly stable algorithms},
  author={Bousquet, Olivier and Klochkov, Yegor and Zhivotovskiy, Nikita},
  booktitle={Conference on Learning Theory},
  pages={610--626},
  year={2020},
  organization={PMLR}
}

@inproceedings{deng2021toward,
  title={Toward better generalization bounds with locally elastic stability},
  author={Deng, Zhun and He, Hangfeng and Su, Weijie},
  booktitle={International Conference on Machine Learning},
  pages={2590--2600},
  year={2021},
  organization={PMLR}
}

@article{haghifam2020sharpened,
  title={Sharpened generalization bounds based on conditional mutual information and an application to noisy, iterative algorithms},
  author={Haghifam, Mahdi and Negrea, Jeffrey and Khisti, Ashish and Roy, Daniel M and Dziugaite, Gintare Karolina},
  journal={Advances in Neural Information Processing Systems},
  volume={33},
  pages={9925--9935},
  year={2020}
}

@article{haghifam2021towards,
  title={Towards a unified information-theoretic framework for generalization},
  author={Haghifam, Mahdi and Dziugaite, Gintare Karolina and Moran, Shay and Roy, Dan},
  journal={Advances in Neural Information Processing Systems},
  volume={34},
  pages={26370--26381},
  year={2021}
}

@article{flat_minima,
  title={On large-batch training for deep learning: Generalization gap and sharp minima},
  author={Keskar, Nitish Shirish and Mudigere, Dheevatsa and Nocedal, Jorge and Smelyanskiy, Mikhail and Tang, Ping Tak Peter},
  journal={arXiv preprint arXiv:1609.04836},
  year={2016}
}

@article{loss_lanscape,
  title={Visualizing the loss landscape of neural nets},
  author={Li, Hao and Xu, Zheng and Taylor, Gavin and Studer, Christoph and Goldstein, Tom},
  journal={Advances in neural information processing systems},
  volume={31},
  year={2018}
}

@inproceedings{foret2021sharpness,
  title={Sharpness-aware minimization for efficiently improving generalization},
  author={Foret, Pierre and Kleiner, Ariel and Mobahi, Hossein and Neyshabur, Behnam},
  booktitle={International Conference on Learning Representations},
  year={2021}
}

@inproceedings{kwon2021asam,
  title={Asam: Adaptive sharpness-aware minimization for scale-invariant learning of deep neural networks},
  author={Kwon, Jungmin and Kim, Jeongseop and Park, Hyunseo and Choi, In Kwon},
  booktitle={International Conference on Machine Learning},
  pages={5905--5914},
  year={2021},
  organization={PMLR}
}