@inproceedings{10,
  author = {Li, J and Kang, D and Pei, W and others},
  title = {Audio2gestures: Generating Diverse Gestures from Speech Audio with Conditional Variational Autoencoders},
  booktitle = {Proceedings of the IEEE/CVF International Conference on Computer Vision},
  year = {2021},
  pages = {11293--11302},
}

@inproceedings{11,
  author = {Yi, H and Liang, H and Liu, Y and others},
  title = {Generating Holistic 3D Human Motion from Speech},
  booktitle = {Proceedings of the IEEE/CVF Conference on Computer Vision and Pattern Recognition},
  year = {2023},
  pages = {469--480},
}

@inproceedings{12,
  author = {Zhu, L and Liu, X and Liu, X and others},
  title = {{Taming Diffusion Models for Audio-Driven Co-Speech Gesture Generation}},
  booktitle = {Proceedings of the IEEE/CVF Conference on Computer Vision and Pattern Recognition},
  year = {2023},
  pages = {10544--10553},
}

@inproceedings{13,
  title={Learning speech-driven 3d conversational gestures from video},
  author={Habibie, Ikhsanul and Xu, Weipeng and Mehta, Dushyant and Liu, Lingjie and Seidel, Hans-Peter and Pons-Moll, Gerard and Elgharib, Mohamed and Theobalt, Christian},
  booktitle={Proceedings of the 21st ACM International Conference on Intelligent Virtual Agents},
  pages={101--108},
  year={2021}
}

@inproceedings{22,
  author = {Lhommet, M and Xu, Y and Marsella, S},
  title = {{Cerebella}: Automatic Generation of Nonverbal Behavior for Virtual Humans},
  booktitle = {Proceedings of the AAAI Conference on Artificial Intelligence},
  year = {2015}
}

@book{23,
  title={Statistical Models: Theory and Practice},
  author={Freedman, David A},
  year={2009},
  publisher={Cambridge University Press},
  address={Cambridge}
}

@article{24,
  author = {Neff, M and Kipp, M and Albrecht, I and others},
  title = {Gesture Modeling and Animation Based on a Probabilistic Re-Creation of Speaker Style},
  journal = {ACM Transactions On Graphics (TOG)},
  year = {2008},
  volume = {27},
  number = {1},
  pages = {1--24},
}

@inproceedings{25,
  author = {Levine, S and Theobalt, C and Koltun, V},
  title = {Real-Time Prosody-Driven Synthesis of Body Language},
  booktitle = {ACM SIGGRAPH Asia 2009 Papers},
  year = {2009},
  pages = {1--10},
}

@inproceedings{26,
  title={Towards a common framework for multimodal generation: The behavior markup language},
  author={Kopp, Stefan and Krenn, Brigitte and Marsella, Stacy and Marshall, Andrew N and Pelachaud, Catherine and Pirker, Hannes and Th{\'o}risson, Kristinn R and Vilhj{\'a}lmsson, Hannes},
  booktitle={Intelligent Virtual Agents: 6th International Conference, IVA 2006, Marina Del Rey, CA, USA, August 21-23, 2006. Proceedings 6},
  pages={205--217},
  year={2006},
}

@inproceedings{27,
  author = {Ferstl, Y and McDonnell, R},
  title = {Investigating the Use of Recurrent Motion Modelling for Speech Gesture Generation},
  booktitle = {Proceedings of the 18th International Conference on Intelligent Virtual Agents},
  year = {2018},
  pages = {93--98},
}

@article{28,
  author = {Kucherenko, T and Hasegawa, D and Kaneko, N and others},
  title = {Moving Fast and Slow: Analysis of Representations and Post-Processing in Speech-Driven Automatic Gesture Generation},
  journal = {International Journal of Humanâ€“Computer Interaction},
  year = {2021},
  volume = {37},
  number = {14},
  pages = {1300--1316},
}

@inproceedings{29,
  author = {Takeuchi, K and Hasegawa, D and Shirakawa, S and others},
  title = {Speech-to-Gesture Generation: A Challenge in Deep Learning Approach with Bi-Directional LSTM},
  booktitle = {Proceedings of the 5th International Conference on Human Agent Interaction},
  year = {2017},
  pages = {365--369},
}

@inproceedings{30,
  title={Style transfer for co-speech gesture animation: A multi-speaker conditional-mixture approach},
  author={Ahuja, Chaitanya and Lee, Dong Won and Nakano, Yukiko I and Morency, Louis-Philippe},
  booktitle={Computer Vision--ECCV 2020: 16th European Conference, Glasgow, UK, August 23--28, 2020, Proceedings, Part XVIII 16},
  pages={248--265},
  year={2020},
  organization={Springer}
}

@inproceedings{31,
  author = {Liu, H and Iwamoto, N and Zhu, Z and others},
  title = {{DISCO}: Disentangled Implicit Content and Rhythm Learning for Diverse Co-Speech Gestures Synthesis},
  booktitle = {Proceedings of the 30th ACM International Conference on Multimedia},
  year = {2022},
  pages = {3764--3773},
}

@inproceedings{32,
  author = {Liu, X and Wu, Q and Zhou, H and others},
  title = {Learning Hierarchical Cross-Modal Association for Co-Speech Gesture Generation},
  booktitle = {Proceedings of the IEEE/CVF Conference on Computer Vision and Pattern Recognition},
  year = {2022},
  pages = {10462--10472},
}

@inproceedings{33,
  author = {Kim, J and Kim, J and Choi, S},
  title = {{FLAME}: Free-Form Language-Based Motion Synthesis \& Editing},
  booktitle = {Proceedings of the AAAI Conference on Artificial Intelligence},
  year = {2023},
  volume = {37},
  number = {7},
  pages = {8255--8263},
}

@article{34,
  author = {Alexanderson, S and Nagy, R and Beskow, J and others},
  title = {Listen, Denoise, Action! Audio-Driven Motion Synthesis with Diffusion Models},
  journal = {ACM Transactions on Graphics (TOG)},
  year = {2023},
  volume = {42},
  number = {4},
  pages = {1--20},
}

@inproceedings{35,
  title={Conversational Co-Speech Gesture Generation via Modeling Dialog Intention, Emotion, and Context with Diffusion Models},
  author={Xue, Haiwei and Yang, Sicheng and Zhang, Zhensong and Wu, Zhiyong and Li, Minglei and Dai, Zonghong and Meng, Helen},
  booktitle={ICASSP 2024-2024 IEEE International Conference on Acoustics, Speech and Signal Processing (ICASSP)},
  pages={8296--8300},
  year={2024},
  organization={IEEE}
}

@inproceedings{36,
  author = {Qian, S and Tu, Z and Zhi, Y and others},
  title = {Speech Drives Templates: Co-Speech Gesture Synthesis with Learned Templates},
  booktitle = {Proceedings of the IEEE/CVF International Conference on Computer Vision},
  year = {2021},
  pages = {11077--11086},
}

@article{37,
  author = {Ao, T and Gao, Q and Lou, Y and others},
  title = {Rhythmic Gesticulator: Rhythm-Aware Co-Speech Gesture Synthesis with Hierarchical Neural Embeddings},
  journal = {ACM Transactions on Graphics (TOG)},
  year = {2022},
  volume = {41},
  number = {6},
  pages = {1--19},
}

@misc{38,
  author = {Xu, J and Zhang, W and Bai, Y and others},
  title = {Freeform Body Motion Generation From Speech},
  howpublished = {arXiv preprint arXiv:2203.02291},
  year = {2022},
}

@inproceedings{39,
  title={Gesture2Vec: Clustering gestures using representation learning methods for co-speech gesture generation},
  author={Yazdian, Payam Jome and Chen, Mo and Lim, Angelica},
  booktitle={2022 IEEE/RSJ International Conference on Intelligent Robots and Systems (IROS)},
  pages={3100--3107},
  year={2022},
  organization={IEEE}
}

@inproceedings{40,
  author = {Yang, S and Wu, Z and Li, M and others},
  title = {{QPgesture}: Quantization-Based and Phase-Guided Motion Matching for Natural Speech-Driven Gesture Generation},
  booktitle = {Proceedings of the IEEE/CVF Conference on Computer Vision and Pattern Recognition},
  year = {2023},
  pages = {2321--2330},
}

@inproceedings{41,
  author = {Taylor, S and Windle, J and Greenwood, D and others},
  title = {Speech-Driven Conversational Agents Using Conditional Flow-VAES},
  booktitle = {Proceedings of the 18th ACM SIGGRAPH European Conference on Visual Media Production},
  year = {2021},
  pages = {1--9},
}

@article{42,
  author = {LOPER, M and MAHMOOD, N and ROMERO, J and others},
  title = {{SMPL}: A Skinned Multi-Person Linear Model},
  journal = {ACM Transactions on Graphics(TOG)},
  year = {2015},
  volume = {34},
  number = {6},
  pages = {248},
}

@inproceedings{43,
  author = {PAVLAKOS, G and CHOUTAS, V and GHORBANI, N and others},
  title = {Expressive Body Capture: 3D Hands, Face, and Body from a Single Image},
  booktitle = {Proceedings of the IEEE/CVF Conference on Computer Vision and Pattern Recognition},
  year = {2019},
  pages = {10975--10985},
}

@article{44,
  author = {Zhang, H and Tian, Y and Zhang, Y and others},
  title = {{PYMAF-X}: Towards Well-Aligned Full-Body Model Regression from Monocular Images},
  journal = {IEEE Transactions on Pattern Analysis and Machine Intelligence},
  year = {2023},
}

