@article{1,
  title={Gesture and the communicative intention of the speaker},
  author={Melinger, Alissa and Levelt, Willem JM},
  journal={Gesture},
  volume={4},
  number={2},
  pages={119-141},
  year={2004}
}

@article{2,
  title={The role of gesture in communication and thinking},
  author={Goldin-Meadow, Susan},
  journal={Trends in cognitive sciences},
  volume={3},
  number={11},
  pages={419--429},
  year={1999},
  publisher={Elsevier}
}

@book{3,
  title={Gesture: Visible Action as Utterance},
  author={Kendon, Adam},
  year={2004},
  publisher={Cambridge University Press},
  address={Cambridge}
}

@article{4,
  author = {Cheng, YW and Sun, PC and Chen, NS},
  title = {The Essential Applications of Educational Robot: Requirement Analysis from the Perspectives of Experts, Researchers and Instructors},
  journal = {Computers \& Education},
  year = {2018},
  volume = {126},
  pages = {399--416},
}

@inproceedings{5,
  author = {Chen, J and Zhan, X and Wang, Y and others},
  title = {Medical Robots Based on Artificial Intelligence in the Medical Education},
  booktitle = {2021 2nd International Conference on Artificial Intelligence and Education (ICAIE)},
  organization = {IEEE},
  year = {2021},
  pages = {1--4},
}

@misc{6,
  author = {Kipp, M},
  title = {{Anvil}: The Video Annotation Research Tool},
  year = {2014},
}

@inproceedings{7,
  title={Beat: the behavior expression animation toolkit},
  author={Cassell, Justine and Vilhj{\'a}lmsson, Hannes H{\"o}gni and Bickmore, Timothy},
  booktitle={Proceedings of the 28th annual conference on Computer graphics and interactive techniques},
  pages={477--486},
  year={2001}
}

@inproceedings{8,
  title={A systematic comparison of different HMM designs for emotion recognition from acted and spontaneous speech},
  author={Wagner, Johannes and Vogt, Thurid and Andr{\'e}, Elisabeth},
  booktitle={Affective Computing and Intelligent Interaction: Second International Conference, ACII 2007 Lisbon, Portugal, September 12-14, 2007 Proceedings 2},
  pages={114--125},
  year={2007},
  organization={Springer}
}

@inproceedings{9,
  author = {Levine, S and Krähenbühl, P and Thrun, S and others},
  title = {Gesture Controllers},
  booktitle = {ACM Siggraph 2010 Papers},
  year = {2010},
  pages = {1--11},
}

@inproceedings{10,
  author = {Li, J and Kang, D and Pei, W and others},
  title = {Audio2gestures: Generating Diverse Gestures from Speech Audio with Conditional Variational Autoencoders},
  booktitle = {Proceedings of the IEEE/CVF International Conference on Computer Vision},
  year = {2021},
  pages = {11293--11302},
}

@inproceedings{11,
  author = {Yi, H and Liang, H and Liu, Y and others},
  title = {Generating Holistic 3D Human Motion from Speech},
  booktitle = {Proceedings of the IEEE/CVF Conference on Computer Vision and Pattern Recognition},
  year = {2023},
  pages = {469--480},
}

@inproceedings{12,
  author = {Zhu, L and Liu, X and Liu, X and others},
  title = {{Taming Diffusion Models for Audio-Driven Co-Speech Gesture Generation}},
  booktitle = {Proceedings of the IEEE/CVF Conference on Computer Vision and Pattern Recognition},
  year = {2023},
  pages = {10544--10553},
}

@inproceedings{13,
  title={Learning speech-driven 3d conversational gestures from video},
  author={Habibie, Ikhsanul and Xu, Weipeng and Mehta, Dushyant and Liu, Lingjie and Seidel, Hans-Peter and Pons-Moll, Gerard and Elgharib, Mohamed and Theobalt, Christian},
  booktitle={Proceedings of the 21st ACM International Conference on Intelligent Virtual Agents},
  pages={101--108},
  year={2021}
}

@inproceedings{14,
  author = {Ao, T and Zhang, Z and Liu, L},
  title = {Gesturediffuclip: Gesture Diffusion Model with {CLIP} Latents},
  booktitle = {ACM Trans. Graph.},
  year = {2023},
}

@article{15,
  author = {Yoon, Y and Cha, B and Lee, JH and others},
  title = {Speech Gesture Generation from the Trimodal Context of Text, Audio, and Speaker Identity},
  journal = {ACM Transactions on Graphics (TOG)},
  year = {2020},
  volume = {39},
  number = {6},
  pages = {1--16},
}

@inproceedings{16,
  author = {Bhattacharya, U and Childs, E and Rewkowski, N and others},
  title = {Speech2affectivegestures: Synthesizing Co-Speech Gestures with Generative Adversarial Affective Expression Learning},
  booktitle = {Proceedings of the 29th ACM International Conference on Multimedia},
  year = {2021},
  pages = {2027--2036},
}

@inproceedings{17,
  title={Beat: A large-scale semantic and emotional multi-modal dataset for conversational gestures synthesis},
  author={Liu, Haiyang and Zhu, Zihao and Iwamoto, Naoya and Peng, Yichen and Li, Zhengqing and Zhou, You and Bozkurt, Elif and Zheng, Bo},
  booktitle={European conference on computer vision},
  pages={612--630},
  year={2022},
  organization={Springer}
}

@inproceedings{18,
  title={Nonverbal behavior generator for embodied conversational agents},
  author={Lee, Jina and Marsella, Stacy},
  booktitle={International Workshop on Intelligent Virtual Agents},
  pages={243--255},
  year={2006},
  organization={Springer}
}

@article{19,
  author = {Van Den Oord, A and Vinyals, O},
  title = {Neural Discrete Representation Learning},
  journal = {Advances in Neural Information Processing Systems},
  year = {2017},
  volume = {30},
}


@inproceedings{21,
  author = {Kopp, S and Jung, B and Lessmann, N and others},
  title = {{MAX}-A Multimodal Assistant in Virtual Reality Construction},
  journal = {KI},
  year = {2003},
  volume = {17},
  number = {4},
  pages = {11},
}

@inproceedings{22,
  author = {Lhommet, M and Xu, Y and Marsella, S},
  title = {{Cerebella}: Automatic Generation of Nonverbal Behavior for Virtual Humans},
  booktitle = {Proceedings of the AAAI Conference on Artificial Intelligence},
  year = {2015}
}

@book{23,
  title={Statistical Models: Theory and Practice},
  author={Freedman, David A},
  year={2009},
  publisher={Cambridge University Press},
  address={Cambridge}
}

@article{24,
  author = {Neff, M and Kipp, M and Albrecht, I and others},
  title = {Gesture Modeling and Animation Based on a Probabilistic Re-Creation of Speaker Style},
  journal = {ACM Transactions On Graphics (TOG)},
  year = {2008},
  volume = {27},
  number = {1},
  pages = {1--24},
}

@inproceedings{25,
  author = {Levine, S and Theobalt, C and Koltun, V},
  title = {Real-Time Prosody-Driven Synthesis of Body Language},
  booktitle = {ACM SIGGRAPH Asia 2009 Papers},
  year = {2009},
  pages = {1--10},
}

@inproceedings{26,
  title={Towards a common framework for multimodal generation: The behavior markup language},
  author={Kopp, Stefan and Krenn, Brigitte and Marsella, Stacy and Marshall, Andrew N and Pelachaud, Catherine and Pirker, Hannes and Th{\'o}risson, Kristinn R and Vilhj{\'a}lmsson, Hannes},
  booktitle={Intelligent Virtual Agents: 6th International Conference, IVA 2006, Marina Del Rey, CA, USA, August 21-23, 2006. Proceedings 6},
  pages={205--217},
  year={2006},
}

@inproceedings{27,
  author = {Ferstl, Y and McDonnell, R},
  title = {Investigating the Use of Recurrent Motion Modelling for Speech Gesture Generation},
  booktitle = {Proceedings of the 18th International Conference on Intelligent Virtual Agents},
  year = {2018},
  pages = {93--98},
}

@article{28,
  author = {Kucherenko, T and Hasegawa, D and Kaneko, N and others},
  title = {Moving Fast and Slow: Analysis of Representations and Post-Processing in Speech-Driven Automatic Gesture Generation},
  journal = {International Journal of Human–Computer Interaction},
  year = {2021},
  volume = {37},
  number = {14},
  pages = {1300--1316},
}

@inproceedings{29,
  author = {Takeuchi, K and Hasegawa, D and Shirakawa, S and others},
  title = {Speech-to-Gesture Generation: A Challenge in Deep Learning Approach with Bi-Directional LSTM},
  booktitle = {Proceedings of the 5th International Conference on Human Agent Interaction},
  year = {2017},
  pages = {365--369},
}

@inproceedings{30,
  title={Style transfer for co-speech gesture animation: A multi-speaker conditional-mixture approach},
  author={Ahuja, Chaitanya and Lee, Dong Won and Nakano, Yukiko I and Morency, Louis-Philippe},
  booktitle={Computer Vision--ECCV 2020: 16th European Conference, Glasgow, UK, August 23--28, 2020, Proceedings, Part XVIII 16},
  pages={248--265},
  year={2020},
  organization={Springer}
}

@inproceedings{31,
  author = {Liu, H and Iwamoto, N and Zhu, Z and others},
  title = {{DISCO}: Disentangled Implicit Content and Rhythm Learning for Diverse Co-Speech Gestures Synthesis},
  booktitle = {Proceedings of the 30th ACM International Conference on Multimedia},
  year = {2022},
  pages = {3764--3773},
}

@inproceedings{32,
  author = {Liu, X and Wu, Q and Zhou, H and others},
  title = {Learning Hierarchical Cross-Modal Association for Co-Speech Gesture Generation},
  booktitle = {Proceedings of the IEEE/CVF Conference on Computer Vision and Pattern Recognition},
  year = {2022},
  pages = {10462--10472},
}

@inproceedings{33,
  author = {Kim, J and Kim, J and Choi, S},
  title = {{FLAME}: Free-Form Language-Based Motion Synthesis \& Editing},
  booktitle = {Proceedings of the AAAI Conference on Artificial Intelligence},
  year = {2023},
  volume = {37},
  number = {7},
  pages = {8255--8263},
}

@article{34,
  author = {Alexanderson, S and Nagy, R and Beskow, J and others},
  title = {Listen, Denoise, Action! Audio-Driven Motion Synthesis with Diffusion Models},
  journal = {ACM Transactions on Graphics (TOG)},
  year = {2023},
  volume = {42},
  number = {4},
  pages = {1--20},
}

@inproceedings{35,
  title={Conversational Co-Speech Gesture Generation via Modeling Dialog Intention, Emotion, and Context with Diffusion Models},
  author={Xue, Haiwei and Yang, Sicheng and Zhang, Zhensong and Wu, Zhiyong and Li, Minglei and Dai, Zonghong and Meng, Helen},
  booktitle={ICASSP 2024-2024 IEEE International Conference on Acoustics, Speech and Signal Processing (ICASSP)},
  pages={8296--8300},
  year={2024},
  organization={IEEE}
}

@inproceedings{36,
  author = {Qian, S and Tu, Z and Zhi, Y and others},
  title = {Speech Drives Templates: Co-Speech Gesture Synthesis with Learned Templates},
  booktitle = {Proceedings of the IEEE/CVF International Conference on Computer Vision},
  year = {2021},
  pages = {11077--11086},
}

@article{37,
  author = {Ao, T and Gao, Q and Lou, Y and others},
  title = {Rhythmic Gesticulator: Rhythm-Aware Co-Speech Gesture Synthesis with Hierarchical Neural Embeddings},
  journal = {ACM Transactions on Graphics (TOG)},
  year = {2022},
  volume = {41},
  number = {6},
  pages = {1--19},
}

@misc{38,
  author = {Xu, J and Zhang, W and Bai, Y and others},
  title = {Freeform Body Motion Generation From Speech},
  howpublished = {arXiv preprint arXiv:2203.02291},
  year = {2022},
}

@inproceedings{39,
  title={Gesture2Vec: Clustering gestures using representation learning methods for co-speech gesture generation},
  author={Yazdian, Payam Jome and Chen, Mo and Lim, Angelica},
  booktitle={2022 IEEE/RSJ International Conference on Intelligent Robots and Systems (IROS)},
  pages={3100--3107},
  year={2022},
  organization={IEEE}
}

@inproceedings{40,
  author = {Yang, S and Wu, Z and Li, M and others},
  title = {{QPgesture}: Quantization-Based and Phase-Guided Motion Matching for Natural Speech-Driven Gesture Generation},
  booktitle = {Proceedings of the IEEE/CVF Conference on Computer Vision and Pattern Recognition},
  year = {2023},
  pages = {2321--2330},
}

@inproceedings{41,
  author = {Taylor, S and Windle, J and Greenwood, D and others},
  title = {Speech-Driven Conversational Agents Using Conditional Flow-VAES},
  booktitle = {Proceedings of the 18th ACM SIGGRAPH European Conference on Visual Media Production},
  year = {2021},
  pages = {1--9},
}

@article{42,
  author = {LOPER, M and MAHMOOD, N and ROMERO, J and others},
  title = {{SMPL}: A Skinned Multi-Person Linear Model},
  journal = {ACM Transactions on Graphics(TOG)},
  year = {2015},
  volume = {34},
  number = {6},
  pages = {248},
}

@inproceedings{43,
  author = {PAVLAKOS, G and CHOUTAS, V and GHORBANI, N and others},
  title = {Expressive Body Capture: 3D Hands, Face, and Body from a Single Image},
  booktitle = {Proceedings of the IEEE/CVF Conference on Computer Vision and Pattern Recognition},
  year = {2019},
  pages = {10975--10985},
}

@article{44,
  author = {Zhang, H and Tian, Y and Zhang, Y and others},
  title = {{PYMAF-X}: Towards Well-Aligned Full-Body Model Regression from Monocular Images},
  journal = {IEEE Transactions on Pattern Analysis and Machine Intelligence},
  year = {2023},
}

@inproceedings{45,
  author = {Baevski, Alexei and Zhou, Yuhao and Mohamed, Abdelrahman and Auli, Michael},
  title = {wav2vec 2.0: A Framework for Self-Supervised Learning of Speech Representations},
  booktitle = {Advances in Neural Information Processing Systems},
  year = {2020},
  volume = {33},
  pages = {12449--12460},
}

@inproceedings{46,
  author = {Ng, Evonne and Joo, Hanbyul and Hu, Liwen and Li, Hao and Darrell, Trevor and Kanazawa, Angjoo and Ginosar, Shiry},
  title = {Learning to Listen: Modeling Non-Deterministic Dyadic Facial Motion},
  booktitle = {Computer Vision and Pattern Recognition (CVPR)},
  year = {2022},
  pages = {20395--20405},
}

@inproceedings{47,
  title={Learning hierarchical cross-modal association for co-speech gesture generation},
  author={Liu, Xian and Wu, Qianyi and Zhou, Hang and Xu, Yinghao and Qian, Rui and Lin, Xinyi and Zhou, Xiaowei and Wu, Wayne and Dai, Bo and Zhou, Bolei},
  booktitle={Proceedings of the IEEE/CVF Conference on Computer Vision and Pattern Recognition},
  pages={10462--10472},
  year={2022}
}

@incollection{48,
  title={Objective video quality assessment},
  author={Wang, Zhou and Sheikh, Hamid R and Bovik, Alan C and others},
  booktitle={The handbook of video databases: design and applications},
  volume={41},
  pages={1041--1078},
  year={2003}
}

@inproceedings{49,
  title={Accurate 3d face reconstruction with weakly-supervised learning: From single image to image set},
  author={Deng, Yu and Yang, Jiaolong and Xu, Sicheng and Chen, Dong and Jia, Yunde and Tong, Xin},
  booktitle={Proceedings of the IEEE/CVF conference on computer vision and pattern recognition workshops},
  pages={0--0},
  year={2019}
}
@inproceedings{50,
  title={Collaborative regression of expressive bodies using moderation},
  author={Feng, Yao and Choutas, Vasileios and Bolkart, Timo and Tzionas, Dimitrios and Black, Michael J},
  booktitle={2021 International Conference on 3D Vision (3DV)},
  pages={792--804},
  year={2021},
  organization={IEEE}
}

@inproceedings{51,
  title={Pymaf: 3d human pose and shape regression with pyramidal mesh alignment feedback loop},
  author={Zhang, Hongwen and Tian, Yating and Zhou, Xinchi and Ouyang, Wanli and Liu, Yebin and Wang, Limin and Sun, Zhenan},
  booktitle={Proceedings of the IEEE/CVF international conference on computer vision},
  pages={11446--11456},
  year={2021}
}

@article{52,
  title={Rethinking atrous convolution for semantic image segmentation},
  author={Chen, Liang-Chieh and Papandreou, George and Schroff, Florian and Adam, Hartwig},
  journal={arXiv preprint arXiv:1706.05587},
  year={2017}
}

@inproceedings{53,
  title={Generating diverse and natural 3d human motions from text},
  author={Guo, Chuan and Zou, Shihao and Zuo, Xinxin and Wang, Sen and Ji, Wei and Li, Xingyu and Cheng, Li},
  booktitle={Proceedings of the IEEE/CVF Conference on Computer Vision and Pattern Recognition},
  pages={5152--5161},
  year={2022}
}

@inproceedings{54,
  title={Generating human motion from textual descriptions with discrete representations},
  author={Zhang, Jianrong and Zhang, Yangsong and Cun, Xiaodong and Zhang, Yong and Zhao, Hongwei and Lu, Hongtao and Shen, Xi and Shan, Ying},
  booktitle={Proceedings of the IEEE/CVF conference on computer vision and pattern recognition},
  pages={14730--14740},
  year={2023}
}

@article{55,
  title={Visualizing data using t-SNE.},
  author={Van der Maaten, Laurens and Hinton, Geoffrey},
  journal={Journal of machine learning research},
  volume={9},
  number={11},
  year={2008}
}

@article{56,
  title={Evaluating gesture generation in a large-scale open challenge: The GENEA Challenge 2022},
  author={Kucherenko*, Taras and Wolfert*, Pieter and Yoon*, Youngwoo and Viegas, Carla and Nikolov, Teodor and Tsakov, Mihail and Henter, Gustav Eje},
  journal={ACM Transactions on Graphics},
  volume={43},
  number={3},
  pages={1--28},
  year={2024},
  publisher={ACM New York, NY}
}

@inproceedings{57,
  title={Everything2Motion: Synchronizing Diverse Inputs via a Unified Framework for Human Motion Synthesis},
  author={Fan, Zhaoxin and Ji, Longbin and Xu, Pengxin and Shen, Fan and Chen, Kai},
  booktitle={Proceedings of the AAAI Conference on Artificial Intelligence},
  volume={38},
  number={2},
  pages={1688--1697},
  year={2024}
}