% Please try to put the references in alphabetical order so that we cna easily see if ref. is already there
% mots clés: pas trop long, see (an example only) what I did for the refs I entered, easy to rember without checking all the time (although there is the auto-completion)


@ARTICLE{ios,
  author={M. Sarafanov and N. Nikitin and A. Kalyuzhnaya},
  booktitle={IEEE 19th Annu. Consumer Commun. \& Networking Conf. (CCNC)}, 
  title={Automated Data-Driven Approach for Gap Filling in the Time Series Using Evolutionary Learning}, 
  year={2022},
  volume={},
  month={},
  number={},
  pages={}
}

@ARTICLE{9627832,
  author={K. Tzoumpas and A. Estrada Poggio and P. Miraglio and P. Zambelli},
  journal={IEEE Commun. Mag.}, 
  title={A Data Filling Methodology for Time Series Based on CNN and (Bi)LSTM Neural Networks}, 
  year={2022},
  volume={61},
  number={6},
  pages={86--92}
}

@ARTICLE{8960619,
  author={M. Saad and M. Chaudhary and F. Karray and V. Gaudet},
  journal={IEEE Syst. Man Cybern. Mag.}, 
  title={Machine Learning Based Approaches for Imputation in Time Series Data and Their Impact on Forecasting}, 
  year={2020},
  volume={},
  number={},
  pages={}
}

@misc{FAZEL2023100710,
  title={Long-Term Missing Value Imputation for Time Series Data Using Deep Neural Networks}, 
  author={J. Park and J. Muller and B. Arora and B. Faybishenko and G. Pastorello and C. Varadharajan and R. Sahu and D. Agarwal},
  year={2022},
  eprint={2202.12441},
  archivePrefix={arXiv},
  primaryClass={cs.LG},
  url={https://arxiv.org/abs/2202.12441}
}

@INPROCEEDINGS{9434454,
  author={B. Jaumard and J. Momo Ziazet},
  booktitle={2023 19th Int. Conf. Network Service Manag. (CNSM)}, 
  title={5G E2E Network Slicing Predictable Traffic Generator}, 
  year={2023},
  volume={},
  number={},
  pages={1--7},
  doi={10.23919/CNSM59352.2023.10327908}
}

@INPROCEEDINGS{100,
  author={Y. Xu and K. Zhang and G. Chuai and X. Yang and Z. Xiong},
  booktitle={2023 Cross Strait Radio Sci. Wireless Technol. Conf. (CSRSWTC)}, 
  title={Cellular Traffic Prediction Using Multivariate Time Series LSTM Based on Meteorological Data}, 
  year={2023},
  volume={},
  number={},
  pages={1--3},
  keywords={Wireless communication; Time series analysis; Quality of service; Mean square error methods; Predictive models; Data models; Resource management; Traffic prediction; Meteorological data; Causality diagram; Multivariate LSTM},
  doi={10.1109/CSRSWTC60855.2023.10427105}
}

@ARTICLE{6,
  author={D. Corcoran and P. Kreuger and C. Schulte},
  journal={IEEE/IFIP Netw. Oper. Manag. Symp. (NOMS)}, 
  title={Efficient Real-Time Traffic Generation for 5G RAN}, 
  year={2020},
  volume={},
  number={},
  pages={1--9}
}

@ARTICLE{10268859,
  author={Y.-H. Choi and D. Kim and M. Ko and K.-y. Cheon and S. Park and Y. Kim and H. Yoon and Y.-H. Choi},
  journal={IEEE Commun. Mag.}, 
  title={ML-Based 5G Traffic Generation for Practical Simulations Using Open Datasets}, 
  year={2023},
  volume={61},
  number={9},
  pages={130--136},
  keywords={Wireless communication; Technological innovation; 5G mobile communication; Stochastic processes; Sea measurements; Traffic control; Generators},
  doi={10.1109/MCOM.001.2200679}
}

@ARTICLE{9703352,
  author={D. Kim and M. Ko and S. Kim and S. Moon and K.-Y. Cheon and S. Park and Y. Kim and H. Yoon and Y.-H. Choi},
  journal={IEEE Access}, 
  title={Design and Implementation of Traffic Generation Model and Spectrum Requirement Calculator for Private 5G Network}, 
  year={2022},
  volume={10},
  number={},
  pages={15978--15993},
  keywords={5G mobile communication; Hidden Markov models; Streaming media; Load modeling; Predictive models; Mathematical models; Data models; Generative adversarial network (GAN); Deep learning; 5G traffic; Real traffic trace; Spectrum requirement calculation; Private 5G network; Industrial use cases},
  doi={10.1109/ACCESS.2022.3149050}
}

@INPROCEEDINGS{8936224,
  author={A. Cheng},
  booktitle={2019 IEEE 10th Annu. Inf. Technol. Electronics Mobile Commun. Conf. (IEMCON)}, 
  title={PAC-GAN: Packet Generation of Network Traffic Using Generative Adversarial Networks}, 
  year={2019},
  volume={},
  number={},
  pages={728--734},
  keywords={Prototypes; Telecommunication traffic; Generative adversarial networks; Security; Task analysis; Videos; Testing; Deep Learning; Generative Adversarial Networks; Convolutional Neural Networks; Test Generation; Traffic Generation; Packet Encoding; Network Security; Cyber Security},
  doi={10.1109/IEMCON.2019.8936224}
}

@ARTICLE{atmos14020355,
  author={L. Wijesekara and L. Liyanage},
  title={Mind the Large Gap: Novel Algorithm Using Seasonal Decomposition and Elastic Net Regression to Impute Large Intervals of Missing Data in Air Quality Data},
  journal={Atmosphere},
  volume={14},
  year={2023},
  number={2},
  article-number={355},
  url={https://www.mdpi.com/2073-4433/14/2/355},
  issn={2073-4433},
  doi={10.3390/atmos14020355}
}

@INPROCEEDINGS{9643294,
  author={L. Wijesekara and L. Liyanage},
  booktitle={2021 IEEE 33rd Int. Conf. Tools Artif. Intell. (ICTAI)}, 
  title={Air Quality Data Pre-Processing: A Novel Algorithm to Impute Missing Values in Univariate Time Series}, 
  year={2021},
  volume={},
  number={},
  pages={996--1001},
  keywords={Smoothing methods; Atmospheric modeling; Conferences; Time series analysis; Bidirectional control; Air pollution; Sensors; Imputation; Missing at Random; Missing Completely at Random; Missing Not at Random; Time Series},
  doi={10.1109/ICTAI52525.2021.00159}
}

@misc{MontrealDTS,
  howpublished={\url{https://donnees.montreal.ca/dataset/comptage-vehicules-pietons}}
}

@misc{Telraam,
  author       = {Telraam},
  title        = {Traffic Count Data},
month        = {jan},
  year         = {2024},
  howpublished={\url{https://telraam.net/}}
}

@misc{TelraamApi,
  author={{City of Madrid}},
title        = {Traffic Data},
month        = {jan},
  year         = {2024},
  howpublished={\href{https://datos.madrid.es/portal/site/egob/menuitem.c05c1f754a33a9fbe4b2e4b284f1a5a0/?vgnextoid=33cb30c367e78410VgnVCM1000000b205a0aRCRD&vgnextchannel=374512b9ace9f310VgnVCM100000171f5a0aRCRD&vgnextfmt=default}{https://datos.madrid.es/portal/}}
}

@ARTICLE{Bandara_2021,
   title={{LSTM-MSNet}: Leveraging Forecasts on Sets of Related Time Series With Multiple Seasonal Patterns},
   volume={32},
   number={4},
   journal={IEEE Trans. Neural Networks Learn. Syst.},
   author={K. Bandara and C. Bergmeir and H. Hewamalage},
   year={2021},
   month={Apr}, 
   pages={1586--1599} 
}

@incollection{Bidyuk_2022,
  author={P. Bidyuk and I. Kalinina and A. Gozhyj},
  title={An Approach to Identifying and Filling Data Gaps in Machine Learning Procedures},
  booktitle={Lect. Notes Comput. Intell. Decis. Making},
  publisher={Springer Int. Publ.},
  year={2022},
  editor={S. Babichev and V. Lytvynenko},
  pages={164--176}
}


@article{Khattab_2023,
  author = {A. A. R. Khattab and N. M. Elshennawy and M. Fahmy},
  title = {{GMA}: Gap Imputing Algorithm for Time Series Missing Values},
  journal = {J. Electr. Syst. Inf. Technol.},
  year = {2023},
  volume = {10},
  number = {41}
}

@article{Khayati_2020,
  author = {M. Khayati and A. Lerner and Z. Tymchenko and P. Cudr\'{e}-Mauroux},
  title = {Mind the Gap: An Experimental Evaluation of Imputation of Missing Values Techniques in Time Series},
  journal = {Proc. VLDB Endow.},
  year = {2020},
  volume = {13},
  number = {5},
  pages = {768--782},
  month = {Jan}
}

@incollection{Sarafanov_2022,
  author = {M. Sarafanov and N. Nikitin and A. Kalyuzhnaya},
  title = {Automated Data-Driven Approach for Gap Filling in the Time Series Using Evolutionary Learning},
  booktitle = {Int. Conf. Soft Computing Models Ind. Environ. Appl. (SOCO 2021)},
  publisher = {Springer Int. Publ.},
  year = {2022},
  editor = {H. Sanjurjo González and I. Pastor López and P. García Bringas and H. Quintián and E. Corchado},
  pages = {633--642}
}

@inproceedings{sar_2022,
  author = {M. Sarafanov and N. Nikitin and A. Kalyuzhnaya},
  title = {Automated Data-Driven Approach for Gap Filling in the Time Series Using Evolutionary Learning},
  booktitle = {Ann. Consumer Commun. \& Networking Conf. (CCNC)},
  year = {2022},
  pages = {633--642}
}

@article{9627832,
  author = {K. Tzoumpas and A. Estrada Poggio and P. Miraglio and P. Zambelli},
  title = {A Data Filling Methodology for Time Series Based on CNN and (Bi)LSTM Neural Networks},
  journal = {IEEE Commun. Mag.},
  year = {2022},
  volume = {61},
  number = {6},
  pages = {86--92}
}

@article{Zhang_2022,
  author = {X. Zhang and Y. Zhang and X. Wei and Y. Hu and B. Yin},
  title = {Traffic Forecasting with Missing Data via Low Rank Dynamic Mode Decomposition of Tensor},
  journal = {IET Intell. Transp. Syst.},
  year = {2022},
  volume = {16},
  issue = {9},
  pages = {1164--1176},
  month = {Sep}
}

@article{yan_2023,
  author = {S. Yang and S. Guo and J. Zhao and F. Shen},
  title = {Investigating the Effectiveness of Data Augmentation from Similarity and Diversity: An Empirical Study},
  journal = {Pattern Recognit.},
  year = {2023},
  volume = {148},
  pages = {110204},
  month = {Apr}
}

@article{article,
  author = {K. Sutiene and G. Vilutis and D. Sandonavicius},
  title = {Forecasting of GRID Job Waiting Time from Imputed Time Series},
  journal = {Electron. and Electr. Eng.},
  year = {2011},
  volume = {114},
  pages = {},
  month = {Nov},
  doi = {10.5755/j01.eee.114.8.706}
}
@misc{article2,
    author = {S. Moritz and A. Sardá-Espinosa and T. Bartz-Beielstein and M. Zaefferer and J. Stork},
    title = {Comparison of Different Methods for Univariate Time Series Imputation in R},
    year = {2015},
    eprint = {1510.03924},
    archivePrefix = {arXiv},
    primaryClass = {stat.AP},
    url = {https://arxiv.org/abs/1510.03924}
}


@inproceedings{article3,
  author = {K. Wellenzohn and M. Böhlen and A. Dignös and J. Gamper and H. Mitterer},
  title = {Continuous Imputation of Missing Values in Streams of Pattern-Determining Time Series},
  year = {2017},
  month = {Mar},
  pages = {}
}

@article{JUNNINEN20042895,
  author = {H. Junninen and H. Niska and K. Tuppurainen and J. Ruuskanen and M. Kolehmainen},
  title = {Methods for Imputation of Missing Values in Air Quality Data Sets},
  journal = {Atmos. Environ.},
  year = {2004},
  volume = {38},
  number = {18},
  pages = {2895--2907},
  issn = {1352-2310},
  doi = {https://doi.org/10.1016/j.atmosenv.2004.02.026},
  url = {https://www.sciencedirect.com/science/article/pii/S1352231004001815}
}

@article{Tarsitano2011,
  author = {A. Tarsitano and M. Falcone},
  title = {Missing-Values Adjustment for Mixed-Type Data},
  journal = {J. Probab. Stat.},
  year = {2011},
  month = {Aug},
  day = {23},
  volume = {2011},
  pages = {290380},
  issn = {1687-952X},
  doi = {10.1155/2011/290380},
  url = {https://doi.org/10.1155/2011/290380}
}

@article{DONDERS20061087,
  author = {A. R. T. Donders and G. J. M. G. van der Heijden and T. Stijnen and K. G. M. Moons},
  title = {Review: A Gentle Introduction to Imputation of Missing Values},
  journal = {J. Clin. Epidemiol.},
  year = {2006},
  volume = {59},
  number = {10},
  pages = {1087--1091},
  issn = {0895-4356},
  doi = {https://doi.org/10.1016/j.jclinepi.2006.01.014},
  url = {https://www.sciencedirect.com/science/article/pii/S0895435606001971}
}

@inbook{doi:https://doi.org/10.1002/9781119482260.fmatter,
  publisher = {John Wiley \& Sons, Ltd},
  isbn = {9781119482260},
  title = {Front Matter},
  booktitle = {Statistical Analysis with Missing Data, 3rd Ed.},
  pages = {i--xii},
  year = {2019},
  doi = {https://doi.org/10.1002/9781119482260.fmatter},
  url = {https://onlinelibrary.wiley.com/doi/abs/10.1002/9781119482260.fmatter},
  eprint = {https://onlinelibrary.wiley.com/doi/pdf/10.1002/9781119482260.fmatter}
}

@article{10,
  author = {S. Hochreiter and J. Schmidhuber},
  title = {Long Short-Term Memory},
  journal = {Neural Comput.},
  year = {1997},
  month = {Nov},
  volume = {9},
  number = {8},
  pages = {1735--1780},
  issn = {0899-7667},
  doi = {10.1162/neco.1997.9.8.1735},
  url = {https://doi.org/10.1162/neco.1997.9.8.1735},
  eprint = {https://direct.mit.edu/neco/article-pdf/9/8/1735/813796/neco.1997.9.8.1735.pdf}
}

@article{refId0,
  author = {J. Xiang and Z. Qiu and Q. Hao and H. Cao},
  title = {Multi-Time Scale Wind Speed Prediction Based on WT-bi-LSTM},
  journal = {MATEC Web Conf.},
  year = {2020},
  volume = {309},
  pages = {05011},
  doi = {10.1051/matecconf/202030905011},
  url = {https://doi.org/10.1051/matecconf/202030905011}
}



@inbook{15,
  author = {N. P. J. Brockwell and R. A. Davis},
  title = {ARMA Model Identification},
  booktitle = {Linear Models and Time‐Series Analysis},
  chapter = {9},
  pages = {405--442},
  year = {2018},
  publisher = {John Wiley \& Sons, Ltd},
  isbn = {9781119432036},
  doi = {https://doi.org/10.1002/9781119432036.ch9},
  url = {https://onlinelibrary.wiley.com/doi/abs/10.1002/9781119432036.ch9}
}

@article{12,
  author = {P. J. Brockwell and R. A. Davis},
  title = {Biometrics},
  journal = {Biometrics},
  year = {1998},
  volume = {54},
  number = {3},
  pages = {1204--1204},
  publisher = {[Wiley, International Biometric Society]},
  issn = {0006341X, 15410420},
  url = {http://www.jstor.org/stable/2533882},
  urldate = {2024-10-25}
}

@article{a11080123,
  author = {Y. K. Al-Douri and H. Hamodi and J. Lundberg},
  title = {Time Series Forecasting Using a Two-Level Multi-Objective Genetic Algorithm: A Case Study of Maintenance Cost Data for Tunnel Fans},
  journal = {Algorithms},
  year = {2018},
  volume = {11},
  number = {8},
  article-number = {123},
  issn = {1999-4893},
  doi = {10.3390/a11080123},
  url = {https://www.mdpi.com/1999-4893/11/8/123}
}

@article{CHINTALAPUDI2020396,
  author = {N. Chintalapudi and G. Battineni and F. Amenta},
  title = {COVID-19 Virus Outbreak Forecasting of Registered and Recovered Cases after Sixty Day Lockdown in Italy: A Data Driven Model Approach},
  journal = {J. Microbiol., Immunol. Infect.},
  year = {2020},
  volume = {53},
  number = {3},
  pages = {396--403},
  issn = {1684-1182},
  doi = {https://doi.org/10.1016/j.jmii.2020.04.004},
  url = {https://www.sciencedirect.com/science/article/pii/S1684118220300980}
}

@book{Ryabko2019,
  author = {D. Ryabko},
  title = {Asymptotic Nonparametric Statistical Analysis of Stationary Time Series},
  year = {2019},
  publisher = {Springer Int. Publ.},
  location = {Cham, Switzerland},
  doi = {10.1007/978-3-030-12564-6}
}

@article{Eze2020,
  author = {N. M. Eze and O. C. Asogwa and A. O. Obetta and K. C. Ojide and C. I. Okonkwo},
  title = {A Time Series Analysis of Federal Budgetary Allocations to Education Sector in Nigeria (1970-2018)},
  journal = {Am. J. Appl. Math. Stat.},
  year = {2020},
  volume = {8},
  number = {1},
  pages = {1--8}
}




@book{Rebala2019,
  author    = {G. Rebala and A. Ravi and S. Churiwala},
  title     = {An Introduction to Machine Learning},
  year      = {2019},
  publisher = {Springer Int. Publ.},
  location  = {Cham, Switzerland},
  doi       = {10.1007/978-3-030-15729-6}
}

@article{Chen_2018,
  author = {P. Chen and A. Niu and D. Liu and W. Jiang and B. Ma},
  title = {Time Series Forecasting of Temperatures using SARIMA: An Example from Nanjing},
  journal = {IOP Conf. Ser.: Mater. Sci. Eng.},
  year = {2018},
  volume = {394},
  number = {5},
  pages = {052024},
  month = {jul},
  publisher = {IOP Publ.},
  doi = {10.1088/1757-899X/394/5/052024},
  url = {https://dx.doi.org/10.1088/1757-899X/394/5/052024}
}

@inproceedings{20,
  author = {T. Chen and C. Guestrin},
  title = {XGBoost: A Scalable Tree Boosting System},
  booktitle = {Proc. 22nd ACM SIGKDD Int. Conf. Knowl. Discov. Data Min.},
  year = {2016},
  isbn = {9781450342322},
  publisher = {Ass. Comput. Mach.},
  address = {New York, NY, USA},
  pages = {785--794},
  location = {San Francisco, CA, USA},
  url = {https://doi.org/10.1145/2939672.2939785},
  doi = {10.1145/2939672.2939785},
  numpages = {10},
  series = {KDD '16}
}

@article{40,
  author = {A. Trendowicz and R. Jeffery},
  title = {Classification and Regression Trees},
  journal = {Software Project Effort Estimation},
  year = {2014},
  month = {01},
  pages = {295--304},
  isbn = {978-3-319-03628-1},
  doi = {10.1007/978-3-319-03629-8_10}
}

@inproceedings{45,
  author = {A. Gómez-Ríos and J. Luengo and F. Herrera},
  title = {A Study on the Noise Label Influence in Boosting Algorithms: AdaBoost, GBM and XGBoost},
  booktitle = {Proc. 2017 14th Int. Conf. Softw. Eng. Adv.},
  year = {2017},
  month = {06},
  pages = {268--280},
  isbn = {978-3-319-59649-5},
  doi = {10.1007/978-3-319-59650-1_23}
}


@article{Stenger2024,
  author    = {M. Stenger and R. Leppich and I. Foster and S. Kounev and A. Bauer},
  title     = {Evaluation is key: a survey on evaluation measures for synthetic time series},
  journal   = {J. Big Data},
  year      = {2024},
  volume    = {11},
  number    = {1},
  pages     = {66},
  doi       = {10.1186/s40537-024-00924-7},
  url       = {https://doi.org/10.1186/s40537-024-00924-7},
  issn      = {2196-1115}
}

@INPROCEEDINGS{10327908,
  author={B. Jaumard and J. M. Ziazet},
  booktitle={2023 19th Int. Conf. Network Service Manag. (CNSM)}, 
  title={5G E2E Network Slicing Predictable Traffic Generator}, 
  year={2023},
  pages={1--7},
  doi={10.23919/CNSM59352.2023.10327908}
}

@ARTICLE{9808164,
  author={X. Miao and Y. Wu and L. Chen and Y. Gao and J. Yin},
  journal={IEEE Trans. Knowl. Data Eng.}, 
  title={An Experimental Survey of Missing Data Imputation Algorithms}, 
  year={2023},
  volume={35},
  number={7},
  pages={6630--6650},
  keywords={Data models; Deep learning; Machine learning algorithms; Prediction algorithms; Predictive models; Mice; Generative adversarial networks; Data imputation; missing data; missing mechanism; experimental survey; deep learning},
  doi={10.1109/TKDE.2022.3186498}
}

@INPROCEEDINGS{9532728,
  author={S. Sarkar and A. Debnath},
  booktitle={2021 Second Int. Conf. Electronics Sustainable Commun. Systems (ICESC)}, 
  title={Machine Learning for 5G and Beyond: Applications and Future Directions}, 
  year={2021},
  pages={1688--1693},
  keywords={Wireless communication; 6G mobile communication; Machine learning algorithms; 5G mobile communication; Quality of service; Machine learning; Bandwidth; Machine Learning; 5G; D2D; mm-wave; Reinforced Learning; Supervised Learning; Unsupervised Learning; 6G},
  doi={10.1109/ICESC51422.2021.9532728}
}

@incollection{Villani2009,
  author    = {Villani, C{\'e}dric},
  title     = {The Wasserstein distances},
  booktitle = {Optimal Transport: Old and New},
  publisher = {Springer Berlin Heidelberg},
  address   = {Berlin, Heidelberg},
  year      = {2009},
  pages     = {93--111},
  isbn      = {978-3-540-71050-9},
  doi       = {10.1007/978-3-540-71050-9_6},
  url       = {https://doi.org/10.1007/978-3-540-71050-9_6}
}
