% Use this file for citations not found in the ACL Anthology (contained in "anthology.bib").

@article{aneja2021cosmos,
  title={Cosmos: Catching out-of-context misinformation with self-supervised learning},
  author={Aneja, Shivangi and Bregler, Chris and Nie{\ss}ner, Matthias},
  journal={arXiv preprint arXiv:2101.06278},
  year={2021}
}

@inproceedings{xu2024mmooc,
  title={MMOOC: A Multimodal Misinformation Dataset for Out-of-Context News Analysis},
  author={Xu, Qingzheng and Du, Heming and Chen, Huiqiang and Liu, Bo and Yu, Xin},
  booktitle={Australasian Conference on Information Security and Privacy},
  pages={444--459},
  year={2024},
  organization={Springer}
}

@article{qian2023fighting,
  title={Fighting cheapfakes: using a digital media literacy intervention to motivate reverse search of out-of-context visual misinformation},
  author={Qian, Sijia and Shen, Cuihua and Zhang, Jingwen},
  journal={Journal of Computer-Mediated Communication},
  volume={28},
  number={1},
  pages={zmac024},
  year={2023},
  publisher={Oxford University Press}
}

@inproceedings{qi2024sniffer,
  title={SNIFFER: Multimodal Large Language Model for Explainable Out-of-Context Misinformation Detection},
  author={Qi, Peng and Yan, Zehong and Hsu, Wynne and Lee, Mong Li},
  booktitle={Proceedings of the IEEE/CVF Conference on Computer Vision and Pattern Recognition},
  pages={13052--13062},
  year={2024}
}

@article{dufour2024ammeba,
  title={AMMeBa: A Large-Scale Survey and Dataset of Media-Based Misinformation In-The-Wild},
  author={Dufour, Nicholas and Pathak, Arkanath and Samangouei, Pouya and Hariri, Nikki and Deshetti, Shashi and Dudfield, Andrew and Guess, Christopher and Escayola, Pablo Hern{\'a}ndez and Tran, Bobby and Babakar, Mevan and others},
  journal={arXiv preprint arXiv:2405.11697},
  year={2024}
}

@article{abdin2024phi,
  title={Phi-3 technical report: A highly capable language model locally on your phone},
  author={Abdin, Marah and Jacobs, Sam Ade and Awan, Ammar Ahmad and Aneja, Jyoti and Awadallah, Ahmed and Awadalla, Hany and Bach, Nguyen and Bahree, Amit and Bakhtiari, Arash and Behl, Harkirat and others},
  journal={arXiv preprint arXiv:2404.14219},
  year={2024}
}

@inproceedings{rosenthol2022c2pa,
  title={C2PA: the world’s first industry standard for content provenance (Conference Presentation)},
  author={Rosenthol, Leonard},
  booktitle={Applications of Digital Image Processing XLV},
  volume={12226},
  pages={122260P},
  year={2022},
  organization={SPIE}
}

@article{abid2019gradio,
  title={Gradio: Hassle-free sharing and testing of ml models in the wild},
  author={Abid, Abubakar and Abdalla, Ali and Abid, Ali and Khan, Dawood and Alfozan, Abdulrahman and Zou, James},
  journal={arXiv preprint arXiv:1906.02569},
  year={2019}
}

@article{newman2023misinformed,
  title={Misinformed by images: How images influence perceptions of truth and what can be done about it},
  author={Newman, Eryn J and Schwarz, Norbert},
  journal={Current Opinion in Psychology},
  pages={101778},
  year={2023},
  publisher={Elsevier}
}

@article{yang2023visual,
  title={Visual misinformation on Facebook},
  author={Yang, Yunkang and Davis, Trevor and Hindman, Matthew},
  journal={Journal of Communication},
  volume={73},
  number={4},
  pages={316--328},
  year={2023},
  publisher={Oxford University Press}
}

@article{li2020picture,
  title={Is a picture worth a thousand words? An empirical study of image content and social media engagement},
  author={Li, Yiyi and Xie, Ying},
  journal={Journal of marketing research},
  volume={57},
  number={1},
  pages={1--19},
  year={2020},
  publisher={Sage Publications Sage CA: Los Angeles, CA}
}

@article{abell2023digital,
  title={Digital engagement on social media: how food image content influences social media and influencer marketing outcomes},
  author={Abell, Annika and Biswas, Dipayan},
  journal={Journal of Interactive Marketing},
  volume={58},
  number={1},
  pages={1--15},
  year={2023},
  publisher={SAGE Publications Sage CA: Los Angeles, CA}
}

@inproceedings{micallef2022cross,
  title={Cross-platform multimodal misinformation: Taxonomy, characteristics and detection for textual posts and videos},
  author={Micallef, Nicholas and Sandoval-Casta{\~n}eda, Marcelo and Cohen, Adi and Ahamad, Mustaque and Kumar, Srijan and Memon, Nasir},
  booktitle={Proceedings of the International AAAI Conference on Web and Social Media},
  volume={16},
  pages={651--662},
  year={2022}
}

@inproceedings{bu2023combating,
  title={Combating online misinformation videos: Characterization, detection, and future directions},
  author={Bu, Yuyan and Sheng, Qiang and Cao, Juan and Qi, Peng and Wang, Danding and Li, Jintao},
  booktitle={Proceedings of the 31st ACM International Conference on Multimedia},
  pages={8770--8780},
  year={2023}
}

@article{hartwig2024landscape,
  title={The Landscape of User-centered Misinformation Interventions-A Systematic Literature Review},
  author={Hartwig, Katrin and Doell, Frederic and Reuter, Christian},
  journal={ACM Computing Surveys},
  volume={56},
  number={11},
  pages={1--36},
  year={2024},
  publisher={ACM New York, NY}
}

@misc{newspaper4k, 
    title={Newspaper4k},
    subtitle={Extraction of Articles, Titles, and Metadata from News Websites (a fork of the beloved Newspaper3k, ) },
    url={https://github.com/AndyTheFactory/newspaper4k}, 
    journal={GitHub}, 
    author={Paraschiv, Andrei}
}

@misc{newslit, 
    title={COVID-19 video taken out of context}, 
    url={https://newslit.org/tips-tools/covid-19-video-out-of-context/}, 
    author={{News Literacy Project}}
}

@article{farid2022creating,
  title={Creating, using, misusing, and detecting deep fakes},
  author={Farid, Hany},
  journal={Journal of Online Trust and Safety},
  volume={1},
  number={4},
  year={2022}
}

@article{papadopoulos2024similarity,
  title={Similarity over Factuality: Are we making progress on multimodal out-of-context misinformation detection?},
  author={Papadopoulos, Stefanos-Iordanis and Koutlis, Christos and Papadopoulos, Symeon and Petrantonakis, Panagiotis C},
  journal={arXiv preprint arXiv:2407.13488},
  year={2024}
}

@inproceedings{abdelnabi2022open,
  title={Open-domain, content-based, multi-modal fact-checking of out-of-context images via online resources},
  author={Abdelnabi, Sahar and Hasan, Rakibul and Fritz, Mario},
  booktitle={Proceedings of the IEEE/CVF conference on computer vision and pattern recognition},
  pages={14940--14949},
  year={2022}
}

@article{agarwal2019analysis,
  title={Analysis of classifiers for fake news detection},
  author={Agarwal, Vasu and Sultana, H Parveen and Malhotra, Srijan and Sarkar, Amitrajit},
  journal={Procedia Computer Science},
  volume={165},
  pages={377--383},
  year={2019},
  publisher={Elsevier}
}

@article{aimeur2023fake,
  title={Fake news, disinformation and misinformation in social media: a review},
  author={A{\"\i}meur, Esma and Amri, Sabrine and Brassard, Gilles},
  journal={Social Network Analysis and Mining},
  volume={13},
  number={1},
  pages={30},
  year={2023},
  publisher={Springer}
}

@inproceedings{sherman2021designing,
  title={Designing media provenance indicators to combat fake media},
  author={Sherman, Imani N and Stokes, Jack W and Redmiles, Elissa M},
  booktitle={Proceedings of the 24th International Symposium on Research in Attacks, Intrusions and Defenses},
  pages={324--339},
  year={2021}
}

@inproceedings{england2021amp,
  title={Amp: Authentication of media via provenance},
  author={England, Paul and Malvar, Henrique S and Horvitz, Eric and Stokes, Jack W and Fournet, C{\'e}dric and Burke-Aguero, Rebecca and Chamayou, Amaury and Clebsch, Sylvan and Costa, Manuel and Deutscher, John and others},
  booktitle={Proceedings of the 12th ACM Multimedia Systems Conference},
  pages={108--121},
  year={2021}
}

@article{feng2023examining,
  title={Examining the Impact of Provenance-Enabled Media on Trust and Accuracy Perceptions},
  author={Feng, KJ Kevin and Ritchie, Nick and Blumenthal, Pia and Parsons, Andy and Zhang, Amy X},
  journal={Proceedings of the ACM on Human-Computer Interaction},
  volume={7},
  number={CSCW2},
  pages={1--42},
  year={2023},
  publisher={ACM New York, NY, USA}
}

@article{wolf2019huggingface,
  title={Huggingface's transformers: State-of-the-art natural language processing},
  author={Wolf, Thomas and Debut, Lysandre and Sanh, Victor and Chaumond, Julien and Delangue, Clement and Moi, Anthony and Cistac, Pierric and Rault, Tim and Louf, R{\'e}mi and Funtowicz, Morgan and others},
  journal={arXiv preprint arXiv:1910.03771},
  year={2019}
}

@article{xu2024hallucination,
  title={Hallucination is inevitable: An innate limitation of large language models},
  author={Xu, Ziwei and Jain, Sanjay and Kankanhalli, Mohan},
  journal={arXiv preprint arXiv:2401.11817},
  year={2024}
}

@article{gallegos2024bias,
  title={Bias and fairness in large language models: A survey},
  author={Gallegos, Isabel O and Rossi, Ryan A and Barrow, Joe and Tanjim, Md Mehrab and Kim, Sungchul and Dernoncourt, Franck and Yu, Tong and Zhang, Ruiyi and Ahmed, Nesreen K},
  journal={Computational Linguistics},
  pages={1--79},
  year={2024},
  publisher={MIT Press 255 Main Street, 9th Floor, Cambridge, Massachusetts 02142, USA~…}
}

@article{guo2024bias,
  title={Bias in Large Language Models: Origin, Evaluation, and Mitigation},
  author={Guo, Yufei and Guo, Muzhe and Su, Juntao and Yang, Zhou and Zhu, Mengqiu and Li, Hongfei and Qiu, Mengyang and Liu, Shuo Shuo},
  journal={arXiv preprint arXiv:2411.10915},
  year={2024}
}

@article{raza2024mbias,
  title={MBIAS: Mitigating Bias in Large Language Models While Retaining Context},
  author={Raza, Shaina and Raval, Ananya and Chatrath, Veronica},
  journal={arXiv preprint arXiv:2405.11290},
  year={2024}
}

@article{deng2024promoting,
  title={Promoting Equality in Large Language Models: Identifying and Mitigating the Implicit Bias based on Bayesian Theory},
  author={Deng, Yongxin and Qiu, Xihe and Tan, Xiaoyu and Pan, Jing and Jue, Chen and Fang, Zhijun and Xu, Yinghui and Chu, Wei and Qi, Yuan},
  journal={arXiv preprint arXiv:2408.10608},
  year={2024}
}

@article{liu2024emotion,
  title={Emotion detection for misinformation: A review},
  author={Liu, Zhiwei and Zhang, Tianlin and Yang, Kailai and Thompson, Paul and Yu, Zeping and Ananiadou, Sophia},
  journal={Information Fusion},
  pages={102300},
  year={2024},
  publisher={Elsevier}
}

@article{abdali2024multi,
  title={Multi-modal misinformation detection: Approaches, challenges and opportunities},
  author={Abdali, Sara and Shaham, Sina and Krishnamachari, Bhaskar},
  journal={ACM Computing Surveys},
  volume={57},
  number={3},
  pages={1--29},
  year={2024},
  publisher={ACM New York, NY}
}

@inproceedings{cozzolino2024raising,
  title={Raising the Bar of AI-generated Image Detection with CLIP},
  author={Cozzolino, Davide and Poggi, Giovanni and Corvi, Riccardo and Nie{\ss}ner, Matthias and Verdoliva, Luisa},
  booktitle={Proceedings of the IEEE/CVF Conference on Computer Vision and Pattern Recognition},
  pages={4356--4366},
  year={2024}
}