@article{abell2023digital,
  title={Digital engagement on social media: how food image content influences social media and influencer marketing outcomes},
  author={Abell, Annika and Biswas, Dipayan},
  journal={Journal of Interactive Marketing},
  volume={58},
  number={1},
  pages={1--15},
  year={2023},
  publisher={SAGE Publications Sage CA: Los Angeles, CA}
}

@article{aneja2021cosmos,
  title={Cosmos: Catching out-of-context misinformation with self-supervised learning},
  author={Aneja, Shivangi and Bregler, Chris and Nie{\ss}ner, Matthias},
  journal={arXiv preprint arXiv:2101.06278},
  year={2021}
}

@inproceedings{bu2023combating,
  title={Combating online misinformation videos: Characterization, detection, and future directions},
  author={Bu, Yuyan and Sheng, Qiang and Cao, Juan and Qi, Peng and Wang, Danding and Li, Jintao},
  booktitle={Proceedings of the 31st ACM International Conference on Multimedia},
  pages={8770--8780},
  year={2023}
}

@article{dufour2024ammeba,
  title={AMMeBa: A Large-Scale Survey and Dataset of Media-Based Misinformation In-The-Wild},
  author={Dufour, Nicholas and Pathak, Arkanath and Samangouei, Pouya and Hariri, Nikki and Deshetti, Shashi and Dudfield, Andrew and Guess, Christopher and Escayola, Pablo Hern{\'a}ndez and Tran, Bobby and Babakar, Mevan and others},
  journal={arXiv preprint arXiv:2405.11697},
  year={2024}
}

@article{hartwig2024landscape,
  title={The Landscape of User-centered Misinformation Interventions-A Systematic Literature Review},
  author={Hartwig, Katrin and Doell, Frederic and Reuter, Christian},
  journal={ACM Computing Surveys},
  volume={56},
  number={11},
  pages={1--36},
  year={2024},
  publisher={ACM New York, NY}
}

@article{li2020picture,
  title={Is a picture worth a thousand words? An empirical study of image content and social media engagement},
  author={Li, Yiyi and Xie, Ying},
  journal={Journal of marketing research},
  volume={57},
  number={1},
  pages={1--19},
  year={2020},
  publisher={Sage Publications Sage CA: Los Angeles, CA}
}

@inproceedings{micallef2022cross,
  title={Cross-platform multimodal misinformation: Taxonomy, characteristics and detection for textual posts and videos},
  author={Micallef, Nicholas and Sandoval-Casta{\~n}eda, Marcelo and Cohen, Adi and Ahamad, Mustaque and Kumar, Srijan and Memon, Nasir},
  booktitle={Proceedings of the International AAAI Conference on Web and Social Media},
  volume={16},
  pages={651--662},
  year={2022}
}

@article{newman2023misinformed,
  title={Misinformed by images: How images influence perceptions of truth and what can be done about it},
  author={Newman, Eryn J and Schwarz, Norbert},
  journal={Current Opinion in Psychology},
  pages={101778},
  year={2023},
  publisher={Elsevier}
}

@inproceedings{qi2024sniffer,
  title={SNIFFER: Multimodal Large Language Model for Explainable Out-of-Context Misinformation Detection},
  author={Qi, Peng and Yan, Zehong and Hsu, Wynne and Lee, Mong Li},
  booktitle={Proceedings of the IEEE/CVF Conference on Computer Vision and Pattern Recognition},
  pages={13052--13062},
  year={2024}
}

@article{qian2023fighting,
  title={Fighting cheapfakes: using a digital media literacy intervention to motivate reverse search of out-of-context visual misinformation},
  author={Qian, Sijia and Shen, Cuihua and Zhang, Jingwen},
  journal={Journal of Computer-Mediated Communication},
  volume={28},
  number={1},
  pages={zmac024},
  year={2023},
  publisher={Oxford University Press}
}

@inproceedings{xu2024mmooc,
  title={MMOOC: A Multimodal Misinformation Dataset for Out-of-Context News Analysis},
  author={Xu, Qingzheng and Du, Heming and Chen, Huiqiang and Liu, Bo and Yu, Xin},
  booktitle={Australasian Conference on Information Security and Privacy},
  pages={444--459},
  year={2024},
  organization={Springer}
}

@article{yang2023visual,
  title={Visual misinformation on Facebook},
  author={Yang, Yunkang and Davis, Trevor and Hindman, Matthew},
  journal={Journal of Communication},
  volume={73},
  number={4},
  pages={316--328},
  year={2023},
  publisher={Oxford University Press}
}

