@article{Dashdamirov2024,
  title={Comparative Analysis: Violence Recognition from Videos using Computer Vision},
  author={Dursun Dashdamirov},
  journal={2024 IEEE 18th International Conference on Application of Information and Communication Technologies (AICT)},
  year={2024},
  url={https://ieeexplore.ieee.org/abstract/document/10740414}
}

@article{Datta2002,
  title={Person-on-person violence detection in video data},
  author={Ankur Datta and Mubarak Shah and Niels da Vitoria Lobo},
  journal={Object recognition supported by user interaction for service robots},
  year={2002},
  volume={1},
  pages={433-438 vol.1},
  url={https://api.semanticscholar.org/CorpusID:15248732}
}

@article{Mahadevan2010,
  title={Anomaly detection in crowded scenes},
  author={Vijay Mahadevan and Wei-Xin Li and Viral Bhalodia and Nuno Vasconcelos},
  journal={2010 IEEE Computer Society Conference on Computer Vision and Pattern Recognition},
  year={2010},
  pages={1975-1981},
  url={https://api.semanticscholar.org/CorpusID:206591190}
}

@article{Nguyen2005,
  title={Learning and detecting activities from movement trajectories using the hierarchical hidden Markov model},
  author={Nam Thanh Nguyen and Dinh Q. Phung and Svetha Venkatesh and Hung Hai Bui},
  journal={2005 IEEE Computer Society Conference on Computer Vision and Pattern Recognition (CVPR'05)},
  year={2005},
  volume={2},
  pages={955-960 vol. 2},
  url={https://api.semanticscholar.org/CorpusID:7138572}
}

@inproceedings{kim2009,
  title={Observe locally, infer globally: a space-time MRF for detecting abnormal activities with incremental updates},
  author={Kim, Jaechul and Grauman, Kristen},
  booktitle={2009 IEEE conference on computer vision and pattern recognition},
  pages={2921--2928},
  year={2009},
  organization={IEEE}
}

