@Book{knuth:84,
  author = 	 {Donald E. Knuth},
  title = 	 {The {\TeX} Book},
  publisher = 	 {Addison-Wesley},
  year = 	 {1984},
  edition = 	 {15th}
}

@InCollection{boulic:91,
  author = 	 {R. Boulic and O. Renault},
  title = 	 {3D Hierarchies for Animation},
  booktitle = 	 {New Trends in Animation and Visualization},
  publisher =    {John Wiley {\&} Sons ltd.},
  year = 	 {1991},
  editor = 	 {Nadia Magnenat-Thalmann and Daniel Thalmann}
}

@InCollection{smith:99,
  author = 	 {A. Smith and B. Jones},
  title = 	 {On the Complexity of Computing},
  booktitle = 	 {Advances in Computer Science},
  pages = 	 {555--566},
  publisher =    {Publishing Press},
  year = 	 {1999},
  editor = 	 {A. B. Smith-Jones}
}

%%%%%
@article{Dashdamirov2024,
  title={Comparative Analysis: Violence Recognition from Videos using Computer Vision},
  author={Dursun Dashdamirov},
  journal={2024 IEEE 18th International Conference on Application of Information and Communication Technologies (AICT)},
  year={2024},
  url={https://ieeexplore.ieee.org/abstract/document/10740414}
}



@article{Datta2002,
  title={Person-on-person violence detection in video data},
  author={Ankur Datta and Mubarak Shah and Niels da Vitoria Lobo},
  journal={Object recognition supported by user interaction for service robots},
  year={2002},
  volume={1},
  pages={433-438 vol.1},
  url={https://api.semanticscholar.org/CorpusID:15248732}
}

@article{Nguyen2005,
  title={Learning and detecting activities from movement trajectories using the hierarchical hidden Markov model},
  author={Nam Thanh Nguyen and Dinh Q. Phung and Svetha Venkatesh and Hung Hai Bui},
  journal={2005 IEEE Computer Society Conference on Computer Vision and Pattern Recognition (CVPR'05)},
  year={2005},
  volume={2},
  pages={955-960 vol. 2},
  url={https://api.semanticscholar.org/CorpusID:7138572}
}

@inproceedings{kim2009,
  title={Observe locally, infer globally: a space-time MRF for detecting abnormal activities with incremental updates},
  author={Kim, Jaechul and Grauman, Kristen},
  booktitle={2009 IEEE conference on computer vision and pattern recognition},
  pages={2921--2928},
  year={2009},
  organization={IEEE}
}

@article{Mahadevan2010,
  title={Anomaly detection in crowded scenes},
  author={Vijay Mahadevan and Wei-Xin Li and Viral Bhalodia and Nuno Vasconcelos},
  journal={2010 IEEE Computer Society Conference on Computer Vision and Pattern Recognition},
  year={2010},
  pages={1975-1981},
  url={https://api.semanticscholar.org/CorpusID:206591190}
}


@misc{O’Shea2015,
      title={An Introduction to Convolutional Neural Networks}, 
      author={Keiron O’Shea and Ryan Nash},
      year={2015},
      eprint={1511.08458},
      archivePrefix={arXiv},
      primaryClass={cs.NE},
      url={https://arxiv.org/abs/1511.08458}, 
}

@article{Shenfield2020,
  title={A Novel Deep Learning Model for the Detection and Identification of Rolling Element-Bearing Faults},
  author={Alex Shenfield and Martin Howarth},
  journal={Sensors},
  volume={20},
  number={18},
  pages={5112},
  year={2020},
  doi={10.3390/s20185112},
  url={https://doi.org/10.3390/s20185112},
  note={Published: 8 September 2020},
  section={Fault Diagnosis \& Sensors}
}

@misc{Raihan2023,
      title={A Bi-LSTM Autoencoder Framework for Anomaly Detection – A
Case Study of a Wind Power Dataset}, 
      author={Ahmed Shoyeb Raihan and Imtiaz Ahmed},
      year={2023},
      eprint={2303.09703},
      archivePrefix={arXiv},
      primaryClass={cs.LG},
      url={https://arxiv.org/abs/2303.09703}, 
}



@book{Szeliski2010,
author = {Szeliski, Richard},
title = {Computer Vision: Algorithms and Applications},
year = {2010},
isbn = {1848829345},
publisher = {Springer-Verlag},
address = {Berlin, Heidelberg},
edition = {1st},
}

@article{LeCun2015,
author = {LeCun, Yann and Bengio, Y. and Hinton, Geoffrey},
year = {2015},
month = {05},
pages = {436-44},
title = {Deep Learning},
volume = {521},
journal = {Nature},
doi = {10.1038/nature14539}
}

@article{Simonyan2014,
  title={Very Deep Convolutional Networks for Large-Scale Image Recognition},
  author={Karen Simonyan and Andrew Zisserman},
  journal={CoRR},
  year={2014},
  volume={abs/1409.1556},
  url={https://api.semanticscholar.org/CorpusID:14124313}
}

@article{Hochreiter1997,
    author = {Hochreiter, Sepp and Schmidhuber, Jürgen},
    title = {Long Short-Term Memory},
    journal = {Neural Computation},
    volume = {9},
    number = {8},
    pages = {1735-1780},
    year = {1997},
    month = {11},
    issn = {0899-7667},
    doi = {10.1162/neco.1997.9.8.1735},
    url = {https://doi.org/10.1162/neco.1997.9.8.1735},
    eprint = {https://direct.mit.edu/neco/article-pdf/9/8/1735/813796/neco.1997.9.8.1735.pdf},
}

@INPROCEEDINGS{Graves2013,
  author={Graves, Alex and Mohamed, Abdel-rahman and Hinton, Geoffrey},
  booktitle={2013 IEEE International Conference on Acoustics, Speech and Signal Processing}, 
  title={Speech recognition with deep recurrent neural networks}, 
  year={2013},
  volume={},
  number={},
  pages={6645-6649},
  keywords={Speech recognition;Recurrent neural networks;Training;Vectors;Acoustics;Noise;recurrent neural networks;deep neural networks;speech recognition},
  doi={10.1109/ICASSP.2013.6638947}}

@inproceedings{Bahdanau2015,
  title     = {Neural machine translation by jointly learning to align and translate},
  author    = {Bahdanau, Dzmitry and Cho, Kyunghyun and Bengio, Yoshua},
  booktitle = {Proceedings International Conference on Learning Representations (ICLR 2015),
               San Diego, CA, USA, May 7-9, 2015, Conference Track Proceedings},
  journal   = {arXiv preprint arXiv:1409.0473},
  year      = {2015}
}

@inproceedings{Vaswani2017,
  title={Attention is All you Need},
  author={Ashish Vaswani and Noam M. Shazeer and Niki Parmar and Jakob Uszkoreit and Llion Jones and Aidan N. Gomez and Lukasz Kaiser and Illia Polosukhin},
  booktitle={Neural Information Processing Systems},
  year={2017},
  url={https://api.semanticscholar.org/CorpusID:13756489}
}