@String(PAMI = {IEEE Trans. Pattern Anal. Mach. Intell.})
@String(IJCV = {Int. J. Comput. Vis.})
@String(CVPR= {IEEE Conf. Comput. Vis. Pattern Recog.})
@String(ICCV= {Int. Conf. Comput. Vis.})
@String(ECCV= {Eur. Conf. Comput. Vis.})
@String(NIPS= {Adv. Neural Inform. Process. Syst.})
@String(ICPR = {Int. Conf. Pattern Recog.})
@String(BMVC= {Brit. Mach. Vis. Conf.})
@String(TOG= {ACM Trans. Graph.})
@String(TIP  = {IEEE Trans. Image Process.})
@String(TVCG  = {IEEE Trans. Vis. Comput. Graph.})
@String(TMM  = {IEEE Trans. Multimedia})
@String(ACMMM= {ACM Int. Conf. Multimedia})
@String(ICME = {Int. Conf. Multimedia and Expo})
@String(ICASSP=	{ICASSP})
@String(ICIP = {IEEE Int. Conf. Image Process.})
@String(ACCV  = {ACCV})
@String(ICLR = {Int. Conf. Learn. Represent.})
@String(IJCAI = {IJCAI})
@String(PR   = {Pattern Recognition})
@String(AAAI = {AAAI})
@String(CVPRW= {IEEE Conf. Comput. Vis. Pattern Recog. Worksh.})
@String(CSVT = {IEEE Trans. Circuit Syst. Video Technol.})

@String(SPL	= {IEEE Sign. Process. Letters})
@String(VR   = {Vis. Res.})
@String(JOV	 = {J. Vis.})
@String(TVC  = {The Vis. Comput.})
@String(JCST  = {J. Comput. Sci. Tech.})
@String(CGF  = {Comput. Graph. Forum})
@String(CVM = {Computational Visual Media})


@String(PAMI  = {IEEE TPAMI})
@String(IJCV  = {IJCV})
@String(CVPR  = {CVPR})
@String(ICCV  = {ICCV})
@String(ECCV  = {ECCV})
@String(NIPS  = {NeurIPS})
@String(ICPR  = {ICPR})
@String(BMVC  =	{BMVC})
@String(TOG   = {ACM TOG})
@String(TIP   = {IEEE TIP})
@String(TVCG  = {IEEE TVCG})
@String(TCSVT = {IEEE TCSVT})
@String(TMM   =	{IEEE TMM})
@String(ACMMM = {ACM MM})
@String(ICME  =	{ICME})
@String(ICASSP=	{ICASSP})
@String(ICIP  = {ICIP})
@String(ACCV  = {ACCV})
@String(ICLR  = {ICLR})
@String(IJCAI = {IJCAI})
@String(PR = {PR})
@String(AAAI = {AAAI})
@String(CVPRW= {CVPRW})
@String(CSVT = {IEEE TCSVT})



@article{ho2020denoising,
  title={Denoising diffusion probabilistic models},
  author={Ho, Jonathan and Jain, Ajay and Abbeel, Pieter},
  journal={Advances in neural information processing systems},
  volume={33},
  pages={6840--6851},
  year={2020}
}
@article{song2020denoising,
  title={Denoising diffusion implicit models},
  author={Song, Jiaming and Meng, Chenlin and Ermon, Stefano},
  journal={arXiv preprint arXiv:2010.02502},
  year={2020}
}
@inproceedings{chen2022dearkd,
  title={Dearkd: data-efficient early knowledge distillation for vision transformers},
  author={Chen, Xianing and Cao, Qiong and Zhong, Yujie and Zhang, Jing and Gao, Shenghua and Tao, Dacheng},
  booktitle={Proceedings of the IEEE/CVF Conference on Computer Vision and Pattern Recognition},
  pages={12052--12062},
  year={2022}
}

@article{meng2021sdedit,
  title={Sdedit: Guided image synthesis and editing with stochastic differential equations},
  author={Meng, Chenlin and He, Yutong and Song, Yang and Song, Jiaming and Wu, Jiajun and Zhu, Jun-Yan and Ermon, Stefano},
  journal={arXiv preprint arXiv:2108.01073},
  year={2021}
}
@inproceedings{avrahami2022blended,
  title={Blended diffusion for text-driven editing of natural images},
  author={Avrahami, Omri and Lischinski, Dani and Fried, Ohad},
  booktitle={Proceedings of the IEEE/CVF conference on computer vision and pattern recognition},
  pages={18208--18218},
  year={2022}
}
@article{kong2020panns,
  title={Panns: Large-scale pretrained audio neural networks for audio pattern recognition},
  author={Kong, Qiuqiang and Cao, Yin and Iqbal, Turab and Wang, Yuxuan and Wang, Wenwu and Plumbley, Mark D},
  journal={IEEE/ACM Transactions on Audio, Speech, and Language Processing},
  volume={28},
  pages={2880--2894},
  year={2020},
  publisher={IEEE}
}



@inproceedings{xue2021multimodal,
  title={Multimodal knowledge expansion},
  author={Xue, Zihui and Ren, Sucheng and Gao, Zhengqi and Zhao, Hang},
  booktitle={Proceedings of the IEEE/CVF International Conference on Computer Vision},
  pages={854--863},
  year={2021}
}

@inproceedings{peng2019correlation,
  title={Correlation congruence for knowledge distillation},
  author={Peng, Baoyun and Jin, Xiao and Liu, Jiaheng and Li, Dongsheng and Wu, Yichao and Liu, Yu and Zhou, Shunfeng and Zhang, Zhaoning},
  booktitle={Proceedings of the IEEE/CVF International Conference on Computer Vision},
  pages={5007--5016},
  year={2019}
}

@article{voleti2022mcvd,
  title={Mcvd-masked conditional video diffusion for prediction, generation, and interpolation},
  author={Voleti, Vikram and Jolicoeur-Martineau, Alexia and Pal, Chris},
  journal={Advances in neural information processing systems},
  volume={35},
  pages={23371--23385},
  year={2022}
}

@inproceedings{blattmann2023align,
  title={Align your latents: High-resolution video synthesis with latent diffusion models},
  author={Blattmann, Andreas and Rombach, Robin and Ling, Huan and Dockhorn, Tim and Kim, Seung Wook and Fidler, Sanja and Kreis, Karsten},
  booktitle={Proceedings of the IEEE/CVF Conference on Computer Vision and Pattern Recognition},
  pages={22563--22575},
  year={2023}
}

@article{yin2023nuwa,
  title={Nuwa-xl: Diffusion over diffusion for extremely long video generation},
  author={Yin, Shengming and Wu, Chenfei and Yang, Huan and Wang, Jianfeng and Wang, Xiaodong and Ni, Minheng and Yang, Zhengyuan and Li, Linjie and Liu, Shuguang and Yang, Fan and others},
  journal={arXiv preprint arXiv:2303.12346},
  year={2023}
}
@inproceedings{chen2023seine,
  title={Seine: Short-to-long video diffusion model for generative transition and prediction},
  author={Chen, Xinyuan and Wang, Yaohui and Zhang, Lingjun and Zhuang, Shaobin and Ma, Xin and Yu, Jiashuo and Wang, Yali and Lin, Dahua and Qiao, Yu and Liu, Ziwei},
  booktitle={The Twelfth International Conference on Learning Representations},
  year={2023}
}
@article{harvey2022flexible,
  title={Flexible diffusion modeling of long videos},
  author={Harvey, William and Naderiparizi, Saeid and Masrani, Vaden and Weilbach, Christian and Wood, Frank},
  journal={Advances in Neural Information Processing Systems},
  volume={35},
  pages={27953--27965},
  year={2022}
}
@article{wang2023gen,
  title={Gen-l-video: Multi-text to long video generation via temporal co-denoising},
  author={Wang, Fu-Yun and Chen, Wenshuo and Song, Guanglu and Ye, Han-Jia and Liu, Yu and Li, Hongsheng},
  journal={arXiv preprint arXiv:2305.18264},
  year={2023}
}

@article{qiu2023freenoise,
  title={Freenoise: Tuning-free longer video diffusion via noise rescheduling},
  author={Qiu, Haonan and Xia, Menghan and Zhang, Yong and He, Yingqing and Wang, Xintao and Shan, Ying and Liu, Ziwei},
  journal={arXiv preprint arXiv:2310.15169},
  year={2023}
}
@article{kim2024fifo,
  title={FIFO-Diffusion: Generating Infinite Videos from Text without Training},
  author={Kim, Jihwan and Kang, Junoh and Choi, Jinyoung and Han, Bohyung},
  journal={arXiv preprint arXiv:2405.11473},
  year={2024}
}


@inproceedings{Liu2023AudioLDMTG,
  title={AudioLDM: Text-to-Audio Generation with Latent Diffusion Models},
  author={Haohe Liu and Zehua Chen and Yiitan Yuan and Xinhao Mei and Xubo Liu and Danilo P. Mandic and Wenwu Wang and MarkD . Plumbley},
  booktitle={International Conference on Machine Learning},
  year={2023},
  url={https://api.semanticscholar.org/CorpusID:256390486}
}


@article{ghosal2023text,
  title={Text-to-audio generation using instruction-tuned llm and latent diffusion model},
  author={Ghosal, Deepanway and Majumder, Navonil and Mehrish, Ambuj and Poria, Soujanya},
  journal={arXiv preprint arXiv:2304.13731},
  year={2023}
}

@article{Huang2023MakeAnAudio2T,
  title={Make-An-Audio 2: Temporal-Enhanced Text-to-Audio Generation},
  author={Jia-Bin Huang and Yi Ren and Rongjie Huang and Dongchao Yang and Zhenhui Ye and Chen Zhang and Jinglin Liu and Xiang Yin and Zejun Ma and Zhou Zhao},
  journal={ArXiv},
  year={2023}
}

@inproceedings{Evans2024FastTL,
  title={Fast Timing-Conditioned Latent Audio Diffusion},
  author={Zach Evans and CJ Carr and Josiah Taylor and Scott H. Hawley and Jordi Pons},
  booktitle={ICML 2024},
  year={2024}
}

@article{Huang2023Noise2MusicTM,
  title={Noise2Music: Text-conditioned Music Generation with Diffusion Models},
  author={Qingqing Huang and Daniel S. Park and Tao Wang and Timo I. Denk and Andy Ly and Nanxin Chen and Zhengdong Zhang and Zhishuai Zhang and Jiahui Yu and Christian Havn{\o} Frank and Jesse Engel and Quoc V. Le and William Chan and Wei Han},
  journal={ArXiv},
  year={2023},
  volume={abs/2302.03917},
  url={https://api.semanticscholar.org/CorpusID:256662408}
}




@article{liu2024audioldm,
  title={Audioldm 2: Learning holistic audio generation with self-supervised pretraining},
  author={Liu, Haohe and Yuan, Yi and Liu, Xubo and Mei, Xinhao and Kong, Qiuqiang and Tian, Qiao and Wang, Yuping and Wang, Wenwu and Wang, Yuxuan and Plumbley, Mark D},
  journal={IEEE/ACM Transactions on Audio, Speech, and Language Processing},
  year={2024},
  publisher={IEEE}
}

@article{ho2022video,
  title={Video diffusion models},
  author={Ho, Jonathan and Salimans, Tim and Gritsenko, Alexey and Chan, William and Norouzi, Mohammad and Fleet, David J},
  journal={Advances in Neural Information Processing Systems},
  volume={35},
  pages={8633--8646},
  year={2022}
}

@article{he2022latent,
  title={Latent video diffusion models for high-fidelity long video generation},
  author={He, Yingqing and Yang, Tianyu and Zhang, Yong and Shan, Ying and Chen, Qifeng},
  journal={arXiv preprint arXiv:2211.13221},
  year={2022}
}

@article{videoworldsimulators2024,
  title={Video generation models as world simulators},
  author={Tim Brooks and Bill Peebles and Connor Holmes and Will DePue and Yufei Guo and Li Jing and David Schnurr and Joe Taylor and Troy Luhman and Eric Luhman and Clarence Ng and Ricky Wang and Aditya Ramesh},
 journal={OpenReview},
  year={2024},

  url={https://openai.com/research/video-generation-models-as-world-simulators},
}



@inproceedings{peebles2023scalable,
  title={Scalable diffusion models with transformers},
  author={Peebles, William and Xie, Saining},
  booktitle={Proceedings of the IEEE/CVF International Conference on Computer Vision},
  pages={4195--4205},
  year={2023}
}

@article{chen2023pixart222,
  title={Pixart-$$\backslash$alpha $: Fast training of diffusion transformer for photorealistic text-to-image synthesis},
  author={Chen, Junsong and Yu, Jincheng and Ge, Chongjian and Yao, Lewei and Xie, Enze and Wu, Yue and Wang, Zhongdao and Kwok, James and Luo, Ping and Lu, Huchuan and others},
  journal={arXiv preprint arXiv:2310.00426},
  year={2023}
}
@article{chen2023pixart,
  title={Pixart-$\alpha$: Fast training of diffusion transformer for photorealistic text-to-image synthesis},
  author={Chen, Junsong and Yu, Jincheng and Ge, Chongjian and Yao, Lewei and Xie, Enze and Wu, Yue and Wang, Zhongdao and Kwok, James and Luo, Ping and Lu, Huchuan and others},
  journal={arXiv preprint arXiv:2310.00426},
  year={2023}
}

@article{yang2023denoising,
  title={Denoising diffusion step-aware models},
  author={Yang, Shuai and Chen, Yukang and Wang, Luozhou and Liu, Shu and Chen, Yingcong},
  journal={arXiv preprint arXiv:2310.03337},
  year={2023}
}

@article{kim2024leveraging,
  title={Leveraging early-stage robustness in diffusion models for efficient and high-quality image synthesis},
  author={Kim, Yulhwa and Jo, Dongwon and Jeon, Hyesung and Kim, Taesu and Ahn, Daehyun and Kim, Hyungjun and others},
  journal={Advances in Neural Information Processing Systems},
  volume={36},
  year={2024}
}


@article{Zhang2023AddingCC,
  title={Adding Conditional Control to Text-to-Image Diffusion Models},
  author={Lvmin Zhang and Anyi Rao and Maneesh Agrawala},
  journal={2023 IEEE/CVF International Conference on Computer Vision (ICCV)},
  year={2023},
  pages={3813-3824},
  url={https://api.semanticscholar.org/CorpusID:256827727}
}

@article{Avrahami2022BlendedLD,
  title={Blended Latent Diffusion},
  author={Omri Avrahami and Ohad Fried and Dani Lischinski},
  journal={ACM Transactions on Graphics (TOG)},
  year={2022},
  volume={42},
  pages={1 - 11}
}

@article{Yang2024MasteringTD,
  title={Mastering Text-to-Image Diffusion: Recaptioning, Planning, and Generating with Multimodal LLMs},
  author={Ling Yang and Zhaochen Yu and Chenlin Meng and Minkai Xu and Stefano Ermon and Bin Cui},
  journal={ArXiv},
  year={2024},
  volume={abs/2401.11708},
  url={https://api.semanticscholar.org/CorpusID:267068823}
}


@inproceedings{lu2024autoregressive,
  title={Autoregressive Omni-Aware Outpainting for Open-Vocabulary 360-Degree Image Generation},
  author={Lu, Zhuqiang and Hu, Kun and Wang, Chaoyue and Bai, Lei and Wang, Zhiyong},
  booktitle={Proceedings of the AAAI Conference on Artificial Intelligence},
  volume={38},
  number={13},
  pages={14211--14219},
  year={2024}
}


@article{Tang2023MVDiffusionEH,
  title={MVDiffusion: Enabling Holistic Multi-view Image Generation with Correspondence-Aware Diffusion},
  author={Shitao Tang and Fuyang Zhang and Jiacheng Chen and Peng Wang and Yasutaka Furukawa},
  journal={ArXiv},
  year={2023}
}

@inproceedings{zhang2024taming,
  title={Taming Stable Diffusion for Text to 360$^\circ$ Panorama Image Generation},
  author={Zhang, Cheng and Wu, Qianyi and Gambardella, Camilo Cruz and Huang, Xiaoshui and Phung, Dinh and Ouyang, Wanli and Cai, Jianfei},
  booktitle={Proceedings of the IEEE/CVF Conference on Computer Vision and Pattern Recognition},
  pages={6347--6357},
  year={2024}
}

@article{jimenez2023mixture,
  title={Mixture of diffusers for scene composition and high resolution image generation},
  author={Jim{\'e}nez, {\'A}lvaro Barbero},
  journal={arXiv preprint arXiv:2302.02412},
  year={2023}
}


@inproceedings{Quattrini2024MergingAS,
  title={Merging and Splitting Diffusion Paths for Semantically Coherent Panoramas},
  author={Fabio Quattrini and Vittorio Pippi and Silvia Cascianelli and Rita Cucchiara},
  booktitle={ECCV},
  year={2024}
}



@inproceedings{zhang2023diffcollage,
  title={Diffcollage: Parallel generation of large content with diffusion models},
  author={Zhang, Qinsheng and Song, Jiaming and Huang, Xun and Chen, Yongxin and Liu, Ming-Yu},
  booktitle={2023 IEEE/CVF Conference on Computer Vision and Pattern Recognition (CVPR)},
  pages={10188--10198},
  year={2023},
  organization={IEEE}
}

@inproceedings{BarTal2023MultiDiffusionFD,
  title={MultiDiffusion: Fusing Diffusion Paths for Controlled Image Generation},
  author={Omer Bar-Tal and Lior Yariv and Yaron Lipman and Tali Dekel},
  booktitle={International Conference on Machine Learning},
  year={2023}
}


@article{lu2024fit,
  title={Fit: Flexible vision transformer for diffusion model},
  author={Lu, Zeyu and Wang, Zidong and Huang, Di and Wu, Chengyue and Liu, Xihui and Ouyang, Wanli and Bai, Lei},
  journal={arXiv preprint arXiv:2402.12376},
  year={2024}
}

@article{Kim2024FIFODiffusionGI,
  title={FIFO-Diffusion: Generating Infinite Videos from Text without Training},
  author={Jihwan Kim and Junoh Kang and Jinyoung Choi and Bohyung Han},
  journal={ArXiv},
  year={2024},
  volume={abs/2405.11473},
  url={https://api.semanticscholar.org/CorpusID:269922048}
}

@inproceedings{
anonymous2024flexoundit,
title={{FLEXOUNDIT}: {VARIABLE}-{LENGTH} {DIFFUSION} {TRANSFORMER} {FOR} {TEXT}-{TO}-{AUDIO} {GENERATION}},
author={Anonymous},
booktitle={Submitted to The Thirteenth International Conference on Learning Representations},
year={2024},
url={https://openreview.net/forum?id=6Tyo0yCCez},
note={under review}
}

@inproceedings{
anonymous2024infiniteaudio,
title={InfiniteAudio: Infinite-Length Audio Generation with Consistent Acoustic Attributes},
author={Anonymous},
booktitle={Submitted to The Thirteenth International Conference on Learning Representations},
year={2024},
url={https://openreview.net/forum?id=Hp6f6VKAeP},
note={under review}
}




@inproceedings{radford2021learning,
  title={Learning transferable visual models from natural language supervision},
  author={Radford, Alec and Kim, Jong Wook and Hallacy, Chris and Ramesh, Aditya and Goh, Gabriel and Agarwal, Sandhini and Sastry, Girish and Askell, Amanda and Mishkin, Pamela and Clark, Jack and others},
  booktitle={International conference on machine learning},
  pages={8748--8763},
  year={2021},
  organization={PMLR}
}

@inproceedings{wu2023large,
  title={Large-scale contrastive language-audio pretraining with feature fusion and keyword-to-caption augmentation},
  author={Wu, Yusong and Chen, Ke and Zhang, Tianyu and Hui, Yuchen and Berg-Kirkpatrick, Taylor and Dubnov, Shlomo},
  booktitle={ICASSP 2023-2023 IEEE International Conference on Acoustics, Speech and Signal Processing (ICASSP)},
  pages={1--5},
  year={2023}
}


@article{chung2024scaling,
  title={Scaling instruction-finetuned language models},
  author={Chung, Hyung Won and Hou, Le and Longpre, Shayne and Zoph, Barret and Tay, Yi and Fedus, William and Li, Yunxuan and Wang, Xuezhi and Dehghani, Mostafa and Brahma, Siddhartha and others},
  journal={Journal of Machine Learning Research},
  volume={25},
  number={70},
  pages={1--53},
  year={2024}
}

@article{radford2019language,
  title={Language models are unsupervised multitask learners},
  author={Radford, Alec and Wu, Jeffrey and Child, Rewon and Luan, David and Amodei, Dario and Sutskever, Ilya and others},
  journal={OpenAI blog},
  volume={1},
  number={8},
  pages={9},
  year={2019}
}


@inproceedings{esser2024scaling,
  title={Scaling rectified flow transformers for high-resolution image synthesis},
  author={Esser, Patrick and Kulal, Sumith and Blattmann, Andreas and Entezari, Rahim and M{\"u}ller, Jonas and Saini, Harry and Levi, Yam and Lorenz, Dominik and Sauer, Axel and Boesel, Frederic and others},
  booktitle={Forty-first international conference on machine learning},
  year={2024}
}

@inproceedings{kingma2013auto,
  author       = {Diederik P. Kingma and
                  Max Welling},
  title        = {Auto-Encoding Variational Bayes},
  booktitle    = {2nd International Conference on Learning Representations, {ICLR} 2014},
  year         = {2014},
  url          = {http://arxiv.org/abs/1312.6114},
}

@article{podell2023sdxl,
  title={Sdxl: Improving latent diffusion models for high-resolution image synthesis},
  author={Podell, Dustin and English, Zion and Lacey, Kyle and Blattmann, Andreas and Dockhorn, Tim and M{\"u}ller, Jonas and Penna, Joe and Rombach, Robin},
  journal={arXiv preprint arXiv:2307.01952},
  year={2023}
}

@software{opensora,
  author = {Zangwei Zheng and Xiangyu Peng and Tianji Yang and Chenhui Shen and Shenggui Li and Hongxin Liu and Yukun Zhou and Tianyi Li and Yang You},
  title = {Open-Sora: Democratizing Efficient Video Production for All},
  month = {March},
  year = {2024},
  url = {https://github.com/hpcaitech/Open-Sora}
}



@inproceedings{chen2021learning,
  title={Learning continuous image representation with local implicit image function},
  author={Chen, Yinbo and Liu, Sifei and Wang, Xiaolong},
  booktitle={Proceedings of the IEEE/CVF conference on computer vision and pattern recognition},
  pages={8628--8638},
  year={2021}
}

@article{van2017neural,
  title={Neural discrete representation learning},
  author={Van Den Oord, Aaron and Vinyals, Oriol and others},
  journal={Advances in neural information processing systems},
  volume={30},
  year={2017}
}

@article{defossez2022high,
  title={High fidelity neural audio compression},
  author={D{\'e}fossez, Alexandre and Copet, Jade and Synnaeve, Gabriel and Adi, Yossi},
  journal={arXiv preprint arXiv:2210.13438},
  year={2022}
}

@article{Avrahami2021BlendedDF,
  title={Blended Diffusion for Text-driven Editing of Natural Images},
  author={Omri Avrahami and Dani Lischinski and Ohad Fried},
  journal={2022 IEEE/CVF Conference on Computer Vision and Pattern Recognition (CVPR)},
  year={2021},
  pages={18187-18197}
}

@inproceedings{esser2021taming,
  title={Taming transformers for high-resolution image synthesis},
  author={Esser, Patrick and Rombach, Robin and Ommer, Bjorn},
  booktitle={Proceedings of the IEEE/CVF conference on computer vision and pattern recognition},
  pages={12873--12883},
  year={2021}
}

@article{lee2023syncdiffusion,
  title={Syncdiffusion: Coherent montage via synchronized joint diffusions},
  author={Lee, Yuseung and Kim, Kunho and Kim, Hyunjin and Sung, Minhyuk},
  journal={Advances in Neural Information Processing Systems},
  volume={36},
  pages={50648--50660},
  year={2023}
}

@article{tang2023emergent,
  title={Emergent correspondence from image diffusion},
  author={Tang, Luming and Jia, Menglin and Wang, Qianqian and Phoo, Cheng Perng and Hariharan, Bharath},
  journal={Advances in Neural Information Processing Systems},
  volume={36},
  pages={1363--1389},
  year={2023}
}

@article{agostinelli2023musiclm,
  title={Musiclm: Generating music from text},
  author={Agostinelli, Andrea and Denk, Timo I and Borsos, Zal{\'a}n and Engel, Jesse and Verzetti, Mauro and Caillon, Antoine and Huang, Qingqing and Jansen, Aren and Roberts, Adam and Tagliasacchi, Marco and others},
  journal={arXiv preprint arXiv:2301.11325},
  year={2023}
}

@inproceedings{copet2023simple,
    title={Simple and Controllable Music Generation},
    author={Jade Copet and Felix Kreuk and Itai Gat and Tal Remez and David Kant and Gabriel Synnaeve and Yossi Adi and Alexandre Défossez},
    booktitle={Thirty-seventh Conference on Neural Information Processing Systems},
    year={2023},
}

@article{borsos2023audiolm,
  title={Audiolm: a language modeling approach to audio generation},
  author={Borsos, Zal{\'a}n and Marinier, Rapha{\"e}l and Vincent, Damien and Kharitonov, Eugene and Pietquin, Olivier and Sharifi, Matt and Roblek, Dominik and Teboul, Olivier and Grangier, David and Tagliasacchi, Marco and others},
  journal={IEEE/ACM transactions on audio, speech, and language processing},
  volume={31},
  pages={2523--2533},
  year={2023},
}

@article{evans2024long,
  title={Long-form music generation with latent diffusion},
  author={Evans, Zach and Parker, Julian D and Carr, CJ and Zukowski, Zack and Taylor, Josiah and Pons, Jordi},
  journal={arXiv preprint arXiv:2404.10301},
  year={2024}
}

@article{tan2024litefocus,
  title={LiteFocus: Accelerated Diffusion Inference for Long Audio Synthesis},
  author={Tan, Zhenxiong and Ma, Xinyin and Fang, Gongfan and Wang, Xinchao},
  journal={arXiv preprint arXiv:2407.10468},
  year={2024}
}


@Misc{xFormers2022,
  author =       {Benjamin Lefaudeux and Francisco Massa and Diana Liskovich and Wenhan Xiong and Vittorio Caggiano and Sean Naren and Min Xu and Jieru Hu and Marta Tintore and Susan Zhang and Patrick Labatut and Daniel Haziza and Luca Wehrstedt and Jeremy Reizenstein and Grigory Sizov},
  title =        {xFormers: A modular and hackable Transformer modelling library},
  howpublished = {\url{https://github.com/facebookresearch/xformers}},
  year =         {2022}
}
@article{song2020score,
  title={Score-based generative modeling through stochastic differential equations},
  author={Song, Yang and Sohl-Dickstein, Jascha and Kingma, Diederik P and Kumar, Abhishek and Ermon, Stefano and Poole, Ben},
  journal={arXiv preprint arXiv:2011.13456},
  year={2020}
}

@article{dao2022flashattention,
  title={Flashattention: Fast and memory-efficient exact attention with io-awareness},
  author={Dao, Tri and Fu, Dan and Ermon, Stefano and Rudra, Atri and R{\'e}, Christopher},
  journal={Advances in Neural Information Processing Systems},
  volume={35},
  pages={16344--16359},
  year={2022}
}

@article{junginfiniteaudio,
  title={InfiniteAudio: Infinite-Length Audio Generation with Consistent Acoustic Attributes},
  author={Jung, Chaeyoung and Ki, Hojoon and Kim, Ji-Hoon and Chung, Joon Son},
booktitle={OpenReview},
  year={2024}
}

@inproceedings{gao2023masked,
  title={Masked diffusion transformer is a strong image synthesizer},
  author={Gao, Shanghua and Zhou, Pan and Cheng, Ming-Ming and Yan, Shuicheng},
  booktitle={Proceedings of the IEEE/CVF International Conference on Computer Vision},
  pages={23164--23173},
  year={2023}
}

@inproceedings{majumder2024tango,
  title={Tango 2: Aligning diffusion-based text-to-audio generations through direct preference optimization},
  author={Majumder, Navonil and Hung, Chia-Yu and Ghosal, Deepanway and Hsu, Wei-Ning and Mihalcea, Rada and Poria, Soujanya},
  booktitle={Proceedings of the 32nd ACM International Conference on Multimedia},
  pages={564--572},
  year={2024}
}

@article{ghosal2023tango,
  title={Text-to-Audio Generation using Instruction Tuned LLM and Latent Diffusion Model},
  author={Ghosal, Deepanway and Majumder, Navonil and Mehrish, Ambuj and Poria, Soujanya},
  journal={arXiv preprint arXiv:2304.13731},
  year={2023}
}
@article{li2024quality,
  title={Quality-aware Masked Diffusion Transformer for Enhanced Music Generation},
  author={Li, Chang and Wang, Ruoyu and Liu, Lijuan and Du, Jun and Sun, Yixuan and Guo, Zilu and Zhang, Zhenrong and Jiang, Yuan},
  journal={arXiv preprint arXiv:2405.15863},
  year={2024}
}

@inproceedings{kim2019audiocaps,
  title={Audiocaps: Generating captions for audios in the wild},
  author={Kim, Chris Dongjoo and Kim, Byeongchang and Lee, Hyunmin and Kim, Gunhee},
  booktitle={Proceedings of the 2019 Conference of the North American Chapter of the Association for Computational Linguistics: Human Language Technologies, Volume 1 (Long and Short Papers)},
  pages={119--132},
  year={2019}
}


@article{polyak2024movie,
  title={Movie Gen: A Cast of Media Foundation Models},
  author={Polyak, Adam and Zohar, Amit and Brown, Andrew and Tjandra, Andros and Sinha, Animesh and Lee, Ann and Vyas, Apoorv and Shi, Bowen and Ma, Chih-Yao and Chuang, Ching-Yao and others},
  journal={arXiv preprint arXiv:2410.13720},
  year={2024}
}
@inproceedings{zhang2018unreasonable,
  title={The unreasonable effectiveness of deep features as a perceptual metric},
  author={Zhang, Richard and Isola, Phillip and Efros, Alexei A and Shechtman, Eli and Wang, Oliver},
  booktitle={Proceedings of the IEEE conference on computer vision and pattern recognition},
  pages={586--595},
  year={2018}
}

@inproceedings{gatys2016image,
  title={Image style transfer using convolutional neural networks},
  author={Gatys, Leon A and Ecker, Alexander S and Bethge, Matthias},
  booktitle={Proceedings of the IEEE conference on computer vision and pattern recognition},
  pages={2414--2423},
  year={2016}
}

@article{heusel2017gans,
  title={Gans trained by a two time-scale update rule converge to a local nash equilibrium},
  author={Heusel, Martin and Ramsauer, Hubert and Unterthiner, Thomas and Nessler, Bernhard and Hochreiter, Sepp},
  journal={Advances in neural information processing systems},
  volume={30},
  year={2017}
}

@article{binkowski2018demystifying,
  title={Demystifying mmd gans},
  author={Bi{\'n}kowski, Miko{\l}aj and Sutherland, Danica J and Arbel, Michael and Gretton, Arthur},
  journal={arXiv preprint arXiv:1801.01401},
  year={2018}
}
@article{hessel2021clipscore,
  title={Clipscore: A reference-free evaluation metric for image captioning},
  author={Hessel, Jack and Holtzman, Ari and Forbes, Maxwell and Bras, Ronan Le and Choi, Yejin},
  journal={arXiv preprint arXiv:2104.08718},
  year={2021}
}

@article{liu2023audioldm,
  title={Audioldm: Text-to-audio generation with latent diffusion models},
  author={Liu, Haohe and Chen, Zehua and Yuan, Yi and Mei, Xinhao and Liu, Xubo and Mandic, Danilo and Wang, Wenwu and Plumbley, Mark D},
  journal={arXiv preprint arXiv:2301.12503},
  year={2023}
}



@inproceedings{gemmeke2017audio,
  title={Audio set: An ontology and human-labeled dataset for audio events},
  author={Gemmeke, Jort F and Ellis, Daniel PW and Freedman, Dylan and Jansen, Aren and Lawrence, Wade and Moore, R Channing and Plakal, Manoj and Ritter, Marvin},
  booktitle={2017 IEEE international conference on acoustics, speech and signal processing (ICASSP)},
  pages={776--780},
  year={2017},
  organization={IEEE}
}

@article{kong2020hifi,
  title={Hifi-gan: Generative adversarial networks for efficient and high fidelity speech synthesis},
  author={Kong, Jungil and Kim, Jaehyeon and Bae, Jaekyoung},
  journal={Advances in neural information processing systems},
  volume={33},
  pages={17022--17033},
  year={2020}
}

@inproceedings{si2024freeu,
  title={Freeu: Free lunch in diffusion u-net},
  author={Si, Chenyang and Huang, Ziqi and Jiang, Yuming and Liu, Ziwei},
  booktitle={Proceedings of the IEEE/CVF Conference on Computer Vision and Pattern Recognition},
  pages={4733--4743},
  year={2024}
}

@inproceedings{hershey2017cnn,
  title={CNN architectures for large-scale audio classification},
  author={Hershey, Shawn and Chaudhuri, Sourish and Ellis, Daniel PW and Gemmeke, Jort F and Jansen, Aren and Moore, R Channing and Plakal, Manoj and Platt, Devin and Saurous, Rif A and Seybold, Bryan and others},
  booktitle={2017 ieee international conference on acoustics, speech and signal processing (icassp)},
  pages={131--135},
  year={2017},
  organization={IEEE}
}

@article{yang2023diffsound,
  title={Diffsound: Discrete diffusion model for text-to-sound generation},
  author={Yang, Dongchao and Yu, Jianwei and Wang, Helin and Wang, Wen and Weng, Chao and Zou, Yuexian and Yu, Dong},
  journal={IEEE/ACM Transactions on Audio, Speech, and Language Processing},
  volume={31},
  pages={1720--1733},
  year={2023},
  publisher={IEEE}
}
@article{kreuk2022audiogen,
  title={Audiogen: Textually guided audio generation},
  author={Kreuk, Felix and Synnaeve, Gabriel and Polyak, Adam and Singer, Uriel and D{\'e}fossez, Alexandre and Copet, Jade and Parikh, Devi and Taigman, Yaniv and Adi, Yossi},
  journal={arXiv preprint arXiv:2209.15352},
  year={2022}
}

@inproceedings{liu2025panofree,
  title={PanoFree: Tuning-Free Holistic Multi-view Image Generation with Cross-View Self-guidance},
  author={Liu, Aoming and Li, Zhong and Chen, Zhang and Li, Nannan and Xu, Yi and Plummer, Bryan A},
  booktitle={European Conference on Computer Vision},
  pages={146--164},
  year={2025},
  organization={Springer}
}
@inproceedings{rombach2022high,
  title={High-resolution image synthesis with latent diffusion models},
  author={Rombach, Robin and Blattmann, Andreas and Lorenz, Dominik and Esser, Patrick and Ommer, Bj{\"o}rn},
  booktitle={Proceedings of the IEEE/CVF conference on computer vision and pattern recognition},
  pages={10684--10695},
  year={2022}
}


@inproceedings{he2023scalecrafter,
  title={Scalecrafter: Tuning-free higher-resolution visual generation with diffusion models},
  author={He, Yingqing and Yang, Shaoshu and Chen, Haoxin and Cun, Xiaodong and Xia, Menghan and Zhang, Yong and Wang, Xintao and He, Ran and Chen, Qifeng and Shan, Ying},
  booktitle={The Twelfth International Conference on Learning Representations},
  year={2023}
}

@inproceedings{du2024demofusion,
  title={Demofusion: Democratising high-resolution image generation with no \$},
  author={Du, Ruoyi and Chang, Dongliang and Hospedales, Timothy and Song, Yi-Zhe and Ma, Zhanyu},
  booktitle={Proceedings of the IEEE/CVF Conference on Computer Vision and Pattern Recognition},
  pages={6159--6168},
  year={2024}
}

