@article{DBLP:journals/corr/abs-1904-04063,
  author       = {Afra Alishahi and
                  Grzegorz Chrupala and
                  Tal Linzen},
  title        = {Analyzing and Interpreting Neural Networks for {NLP:} {A} Report on
                  the First BlackboxNLP Workshop},
  journal      = {CoRR},
  volume       = {abs/1904.04063},
  year         = {2019},
  url          = {http://arxiv.org/abs/1904.04063},
  eprinttype    = {arXiv},
  eprint       = {1904.04063},
  timestamp    = {Thu, 25 Apr 2019 13:55:01 +0200},
  biburl       = {https://dblp.org/rec/journals/corr/abs-1904-04063.bib},
  bibsource    = {dblp computer science bibliography, https://dblp.org}
}

@article{DBLP:journals/corr/abs-1909-10351,
  author       = {Xiaoqi Jiao and
                  Yichun Yin and
                  Lifeng Shang and
                  Xin Jiang and
                  Xiao Chen and
                  Linlin Li and
                  Fang Wang and
                  Qun Liu},
  title        = {TinyBERT: Distilling {BERT} for Natural Language Understanding},
  journal      = {CoRR},
  volume       = {abs/1909.10351},
  year         = {2019},
  url          = {http://arxiv.org/abs/1909.10351},
  eprinttype    = {arXiv},
  eprint       = {1909.10351},
  timestamp    = {Tue, 12 Mar 2024 17:59:55 +0100},
  biburl       = {https://dblp.org/rec/journals/corr/abs-1909-10351.bib},
  bibsource    = {dblp computer science bibliography, https://dblp.org}
}

@article{DBLP:journals/corr/abs-1910-01108,
  author       = {Victor Sanh and
                  Lysandre Debut and
                  Julien Chaumond and
                  Thomas Wolf},
  title        = {DistilBERT, a distilled version of {BERT:} smaller, faster, cheaper
                  and lighter},
  journal      = {CoRR},
  volume       = {abs/1910.01108},
  year         = {2019},
  url          = {http://arxiv.org/abs/1910.01108},
  eprinttype    = {arXiv},
  eprint       = {1910.01108},
  timestamp    = {Tue, 02 Jun 2020 12:48:59 +0200},
  biburl       = {https://dblp.org/rec/journals/corr/abs-1910-01108.bib},
  bibsource    = {dblp computer science bibliography, https://dblp.org}
}

@article{ainslie2023gqa,
  title={Gqa: Training generalized multi-query transformer models from multi-head checkpoints},
  author={Ainslie, Joshua and Lee-Thorp, James and de Jong, Michiel and Zemlyanskiy, Yury and Lebr{\'o}n, Federico and Sanghai, Sumit},
  journal={arXiv preprint arXiv:2305.13245},
  year={2023}
}

@inproceedings{cho2019efficacy,
  title={On the efficacy of knowledge distillation},
  author={Cho, Jang Hyun and Hariharan, Bharath},
  booktitle={Proceedings of the IEEE/CVF international conference on computer vision},
  pages={4794--4802},
  year={2019}
}

@inproceedings{furlanello2018born,
  title={Born again neural networks},
  author={Furlanello, Tommaso and Lipton, Zachary and Tschannen, Michael and Itti, Laurent and Anandkumar, Anima},
  booktitle={International conference on machine learning},
  pages={1607--1616},
  year={2018},
  organization={PMLR}
}

@inproceedings{heo2019knowledge,
  title={Knowledge transfer via distillation of activation boundaries formed by hidden neurons},
  author={Heo, Byeongho and Lee, Minsik and Yun, Sangdoo and Choi, Jin Young},
  booktitle={Proceedings of the AAAI conference on artificial intelligence},
  volume={33},
  pages={3779--3787},
  year={2019}
}

@article{hinton2015distilling,
  title={Distilling the Knowledge in a Neural Network},
  author={Hinton, Geoffrey},
  journal={arXiv preprint arXiv:1503.02531},
  year={2015}
}

@article{huang2017like,
  title={Like what you like: Knowledge distill via neuron selectivity transfer},
  author={Huang, Zehao and Wang, Naiyan},
  journal={arXiv preprint arXiv:1707.01219},
  year={2017}
}

@article{kim2018paraphrasing,
  title={Paraphrasing complex network: Network compression via factor transfer},
  author={Kim, Jangho and Park, SeongUk and Kwak, Nojun},
  journal={Advances in neural information processing systems},
  volume={31},
  year={2018}
}

@article{michel2019sixteen,
  title={Are sixteen heads really better than one?},
  author={Michel, Paul and Levy, Omer and Neubig, Graham},
  journal={Advances in neural information processing systems},
  volume={32},
  year={2019}
}

@inproceedings{mirzadeh2020improved,
  title={Improved knowledge distillation via teacher assistant},
  author={Mirzadeh, Seyed Iman and Farajtabar, Mehrdad and Li, Ang and Levine, Nir and Matsukawa, Akihiro and Ghasemzadeh, Hassan},
  booktitle={Proceedings of the AAAI conference on artificial intelligence},
  volume={34},
  pages={5191--5198},
  year={2020}
}

@inproceedings{park2019relational,
  title={Relational knowledge distillation},
  author={Park, Wonpyo and Kim, Dongju and Lu, Yan and Cho, Minsu},
  booktitle={Proceedings of the IEEE/CVF conference on computer vision and pattern recognition},
  pages={3967--3976},
  year={2019}
}

@inproceedings{peng2019correlation,
  title={Correlation congruence for knowledge distillation},
  author={Peng, Baoyun and Jin, Xiao and Liu, Jiaheng and Li, Dongsheng and Wu, Yichao and Liu, Yu and Zhou, Shunfeng and Zhang, Zhaoning},
  booktitle={Proceedings of the IEEE/CVF International Conference on Computer Vision},
  pages={5007--5016},
  year={2019}
}

@article{shazeer2019fast,
  title={Fast transformer decoding: One write-head is all you need},
  author={Shazeer, Noam},
  journal={arXiv preprint arXiv:1911.02150},
  year={2019}
}

@article{sun2020mobilebert,
  title={Mobilebert: a compact task-agnostic bert for resource-limited devices},
  author={Sun, Zhiqing and Yu, Hongkun and Song, Xiaodan and Liu, Renjie and Yang, Yiming and Zhou, Denny},
  journal={arXiv preprint arXiv:2004.02984},
  year={2020}
}

@article{voita2019analyzing,
  title={Analyzing multi-head self-attention: Specialized heads do the heavy lifting, the rest can be pruned},
  author={Voita, Elena and Talbot, David and Moiseev, Fedor and Sennrich, Rico and Titov, Ivan},
  journal={arXiv preprint arXiv:1905.09418},
  year={2019}
}

@article{wang2020minilm,
  title={Minilm: Deep self-attention distillation for task-agnostic compression of pre-trained transformers},
  author={Wang, Wenhui and Wei, Furu and Dong, Li and Bao, Hangbo and Yang, Nan and Zhou, Ming},
  journal={Advances in Neural Information Processing Systems},
  volume={33},
  pages={5776--5788},
  year={2020}
}

@inproceedings{zhang2018deep,
  title={Deep mutual learning},
  author={Zhang, Ying and Xiang, Tao and Hospedales, Timothy M and Lu, Huchuan},
  booktitle={Proceedings of the IEEE conference on computer vision and pattern recognition},
  pages={4320--4328},
  year={2018}
}

@inproceedings{zhao2022decoupled,
  title={Decoupled knowledge distillation},
  author={Zhao, Borui and Cui, Quan and Song, Renjie and Qiu, Yiyu and Liang, Jiajun},
  booktitle={Proceedings of the IEEE/CVF Conference on computer vision and pattern recognition},
  pages={11953--11962},
  year={2022}
}

