@article{chouard2023,
      title={Deterministic equivalent of the Conjugate Kernel matrix associated to Artificial Neural Networks}, 
      author={Cl√©ment Chouard},
      year={2023},
      eprint={2306.05850},
      archivePrefix={arXiv},
      primaryClass={math.PR},
}

@article{dabo2024,
      title={{A traffic approach for profiled Pennington-Worah matrices}}, 
      author={Issa Dabo and Camille Male},
      year={2024},
      eprint={2409.13433},
      archivePrefix={arXiv},
      primaryClass={math.PR},
}

@misc{dubova2023,
      title={Universality for the global spectrum of random inner-product kernel matrices in the polynomial regime}, 
      author={Sofiia Dubova and Yue M. Lu and Benjamin McKenna and Horng-Tzer Yau},
      year={2023},
      eprint={2310.18280},
      archivePrefix={arXiv},
      primaryClass={math.PR},
}

@misc{lu2023,
      title={An Equivalence Principle for the Spectrum of Random Inner-Product Kernel Matrices with Polynomial Scalings}, 
      author={Yue M. Lu and Horng-Tzer Yau},
      year={2023},
      eprint={2205.06308},
      archivePrefix={arXiv},
      primaryClass={math.PR},
}

@inproceedings{pennington2017,
 author = {Pennington, Jeffrey and Worah, Pratik},
 booktitle = {Advances in Neural Information Processing Systems},
 editor = {I. Guyon and U. Von Luxburg and S. Bengio and H. Wallach and R. Fergus and S. Vishwanathan and R. Garnett},
 pages = {},
 publisher = {Curran Associates, Inc.},
 title = {Nonlinear random matrix theory for deep learning},
 url = {https://proceedings.neurips.cc/paper_files/paper/2017/file/0f3d014eead934bbdbacb62a01dc4831-Paper.pdf},
 volume = {30},
 year = {2017}
}

@inproceedings{schroder2021,
 author = {Piccolo, Vanessa and Schr\"{o}der, Dominik},
 booktitle = {Advances in Neural Information Processing Systems},
 editor = {M. Ranzato and A. Beygelzimer and Y. Dauphin and P.S. Liang and J. Wortman Vaughan},
 pages = {5225--5235},
 publisher = {Curran Associates, Inc.},
 title = {Analysis of one-hidden-layer neural networks via the resolvent method},
 url = {https://proceedings.neurips.cc/paper_files/paper/2021/file/29d74915e1b323676bfc28f91b3c4802-Paper.pdf},
 volume = {34},
 year = {2021}
}

@article{speicher2024,
      title={Entrywise application of non-linear functions on orthogonally invariant matrices}, 
      author={Roland Speicher and Alexander Wendel},
      year={2024},
      eprint={2412.06943},
      archivePrefix={arXiv},
      primaryClass={math.SP},
}

