@article{appagent,
  title={Appagent: Multimodal agents as smartphone users},
  author={Yang, Zhao and Liu, Jiaxuan and Han, Yucheng and Chen, Xin and Huang, Zebiao and Fu, Bin and Yu, Gang},
  journal={arXiv preprint arXiv:2312.13771},
  year={2023}
}

@inproceedings{autodroid,
  title={Autodroid: Llm-powered task automation in android},
  author={Wen, Hao and Li, Yuanchun and Liu, Guohong and Zhao, Shanhui and Yu, Tao and Li, Toby Jia-Jun and Jiang, Shiqi and Liu, Yunhao and Zhang, Yaqin and Liu, Yunxin},
  booktitle={Proceedings of the 30th Annual International Conference on Mobile Computing and Networking},
  pages={543--557},
  year={2023}
}

@article{christianos2024lightweight,
  title={Lightweight Neural App Control},
  author={Christianos, Filippos and Papoudakis, Georgios and Coste, Thomas and Hao, Jianye and Wang, Jun and Shao, Kun},
  journal={arXiv preprint arXiv:2410.17883},
  year={2024}
}

@article{digirl,
  title={Digirl: Training in-the-wild device-control agents with autonomous reinforcement learning},
  author={Bai, Hao and Zhou, Yifei and Cemri, Mert and Pan, Jiayi and Suhr, Alane and Levine, Sergey and Kumar, Aviral},
  journal={arXiv preprint arXiv:2406.11896},
  year={2024}
}

@article{gou2024navigating,
  title={Navigating the digital world as humans do: Universal visual grounding for gui agents},
  author={Gou, Boyu and Wang, Ruohan and Zheng, Boyuan and Xie, Yanan and Chang, Cheng and Shu, Yiheng and Sun, Huan and Su, Yu},
  journal={arXiv preprint arXiv:2410.05243},
  year={2024}
}

@inproceedings{lee2024mobilegpt,
  title={MobileGPT: Augmenting LLM with Human-like App Memory for Mobile Task Automation},
  author={Lee, Sunjae and Choi, Junyoung and Lee, Jungjae and Wasi, Munim Hasan and Choi, Hojun and Ko, Steve and Oh, Sangeun and Shin, Insik},
  booktitle={Proceedings of the 30th Annual International Conference on Mobile Computing and Networking},
  pages={1119--1133},
  year={2024}
}

@article{liu2025infiguiagent,
  title={InfiGUIAgent: A Multimodal Generalist GUI Agent with Native Reasoning and Reflection},
  author={Liu, Yuhang and Li, Pengxiang and Wei, Zishu and Xie, Congkai and Hu, Xueyu and Xu, Xinchen and Zhang, Shengyu and Han, Xiaotian and Yang, Hongxia and Wu, Fei},
  journal={arXiv preprint arXiv:2501.04575},
  year={2025}
}

@article{ma2024comprehensive,
  title={Comprehensive Cognitive LLM Agent for Smartphone GUI Automation},
  author={Ma, Xinbei and Zhang, Zhuosheng and Zhao, Hai},
  journal={arXiv preprint arXiv:2402.11941},
  year={2024}
}

@article{mobileagent,
  title={Mobile-agent: Autonomous multi-modal mobile device agent with visual perception},
  author={Wang, Junyang and Xu, Haiyang and Ye, Jiabo and Yan, Ming and Shen, Weizhou and Zhang, Ji and Huang, Fei and Sang, Jitao},
  journal={arXiv preprint arXiv:2401.16158},
  year={2024}
}

@article{mobileagentv2,
  title={Mobile-Agent-v2: Mobile Device Operation Assistant with Effective Navigation via Multi-Agent Collaboration},
  author={Wang, Junyang and Xu, Haiyang and Jia, Haitao and Zhang, Xi and Yan, Ming and Shen, Weizhou and Zhang, Ji and Huang, Fei and Sang, Jitao},
  journal={arXiv preprint arXiv:2406.01014},
  year={2024}
}

@article{song2024mmac,
  title={Mmac-copilot: Multi-modal agent collaboration operating system copilot},
  author={Song, Zirui and Li, Yaohang and Fang, Meng and Chen, Zhenhao and Shi, Zecheng and Huang, Yuan and Chen, Ling},
  journal={arXiv preprint arXiv:2404.18074},
  year={2024}
}

@article{wang2024distrl,
  title={Distrl: An asynchronous distributed reinforcement learning framework for on-device control agents},
  author={Wang, Taiyi and Wu, Zhihao and Liu, Jianheng and Hao, Jianye and Wang, Jun and Shao, Kun},
  journal={arXiv preprint arXiv:2410.14803},
  year={2024}
}

@article{wang2024oscar,
  title={Oscar: Operating system control via state-aware reasoning and re-planning},
  author={Wang, Xiaoqiang and Liu, Bang},
  journal={arXiv preprint arXiv:2410.18963},
  year={2024}
}

@article{wang2024ponder,
  title={Ponder \& Press: Advancing Visual GUI Agent towards General Computer Control},
  author={Wang, Yiqin and Zhang, Haoji and Tian, Jingqi and Tang, Yansong},
  journal={arXiv preprint arXiv:2412.01268},
  year={2024}
}

