@incollection{Bengio+chapter2007,
author = {Bengio, Yoshua and LeCun, Yann},
booktitle = {Large Scale Kernel Machines},
publisher = {MIT Press},
title = {Scaling Learning Algorithms Towards {AI}},
year = {2007}
}

@article{Hinton06,
author = {Hinton, Geoffrey E. and Osindero, Simon and Teh, Yee Whye},
journal = {Neural Computation},
pages = {1527--1554},
title = {A Fast Learning Algorithm for Deep Belief Nets},
volume = {18},
year = {2006}
}


@inproceedings{devlin2019bert,
    title = "{BERT}: Pre-training of Deep Bidirectional Transformers for Language Understanding",
    author = "Devlin, Jacob  and
      Chang, Ming-Wei  and
      Lee, Kenton  and
      Toutanova, Kristina",
    booktitle = "Conference of the North {A}merican Chapter of the Association for Computational Linguistics",
    year = "2019",
}

@article{Qwen-VL,
  title={Qwen-VL: A Versatile Vision-Language Model for Understanding, Localization, Text Reading, and Beyond},
  author={Bai, Jinze and Bai, Shuai and Yang, Shusheng and Wang, Shijie and Tan, Sinan and Wang, Peng and Lin, Junyang and Zhou, Chang and Zhou, Jingren},
  journal={arXiv preprint arXiv:2308.12966},
  year={2023}
}

@article{hu2021lora,
  title={Lora: Low-rank adaptation of large language models},
  author={Hu, Edward J and Shen, Yelong and Wallis, Phillip and Allen-Zhu, Zeyuan and Li, Yuanzhi and Wang, Shean and Wang, Lu and Chen, Weizhu},
  journal={arXiv preprint arXiv:2106.09685},
  year={2021}
}


@inproceedings{xiao2024florence,
  title={Florence-2: Advancing a unified representation for a variety of vision tasks},
  author={Xiao, Bin and Wu, Haiping and Xu, Weijian and Dai, Xiyang and Hu, Houdong and Lu, Yumao and Zeng, Michael and Liu, Ce and Yuan, Lu},
  booktitle={Proceedings of the IEEE/CVF Conference on Computer Vision and Pattern Recognition},
  pages={4818--4829},
  year={2024}
}

@inproceedings{li2020mapping,
  title={Mapping Natural Language Instructions to Mobile UI Action Sequences},
  author={Li, Yang and He, Jiacong and Zhou, Xin and Zhang, Yuan and Baldridge, Jason},
  booktitle={58th Annual Meeting of the Association for Computational Linguistics},
  year={2020}
}

@inproceedings{radford2021learning,
  title={Learning transferable visual models from natural language supervision},
  author={Radford, Alec and Kim, Jong Wook and Hallacy, Chris and Ramesh, Aditya and Goh, Gabriel and Agarwal, Sandhini and Sastry, Girish and Askell, Amanda and Mishkin, Pamela and Clark, Jack and others},
  booktitle={International conference on machine learning},
  year={2021},
}

@article{rafailov2024direct,
  title={Direct preference optimization: Your language model is secretly a reward model},
  author={Rafailov, Rafael and Sharma, Archit and Mitchell, Eric and Manning, Christopher D and Ermon, Stefano and Finn, Chelsea},
  journal={Advances in Neural Information Processing Systems},
  volume={36},
  year={2024}
}

@article{gulcehre2023reinforced,
  title={Reinforced self-training (rest) for language modeling},
  author={Gulcehre, Caglar and Paine, Tom Le and Srinivasan, Srivatsan and Konyushkova, Ksenia and Weerts, Lotte and Sharma, Abhishek and Siddhant, Aditya and Ahern, Alex and Wang, Miaosen and Gu, Chenjie and others},
  journal={arXiv preprint arXiv:2308.08998},
  year={2023}
}


@inproceedings{chan2023vision,
  title={Vision-language models as a source of rewards},
  author={Chan, H and Mnih, V and Behbahani, F and Laskin, M and Wang, L and Pardo, F and Gazeau, M and Sahni, H and Horgan, D and Baumli, K and others},
  booktitle={Second Agent Learning in Open-Endedness Workshop},
  year={2023}
}

@article{ma2022vip,
  title={Vip: Towards universal visual reward and representation via value-implicit pre-training},
  author={Ma, Yecheng Jason and Sodhani, Shagun and Jayaraman, Dinesh and Bastani, Osbert and Kumar, Vikash and Zhang, Amy},
  journal={arXiv preprint arXiv:2210.00030},
  year={2022}
}

@article{oord2018representation,
  title={Representation learning with contrastive predictive coding},
  author={Oord, Aaron van den and Li, Yazhe and Vinyals, Oriol},
  journal={arXiv preprint arXiv:1807.03748},
  year={2018}
}

@article{dubey2024llama,
  title={The llama 3 herd of models},
  author={Dubey, Abhimanyu and Jauhri, Abhinav and Pandey, Abhinav and Kadian, Abhishek and Al-Dahle, Ahmad and Letman, Aiesha and Mathur, Akhil and Schelten, Alan and Yang, Amy and Fan, Angela and others},
  journal={arXiv preprint arXiv:2407.21783},
  year={2024}
}

@article{idpo,
  title={From $ r $ to $ Q^{*} $: Your Language Model is Secretly a Q-Function},
  author={Rafailov, Rafael and Hejna, Joey and Park, Ryan and Finn, Chelsea},
  journal={arXiv preprint arXiv:2404.12358},
  year={2024}
}

@article{putta2024agent,
  title={Agent q: Advanced reasoning and learning for autonomous ai agents},
  author={Putta, Pranav and Mills, Edmund and Garg, Naman and Motwani, Sumeet and Finn, Chelsea and Garg, Divyansh and Rafailov, Rafael},
  journal={arXiv preprint arXiv:2408.07199},
  year={2024}
}

@article{chen2021decision,
  title={Decision transformer: Reinforcement learning via sequence modeling},
  author={Chen, Lili and Lu, Kevin and Rajeswaran, Aravind and Lee, Kimin and Grover, Aditya and Laskin, Misha and Abbeel, Pieter and Srinivas, Aravind and Mordatch, Igor},
  journal={Advances in neural information processing systems},
  year={2021}
}

@book{goodfellow2016deep,
title={Deep learning},
author={Goodfellow, Ian and Bengio, Yoshua and Courville, Aaron and Bengio, Yoshua},
volume={1},
year={2016},
publisher={MIT Press}
}

@article{androidworld,
  title={AndroidWorld: A dynamic benchmarking environment for autonomous agents},
  author={Rawles, Christopher and Clinckemaillie, Sarah and Chang, Yifan and Waltz, Jonathan and Lau, Gabrielle and Fair, Marybeth and Li, Alice and Bishop, William and Li, Wei and Campbell-Ajala, Folawiyo and others},
  journal={arXiv preprint arXiv:2405.14573},
  year={2024}
}

@article{digirl,
  title={Digirl: Training in-the-wild device-control agents with autonomous reinforcement learning},
  author={Bai, Hao and Zhou, Yifei and Cemri, Mert and Pan, Jiayi and Suhr, Alane and Levine, Sergey and Kumar, Aviral},
  journal={arXiv preprint arXiv:2406.11896},
  year={2024}
}

@inproceedings{cogagent,
  title={Cogagent: A visual language model for gui agents},
  author={Hong, Wenyi and Wang, Weihan and Lv, Qingsong and Xu, Jiazheng and Yu, Wenmeng and Ji, Junhui and Wang, Yan and Wang, Zihan and Dong, Yuxiao and Ding, Ming and others},
  booktitle={Proceedings of the IEEE/CVF Conference on Computer Vision and Pattern Recognition},
  pages={14281--14290},
  year={2024}
}

@article{mobileagent,
  title={Mobile-agent: Autonomous multi-modal mobile device agent with visual perception},
  author={Wang, Junyang and Xu, Haiyang and Ye, Jiabo and Yan, Ming and Shen, Weizhou and Zhang, Ji and Huang, Fei and Sang, Jitao},
  journal={arXiv preprint arXiv:2401.16158},
  year={2024}
}

@article{mobileagentv2,
  title={Mobile-Agent-v2: Mobile Device Operation Assistant with Effective Navigation via Multi-Agent Collaboration},
  author={Wang, Junyang and Xu, Haiyang and Jia, Haitao and Zhang, Xi and Yan, Ming and Shen, Weizhou and Zhang, Ji and Huang, Fei and Sang, Jitao},
  journal={arXiv preprint arXiv:2406.01014},
  year={2024}
}

@article{appagent,
  title={Appagent: Multimodal agents as smartphone users},
  author={Yang, Zhao and Liu, Jiaxuan and Han, Yucheng and Chen, Xin and Huang, Zebiao and Fu, Bin and Yu, Gang},
  journal={arXiv preprint arXiv:2312.13771},
  year={2023}
}

@article{aitw,
  title={Androidinthewild: A large-scale dataset for android device control},
  author={Rawles, Christopher and Li, Alice and Rodriguez, Daniel and Riva, Oriana and Lillicrap, Timothy},
  journal={Advances in Neural Information Processing Systems},
  volume={36},
  year={2023}
}

@article{androidenv,
  title={Androidenv: A reinforcement learning platform for android},
  author={Toyama, Daniel and Hamel, Philippe and Gergely, Anita and Comanici, Gheorghe and Glaese, Amelia and Ahmed, Zafarali and Jackson, Tyler and Mourad, Shibl and Precup, Doina},
  journal={arXiv preprint arXiv:2105.13231},
  year={2021}
}

@inproceedings{autodroid,
  title={Autodroid: Llm-powered task automation in android},
  author={Wen, Hao and Li, Yuanchun and Liu, Guohong and Zhao, Shanhui and Yu, Tao and Li, Toby Jia-Jun and Jiang, Shiqi and Liu, Yunhao and Zhang, Yaqin and Liu, Yunxin},
  booktitle={Proceedings of the 30th Annual International Conference on Mobile Computing and Networking},
  pages={543--557},
  year={2023}
}

@article{androidcontrol,
  title={On the Effects of Data Scale on Computer Control Agents},
  author={Li, Wei and Bishop, William and Li, Alice and Rawles, Chris and Campbell-Ajala, Folawiyo and Tyamagundlu, Divya and Riva, Oriana},
  journal={arXiv preprint arXiv:2406.03679},
  year={2024}
}

@article{seeact,
  title={Gpt-4v (ision) is a generalist web agent, if grounded},
  author={Zheng, Boyuan and Gou, Boyu and Kil, Jihyung and Sun, Huan and Su, Yu},
  journal={arXiv preprint arXiv:2401.01614},
  year={2024}
}

@inproceedings{wob,
  title={World of bits: An open-domain platform for web-based agents},
  author={Shi, Tianlin and Karpathy, Andrej and Fan, Linxi and Hernandez, Jonathan and Liang, Percy},
  booktitle={International Conference on Machine Learning},
  pages={3135--3144},
  year={2017},
  organization={PMLR}
}

@inproceedings{miniwobplus,
 author = {Evan Zheran Liu and Kelvin Guu and Panupong Pasupat and Tianlin Shi and Percy Liang},
 title = {Reinforcement Learning on Web Interfaces using Workflow-Guided Exploration},
 booktitle = {International Conference on Learning Representations ({ICLR})},
 year = {2018},
}

@article{mind2web,
  title={Mind2web: Towards a generalist agent for the web},
  author={Deng, Xiang and Gu, Yu and Zheng, Boyuan and Chen, Shijie and Stevens, Sam and Wang, Boshi and Sun, Huan and Su, Yu},
  journal={Advances in Neural Information Processing Systems},
  volume={36},
  year={2023}
}

@article{webshop,
  title={Webshop: Towards scalable real-world web interaction with grounded language agents},
  author={Yao, Shunyu and Chen, Howard and Yang, John and Narasimhan, Karthik},
  journal={Advances in Neural Information Processing Systems},
  volume={35},
  pages={20744--20757},
  year={2022}
}

@article{webagentGur,
  title={A real-world webagent with planning, long context understanding, and program synthesis},
  author={Gur, Izzeddin and Furuta, Hiroki and Huang, Austin and Safdari, Mustafa and Matsuo, Yutaka and Eck, Douglas and Faust, Aleksandra},
  journal={arXiv preprint arXiv:2307.12856},
  year={2023}
}

@article{willams1992simple,
  title={Simple statistical gradient-following algorithms for connectionist reinforcement learning},
  author={Willams, Ronald J},
  journal={Machine learning},
  volume={8},
  pages={229--256},
  year={1992}
}

@article{singh2023beyond,
  title={Beyond human data: Scaling self-training for problem-solving with language models},
  author={Singh, Avi and Co-Reyes, John D and Agarwal, Rishabh and Anand, Ankesh and Patil, Piyush and Garcia, Xavier and Liu, Peter J and Harrison, James and Lee, Jaehoon and Xu, Kelvin and others},
  journal={arXiv preprint arXiv:2312.06585},
  year={2023}
}

@article{webgum,
  title={Multimodal web navigation with instruction-finetuned foundation models},
  author={Furuta, Hiroki and Lee, Kuang-Huei and Nachum, Ofir and Matsuo, Yutaka and Faust, Aleksandra and Gu, Shixiang Shane and Gur, Izzeddin},
  journal={arXiv preprint arXiv:2305.11854},
  year={2023}
}

@article{palm2,
  title={Palm 2 technical report},
  author={Anil, Rohan and Dai, Andrew M and Firat, Orhan and Johnson, Melvin and Lepikhin, Dmitry and Passos, Alexandre and Shakeri, Siamak and Taropa, Emanuel and Bailey, Paige and Chen, Zhifeng and others},
  journal={arXiv preprint arXiv:2305.10403},
  year={2023}
}

@article{attentionisallyouneed,
  title={Attention is all you need},
  author={Ashish Vaswani and Noam Shazeer and Niki Parmar and Jakob Uszkoreit and Llion Jones and Aidan N. Gomez and Lukasz Kaiser and Illia Polosukhin},
  journal={Advances in Neural Information Processing Systems},
  year={2017}
}

@article{bert,
      title={BERT: Pre-training of Deep Bidirectional Transformers for Language Understanding}, 
      author={Jacob Devlin and Ming-Wei Chang and Kenton Lee and Kristina Toutanova},
      year={2018},
      journal={arXiv preprint arXiv:1810.04805},
}

@article{setofmarks,
  title={Set-of-mark prompting unleashes extraordinary visual grounding in gpt-4v},
  author={Yang, Jianwei and Zhang, Hao and Li, Feng and Zou, Xueyan and Li, Chunyuan and Gao, Jianfeng},
  journal={arXiv preprint arXiv:2310.11441},
  year={2023}
}

@article{nawrot2021hierarchical,
  title={Hierarchical transformers are more efficient language models},
  author={Nawrot, Piotr and Tworkowski, Szymon and Tyrolski, Micha{\l} and Kaiser, {\L}ukasz and Wu, Yuhuai and Szegedy, Christian and Michalewski, Henryk},
  journal={arXiv preprint arXiv:2110.13711},
  year={2021}
}

@article{wu2021hi,
  title={Hi-transformer: Hierarchical interactive transformer for efficient and effective long document modeling},
  author={Wu, Chuhan and Wu, Fangzhao and Qi, Tao and Huang, Yongfeng},
  journal={arXiv preprint arXiv:2106.01040},
  year={2021}
}

@article{sun2023characters,
  title={From characters to words: Hierarchical pre-trained language model for open-vocabulary language understanding},
  author={Sun, Li and Luisier, Florian and Batmanghelich, Kayhan and Florencio, Dinei and Zhang, Cha},
  journal={arXiv preprint arXiv:2305.14571},
  year={2023}
}

@article{shi2023multi,
  title={Multi-resolution HuBERT: Multi-resolution speech self-supervised learning with masked unit prediction},
  author={Shi, Jiatong and Inaguma, Hirofumi and Ma, Xutai and Kulikov, Ilia and Sun, Anna},
  journal={arXiv preprint arXiv:2310.02720},
  year={2023}
}



@article{srivastava2014dropout,
  title={Dropout: a simple way to prevent neural networks from overfitting},
  author={Srivastava, Nitish and Hinton, Geoffrey and Krizhevsky, Alex and Sutskever, Ilya and Salakhutdinov, Ruslan},
  journal={The journal of machine learning research},
  year={2014},
}

@article{zhai2023fast,
  title={Fast-StrucTexT: An efficient hourglass transformer with modality-guided dynamic token merge for document understanding},
  author={Zhai, Mingliang and Li, Yulin and Qin, Xiameng and Yi, Chen and Xie, Qunyi and Zhang, Chengquan and Yao, Kun and Wu, Yuwei and Jia, Yunde},
  journal={arXiv preprint arXiv:2305.11392},
  year={2023}
}

@inproceedings{guo2022u,
  title={U-attention to textures: hierarchical hourglass vision transformer for universal texture synthesis},
  author={Guo, Shouchang and Deschaintre, Valentin and Noll, Douglas and Roullier, Arthur},
  booktitle={Proceedings of the 19th ACM SIGGRAPH European Conference on Visual Media Production},
  pages={1--10},
  year={2022}
}

@article{react,
  title={React: Synergizing reasoning and acting in language models},
  author={Yao, Shunyu and Zhao, Jeffrey and Yu, Dian and Du, Nan and Shafran, Izhak and Narasimhan, Karthik and Cao, Yuan},
  journal={arXiv preprint arXiv:2210.03629},
  year={2022}
}

@article{christianos2024lightweight,
  title={Lightweight Neural App Control},
  author={Christianos, Filippos and Papoudakis, Georgios and Coste, Thomas and Hao, Jianye and Wang, Jun and Shao, Kun},
  journal={arXiv preprint arXiv:2410.17883},
  year={2024}
}

@inproceedings{bleu,
  title={Bleu: a method for automatic evaluation of machine translation},
  author={Papineni, Kishore and Roukos, Salim and Ward, Todd and Zhu, Wei-Jing},
  booktitle={Proceedings of the 40th annual meeting of the Association for Computational Linguistics},
  pages={311--318},
  year={2002}
}

@inproceedings{llm_mobile_analysis,
  title={Large Language Models on Mobile Devices: Measurements, Analysis, and Insights},
  author={Li, Xiang and Lu, Zhenyan and Cai, Dongqi and Ma, Xiao and Xu, Mengwei},
  booktitle={Proceedings of the Workshop on Edge and Mobile Foundation Models},
  pages={1--6},
  year={2024}
}

@article{melt,
  title={Melting point: Mobile evaluation of language transformers},
  author={Laskaridis, Stefanos and Katevas, Kleomenis and Minto, Lorenzo and Haddadi, Hamed},
  year={2024}
}

@article{gou2024navigating,
  title={Navigating the digital world as humans do: Universal visual grounding for gui agents},
  author={Gou, Boyu and Wang, Ruohan and Zheng, Boyuan and Xie, Yanan and Chang, Cheng and Shu, Yiheng and Sun, Huan and Su, Yu},
  journal={arXiv preprint arXiv:2410.05243},
  year={2024}
}

@article{ma2024comprehensive,
  title={Comprehensive Cognitive LLM Agent for Smartphone GUI Automation},
  author={Ma, Xinbei and Zhang, Zhuosheng and Zhao, Hai},
  journal={arXiv preprint arXiv:2402.11941},
  year={2024}
}

@article{loshchilov2017fixing,
  title={Fixing weight decay regularization in adam},
  author={Loshchilov, Ilya and Hutter, Frank and others},
  journal={arXiv preprint arXiv:1711.05101},
  volume={5},
  year={2017}
}

@article{beyer2024paligemma,
  title={Paligemma: A versatile 3b vlm for transfer},
  author={Beyer, Lucas and Steiner, Andreas and Pinto, Andr{\'e} Susano and Kolesnikov, Alexander and Wang, Xiao and Salz, Daniel and Neumann, Maxim and Alabdulmohsin, Ibrahim and Tschannen, Michael and Bugliarello, Emanuele and others},
  journal={arXiv preprint arXiv:2407.07726},
  year={2024}
}


@article{wang2024oscar,
  title={Oscar: Operating system control via state-aware reasoning and re-planning},
  author={Wang, Xiaoqiang and Liu, Bang},
  journal={arXiv preprint arXiv:2410.18963},
  year={2024}
}

@article{liu2025infiguiagent,
  title={InfiGUIAgent: A Multimodal Generalist GUI Agent with Native Reasoning and Reflection},
  author={Liu, Yuhang and Li, Pengxiang and Wei, Zishu and Xie, Congkai and Hu, Xueyu and Xu, Xinchen and Zhang, Shengyu and Han, Xiaotian and Yang, Hongxia and Wu, Fei},
  journal={arXiv preprint arXiv:2501.04575},
  year={2025}
}

@article{wang2024ponder,
  title={Ponder \& Press: Advancing Visual GUI Agent towards General Computer Control},
  author={Wang, Yiqin and Zhang, Haoji and Tian, Jingqi and Tang, Yansong},
  journal={arXiv preprint arXiv:2412.01268},
  year={2024}
}

@article{yang2024aria,
  title={Aria-UI: Visual Grounding for GUI Instructions},
  author={Yang, Yuhao and Wang, Yue and Li, Dongxu and Luo, Ziyang and Chen, Bei and Huang, Chao and Li, Junnan},
  journal={arXiv preprint arXiv:2412.16256},
  year={2024}
}

@article{song2024mmac,
  title={Mmac-copilot: Multi-modal agent collaboration operating system copilot},
  author={Song, Zirui and Li, Yaohang and Fang, Meng and Chen, Zhenhao and Shi, Zecheng and Huang, Yuan and Chen, Ling},
  journal={arXiv preprint arXiv:2404.18074},
  year={2024}
}

@inproceedings{lee2024mobilegpt,
  title={MobileGPT: Augmenting LLM with Human-like App Memory for Mobile Task Automation},
  author={Lee, Sunjae and Choi, Junyoung and Lee, Jungjae and Wasi, Munim Hasan and Choi, Hojun and Ko, Steve and Oh, Sangeun and Shin, Insik},
  booktitle={Proceedings of the 30th Annual International Conference on Mobile Computing and Networking},
  pages={1119--1133},
  year={2024}
}

@article{zhang2023you,
  title={You only look at screens: Multimodal chain-of-action agents},
  author={Zhang, Zhuosheng and Zhang, Aston},
  journal={arXiv preprint arXiv:2309.11436},
  year={2023}
}

@article{wang2024distrl,
  title={Distrl: An asynchronous distributed reinforcement learning framework for on-device control agents},
  author={Wang, Taiyi and Wu, Zhihao and Liu, Jianheng and Hao, Jianye and Wang, Jun and Shao, Kun},
  journal={arXiv preprint arXiv:2410.14803},
  year={2024}
}

@article{liu2024autoglm,
  title={Autoglm: Autonomous foundation agents for guis},
  author={Liu, Xiao and Qin, Bo and Liang, Dongzhu and Dong, Guang and Lai, Hanyu and Zhang, Hanchen and Zhao, Hanlin and Iong, Iat Long and Sun, Jiadai and Wang, Jiaqi and others},
  journal={arXiv preprint arXiv:2411.00820},
  year={2024}
}

@article{qi2024webrl,
  title={WebRL: Training LLM Web Agents via Self-Evolving Online Curriculum Reinforcement Learning},
  author={Qi, Zehan and Liu, Xiao and Iong, Iat Long and Lai, Hanyu and Sun, Xueqiao and Yang, Xinyue and Sun, Jiadai and Yang, Yu and Yao, Shuntian and Zhang, Tianjie and others},
  journal={arXiv preprint arXiv:2411.02337},
  year={2024}
}

@article{deng2024mobile,
  title={Mobile-bench: An evaluation benchmark for llm-based mobile agents},
  author={Deng, Shihan and Xu, Weikai and Sun, Hongda and Liu, Wei and Tan, Tao and Liu, Jianfeng and Li, Ang and Luan, Jian and Wang, Bin and Yan, Rui and others},
  journal={arXiv preprint arXiv:2407.00993},
  year={2024}
}

@inproceedings{chen2024spa,
  title={Spa-bench: A comprehensive benchmark for smartphone agent evaluation},
  author={Chen, Jingxuan and Yuen, Derek and Xie, Bin and Yang, Yuhao and Chen, Gongwei and Wu, Zhihao and Yixing, Li and Zhou, Xurui and Liu, Weiwen and Wang, Shuai and others},
  booktitle={NeurIPS 2024 Workshop on Open-World Agents},
  year={2024}
}

@article{Qwen2VL,
  title={Qwen2-VL: Enhancing Vision-Language Model's Perception of the World at Any Resolution},
  author={Wang, Peng and Bai, Shuai and Tan, Sinan and Wang, Shijie and Fan, Zhihao and Bai, Jinze and Chen, Keqin and Liu, Xuejing and Wang, Jialin and Ge, Wenbin and Fan, Yang and Dang, Kai and Du, Mengfei and Ren, Xuancheng and Men, Rui and Liu, Dayiheng and Zhou, Chang and Zhou, Jingren and Lin, Junyang},
  journal={arXiv preprint arXiv:2409.12191},
  year={2024}
}

@article{qin2025ui,
  title={UI-TARS: Pioneering Automated GUI Interaction with Native Agents},
  author={Qin, Yujia and Ye, Yining and Fang, Junjie and Wang, Haoming and Liang, Shihao and Tian, Shizuo and Zhang, Junda and Li, Jiahao and Li, Yunxin and Huang, Shijue and others},
  journal={arXiv preprint arXiv:2501.12326},
  year={2025}
}
