@INPROCEEDINGS{10611331,
  author={Xie, Annie and Lee, Lisa and Xiao, Ted and Finn, Chelsea},
  booktitle={International Conference on Robotics and Automation (ICRA)}, 
  title={Decomposing the Generalization Gap in Imitation Learning for Visual Robotic Manipulation}, 
  year={2024}
}

@article{Chen2024,
  author = {Xiaokang Chen and Mingyu Ding and Xiaodi Wang and Ying Xin and Shentong Mo and Yunhao Wang and Shumin Han and Ping Luo and Gang Zeng and Jingdong Wang},
  title = {Context Autoencoder for Self-supervised Representation Learning},
  journal = {International Journal of Computer Vision (IJCV)},
  year = {2024},
  volume = {132},
  number = {1},
  pages = {208--223},
}

@inproceedings{Hansen2022pre,
  title={On Pre-Training for Visuo-Motor Control: Revisiting a Learning-from-Scratch Baseline},
  author={Hansen, Nicklas and Yuan, Zhecheng and Ze, Yanjie and Mu, Tongzhou and Rajeswaran, Aravind and Su, Hao and Xu, Huazhe and Wang, Xiaolong},
  booktitle={International Conference on Machine Learning (ICML)},
  year={2023}
}

@article{He2021MaskedAA,
  title={Masked Autoencoders Are Scalable Vision Learners},
  author={Kaiming He and Xinlei Chen and Saining Xie and Yanghao Li and Piotr Doll'ar and Ross B. Girshick},
  journal={Conference on Computer Vision and Pattern Recognition (CVPR)},
  year={2022},
}

@InProceedings{Karpathy_2014_CVPR,
author = {Karpathy, Andrej and Toderici, George and Shetty, Sanketh and Leung, Thomas and Sukthankar, Rahul and Fei-Fei, Li},
title = {Large-scale Video Classification with Convolutional Neural Networks},
booktitle = {Conference on Computer Vision and Pattern Recognition (CVPR)},
year = {2014}
}

@inproceedings{NEURIPS2021_ba3c5fe1,
 author = {Shang, Wenling and Wang, Xiaofei and Srinivas, Aravind and Rajeswaran, Aravind and Gao, Yang and Abbeel, Pieter and Laskin, Misha},
 booktitle = {Advances in Neural Information Processing Systems (NeurIPS)},
 title = {Reinforcement Learning with Latent Flow},
 year = {2021}
}

@inproceedings{NEURIPS2023_022ca1be,
     author = {Majumdar, Arjun and Yadav, Karmesh and Arnaud, Sergio and Ma, Jason and Chen, Claire and Silwal, Sneha and Jain, Aryan and Berges, Vincent-Pierre and Wu, Tingfan and Vakil, Jay and Abbeel, Pieter and Malik, Jitendra and Batra, Dhruv and Lin, Yixin and Maksymets, Oleksandr and Rajeswaran, Aravind and Meier, Franziska},
     booktitle = {Advances in Neural Information Processing Systems (NeurIPS)},
     title = {Where are we in the search for an Artificial Visual Cortex for Embodied Intelligence?},
     year = {2023}
}

@inproceedings{NIPS2017_3f5ee243,
 author = {Vaswani, Ashish and Shazeer, Noam and Parmar, Niki and Uszkoreit, Jakob and Jones, Llion and Gomez, Aidan N and Kaiser, \L ukasz and Polosukhin, Illia},
 booktitle = {Advances in Neural Information Processing Systems (NeurIPS)},
 title = {Attention is All you Need},
 year = {2017}
}

@article{Xiao2022,
    title={Masked Visual Pre-training for Motor Control},
    author={Tete Xiao and Ilija Radosavovic and Trevor Darrell and Jitendra Malik},
    journal={arXiv preprint arXiv:2203.06173},
    year={2022}
}

@article{bardes2024revisiting,
  title={Revisiting Feature Prediction for Learning Visual Representations from Video},
  author={Bardes, Adrien and Garrido, Quentin and Ponce, Jean and Rabbat, Michael and LeCun, Yann and Assran, Mahmoud and Ballas, Nicolas},
  journal={arXiv:2404.08471},
  year={2024}
}

@inproceedings{chi2023diffusionpolicy,
	title={Diffusion Policy: Visuomotor Policy Learning via Action Diffusion},
	author={Chi, Cheng and Feng, Siyuan and Du, Yilun and Xu, Zhenjia and Cousineau, Eric and Burchfiel, Benjamin and Song, Shuran},
	booktitle={Robotics: Science and Systems (RSS)},
	year={2023}
}

@article{danier2024depthcuesevaluatingmonoculardepth,
  title={{DepthCues: Evaluating Monocular Depth Perception in Large Vision Models}},
  author={Danier, Duolikun and Ayg√ºn, Mehmet and Li, Changjian and Bilen, Hakan and Mac Aodha, Oisin },
  journal={arXiv:2411.17385},
  year={2024}
}

@inproceedings{dasari2023datasets,
      title={An Unbiased Look at Datasets for Visuo-Motor Pre-Training},
      author={Dasari, Sudeep and Srirama, Mohan Kumar and Jain, Unnat and Gupta, Abhinav},
      booktitle={Conference on Robot Learning (CoRL)},
      year={2023},
    }

@inproceedings{ho2020denoising,
  title={Denoising Diffusion Probabilistic Models},
  author={Jonathan Ho and Ajay Jain and Pieter Abbeel},
  year={2020},
  booktitle={Advances in Neural Information Processing Systems (NeurIPS)}
}

@inproceedings{houlsby2019parameter,
  title = {Parameter-Efficient Transfer Learning for {NLP}},
  author = {Houlsby, Neil and Giurgiu, Andrei and Jastrzebski, Stanislaw and Morrone, Bruna and De Laroussilhe, Quentin and Gesmundo, Andrea and Attariyan, Mona and Gelly, Sylvain},
  booktitle = {International Conference on Machine Learning (ICML)},
  year = {2019},
}

@inproceedings{hu2023pretrainedvisionmodelsmotor,
  title={For pre-trained vision models in motor control, not all policy learning methods are created equal},
  author={Hu, Yingdong and Wang, Renhao and Li, Li Erran and Gao, Yang},
  booktitle={International Conference on Machine Learning (ICML)},
  year={2023}
}

@inproceedings{mildenhall2020nerf,
 title={NeRF: Representing Scenes as Neural Radiance Fields for View Synthesis},
 author={Ben Mildenhall and Pratul P. Srinivasan and Matthew Tancik and Jonathan T. Barron and Ravi Ramamoorthi and Ren Ng},
 year={2020},
 booktitle={European Conference on Computer Vision (ECCV)},
}

@inproceedings{nair2022rm,
    title={R3M: A Universal Visual Representation for Robot Manipulation},
    author={Suraj Nair and Aravind Rajeswaran and Vikash Kumar and Chelsea Finn and Abhinav Gupta},
    booktitle={Conference on Robot Learning (CoRL)},
    year={2022},
}

@inproceedings{parisi2022unsurprising,
  title={The (Un)Surprising Effectiveness of Pre-Trained Vision Models for Control},
  author={Parisi, Simone and Rajeswaran, Aravind and Purushwalkam, Senthil and Gupta, Abhinav},
  booktitle={International Conference on Machine Learning (ICML)},
  year={2022}
}

@inproceedings{ridnik2021imagenet21kpretrainingmasses,
 author = {Ridnik, Tal and Ben-Baruch, Emanuel and Noy, Asaf and Zelnik-Manor, Lihi},
 booktitle = {Advances in Neural Information Processing Systems Track on Datasets and Benchmarks},
 title = {ImageNet-21K Pretraining for the Masses},
 year = {2021}
}

@inproceedings{silwal2024large,
  title={What Do We Learn from a Large-Scale Study of Pre-Trained Visual Representations in Sim and Real Environments?},
  author={Silwal, Sneha and Yadav, Karmesh and Wu, Tingfan and Vakil, Jay and Majumdar, Arjun and Arnaud, Sergio and Chen, Claire and Berges, Vincent-Pierre and Batra, Dhruv and Rajeswaran, Aravind and Kalakrishnan, Mrinal and Meier, Franziska and Maksymets, Oleksandr},
  booktitle={International Conference on Robotics and Automation (ICRA)},
  year={2024}
}

@INPROCEEDINGS{spawnet,
  author={Lin, Xingyu and So, John and Mahalingam, Sashwat and Liu, Fangchen and Abbeel, Pieter},
  booktitle={International Conference on Robotics and Automation (ICRA)}, 
  title={SpawnNet: Learning Generalizable Visuomotor Skills from Pre-trained Network}, 
  year={2024},
}

@inproceedings{yu2020meta,
  title={Meta-world: A benchmark and evaluation for multi-task and meta reinforcement learning},
  author={Yu, Tianhe and Quillen, Deirdre and He, Zhanpeng and Julian, Ryan and Hausman, Karol and Finn, Chelsea and Levine, Sergey},
  booktitle={Conference on Robot Learning (CoRL)},
  year={2020},
}

