%%%%%% My Work %%%%%%
@inproceedings{tsagkas2023vlfields,
  title   =  {VL-Fields: Towards Language-Grounded Neural Implicit Spatial Representations},
  author  =  {Tsagkas, Nikolaos and Mac Aodha, Oisin and Lu, Chris Xiaoxuan},
  booktitle =  {International Conference on Robotics and Automation Workshops (ICRA)},
  year    =  {2023}
}

@inproceedings{tsagkas2024click,
  title={Click to Grasp: Zero-Shot Precise Manipulation via Visual Diffusion Descriptors},
  author={Tsagkas, Nikolaos and Rome, Jack and Ramamoorthy, Subramanian and Mac Aodha, Oisin and Lu, Chris Xiaoxuan},
  booktitle={International Conference on Intelligent Robots and Systems (IROS)},
  year={2024}
}

@article{li2024affgrasp,
  title     = {Learning Precise Affordances from Egocentric Videos for Robotic Manipulation}, 
  author    = {Li, Gen and Tsagkas, Nikolaos and Song, Jifei and Mon-Williams, Ruaridh and Vijayakumar, Sethu and Shao, Kun and Sevilla-Lara, Laura},
  journal   = {arxiv preprint arXiv:2408.10123},
  year      = {2024},
}

%%%%%% Temporal Encoding Alternatives %%%%%%
@inproceedings{NEURIPS2021_ba3c5fe1,
 author = {Shang, Wenling and Wang, Xiaofei and Srinivas, Aravind and Rajeswaran, Aravind and Gao, Yang and Abbeel, Pieter and Laskin, Misha},
 booktitle = {Advances in Neural Information Processing Systems (NeurIPS)},
 title = {Reinforcement Learning with Latent Flow},
 year = {2021}
}
@inproceedings{sermanet2017unsupervised,
  title = {Unsupervised Perceptual Rewards for Imitation Learning},
  author = {Sermanet, Pierre and Xu, Kelvin and Levine, Sergey},
  booktitle = {Robotics: Science and Systems (RSS)},
  year = {2017},
}

%%%%%% Immitation Learning %%%%%%
@inproceedings{chi2023diffusionpolicy,
	title={Diffusion Policy: Visuomotor Policy Learning via Action Diffusion},
	author={Chi, Cheng and Feng, Siyuan and Du, Yilun and Xu, Zhenjia and Cousineau, Eric and Burchfiel, Benjamin and Song, Shuran},
	booktitle={Robotics: Science and Systems (RSS)},
	year={2023}
}

%%%%%% PVRs for Robotics %%%%%%
@inproceedings{parisi2022unsurprising,
  title={The (Un)Surprising Effectiveness of Pre-Trained Vision Models for Control},
  author={Parisi, Simone and Rajeswaran, Aravind and Purushwalkam, Senthil and Gupta, Abhinav},
  booktitle={International Conference on Machine Learning (ICML)},
  year={2022}
}

@inproceedings{
    shang2024theia,
    title={Theia: Distilling Diverse Vision Foundation Models for Robot Learning},
    author={Jinghuan Shang and Karl Schmeckpeper and Brandon B. May and Maria Vittoria Minniti and Tarik Kelestemur and David Watkins and Laura Herlant},
    booktitle={Conference on Robot Learning (CoRL)},
    year={2024},
}

@inproceedings{hu2023pretrainedvisionmodelsmotor,
  title={For pre-trained vision models in motor control, not all policy learning methods are created equal},
  author={Hu, Yingdong and Wang, Renhao and Li, Li Erran and Gao, Yang},
  booktitle={International Conference on Machine Learning (ICML)},
  year={2023}
}


@article{Xiao2022,
    title={Masked Visual Pre-training for Motor Control},
    author={Tete Xiao and Ilija Radosavovic and Trevor Darrell and Jitendra Malik},
    journal={arXiv preprint arXiv:2203.06173},
    year={2022}
}

@article{Radosavovic2022,
  title = {Real-World Robot Learning with Masked Visual Pre-training},
  author = {Ilija Radosavovic and Tete Xiao and Stephen James and Pieter Abbeel and Jitendra Malik and Trevor Darrell},
  year = {2022},
  journal = {CoRL}
}

@inproceedings{nair2022rm,
    title={R3M: A Universal Visual Representation for Robot Manipulation},
    author={Suraj Nair and Aravind Rajeswaran and Vikash Kumar and Chelsea Finn and Abhinav Gupta},
    booktitle={Conference on Robot Learning (CoRL)},
    year={2022},
}

@inproceedings{NEURIPS2023_022ca1be,
     author = {Majumdar, Arjun and Yadav, Karmesh and Arnaud, Sergio and Ma, Jason and Chen, Claire and Silwal, Sneha and Jain, Aryan and Berges, Vincent-Pierre and Wu, Tingfan and Vakil, Jay and Abbeel, Pieter and Malik, Jitendra and Batra, Dhruv and Lin, Yixin and Maksymets, Oleksandr and Rajeswaran, Aravind and Meier, Franziska},
     booktitle = {Advances in Neural Information Processing Systems (NeurIPS)},
     title = {Where are we in the search for an Artificial Visual Cortex for Embodied Intelligence?},
     year = {2023}
}



@inproceedings{jing2023explore,
  author    = {Jing, Ya and Zhu, Xuelin and Liu, Xingbin and Sima, Qie and Yang, Taozheng and Feng, Yunhai and Kong, Tao},
  title     = {Exploring Visual Pre-training for Robot Manipulation: Datasets, Models and Methods},
  booktitle = {International Conference on Intelligent Robots and Systems (IROS)},
  year      = {2023}
}

@inproceedings{silwal2024large,
  title={What Do We Learn from a Large-Scale Study of Pre-Trained Visual Representations in Sim and Real Environments?},
  author={Silwal, Sneha and Yadav, Karmesh and Wu, Tingfan and Vakil, Jay and Majumdar, Arjun and Arnaud, Sergio and Chen, Claire and Berges, Vincent-Pierre and Batra, Dhruv and Rajeswaran, Aravind and Kalakrishnan, Mrinal and Meier, Franziska and Maksymets, Oleksandr},
  booktitle={International Conference on Robotics and Automation (ICRA)},
  year={2024}
}

@inproceedings{dasari2023datasets,
      title={An Unbiased Look at Datasets for Visuo-Motor Pre-Training},
      author={Dasari, Sudeep and Srirama, Mohan Kumar and Jain, Unnat and Gupta, Abhinav},
      booktitle={Conference on Robot Learning (CoRL)},
      year={2023},
    }

@inproceedings{
    hsu2022what,
    title={What Makes Certain Pre-Trained Visual Representations Better for Robotic Learning?},
    author={Kyle Hsu and Tyler Ga Wei Lum and Ruohan Gao and Shixiang Shane Gu and Jiajun Wu and Chelsea Finn},
    booktitle={Deep Reinforcement Learning Workshop NeurIPS 2022},
    year={2022},
}

@misc{yang2024spatiotemporalpredictivepretrainingrobotic,
      title={Spatiotemporal Predictive Pre-training for Robotic Motor Control}, 
      author={Jiange Yang and Bei Liu and Jianlong Fu and Bocheng Pan and Gangshan Wu and Limin Wang},
      year={2024},
      eprint={2403.05304},
      archivePrefix={arXiv},
      primaryClass={cs.RO},
      url={https://arxiv.org/abs/2403.05304}, 
}


@inproceedings{
    burns2024what,
    title={What Makes Pre-Trained Visual Representations Successful for Robust Manipulation?},
    author={Kaylee Burns and Zach Witzel and Jubayer Ibn Hamid and Tianhe Yu and Chelsea Finn and Karol Hausman},
    booktitle={Conference on Robot Learning (CoRL)},
    year={2024},
}



@inproceedings{
    ma2022vip,
    title={{VIP}: Towards Universal Visual Reward and Representation via Value-Implicit Pre-Training},
    author={Yecheng Jason Ma and Shagun Sodhani and Dinesh Jayaraman and Osbert Bastani and Vikash Kumar and Amy Zhang},
    booktitle={International Conference on Learning Representations (ICLR)},
    year={2023},
}


@INPROCEEDINGS{10611331,
  author={Xie, Annie and Lee, Lisa and Xiao, Ted and Finn, Chelsea},
  booktitle={International Conference on Robotics and Automation (ICRA)}, 
  title={Decomposing the Generalization Gap in Imitation Learning for Visual Robotic Manipulation}, 
  year={2024}
}


@inproceedings{sharmalossless,
  title={Lossless Adaptation of Pretrained Vision Models For Robotic Manipulation},
  author={Sharma, Mohit and Fantacci, Claudio and Zhou, Yuxiang and Koppula, Skanda and Heess, Nicolas and Scholz, Jon and Aytar, Yusuf},
  booktitle={International Conference on Learning Representations (ICLR)},
    year=2023

}
@INPROCEEDINGS{spawnet,
  author={Lin, Xingyu and So, John and Mahalingam, Sashwat and Liu, Fangchen and Abbeel, Pieter},
  booktitle={International Conference on Robotics and Automation (ICRA)}, 
  title={SpawnNet: Learning Generalizable Visuomotor Skills from Pre-trained Network}, 
  year={2024},
}
%%%%%% Simulations %%%%%%
@inproceedings{savva2019habitat,
  title={Habitat: A Platform for Embodied AI Research},
  author={Savva, Manolis and Kadian, Abhishek and Maksymets, Oleksandr and Zhao, Yili and Wijmans, Erik and Jain, Bhavana and Straub, Julian and Liu, Jiteng and Koltun, Vladlen and Malik, Jitendra and Parikh, Devi and Batra, Dhruv},
  booktitle={Proceedings of the International Conference on Computer Vision (ICCV)},
  year={2019}
}

@article{tassa2018deepmind,
  title={DeepMind Control Suite},
  author={Tassa, Yuval and Doron, Yotam and Muldal, Andreas and Erez, Tom and Li, Yuval and de Las Casas, Diego and Budden, David and Abdolmaleki, Abbas and Merel, Josh and Lefrancq, Andrew and Lillicrap, Timothy P. and Riedmiller, Martin A.},
  journal={arXiv preprint arXiv:1801.00690},
  year={2018}
}

@article{openai2020adroit,
  title={Learning Dexterous In-Hand Manipulation},
  author={OpenAI and Andrychowicz, Marcin and Baker, Bowen and Chociej, Maciek and J{\'o}zefowicz, Rafa{\l} and McGrew, Bob and Pachocki, Jakub and Petron, Arthur and Plappert, Matthias and Powell, Glenn and Ray, Alex and Schneider, Jonas and Sidor, Szymon and Tobin, Josh and Welinder, Peter and Weng, Lilian and Zaremba, Wojciech},
  journal={The International Journal of Robotics Research (IJRR)},
  volume={39},
  number={1},
  pages={3--20},
  year={2020}
}

@inproceedings{gupta2019relay,
  title={Relay Policy Learning: Solving Long-Horizon Tasks via Imitation and Reinforcement Learning},
  author={Gupta, Abhishek and Kumar, Vikash and Lynch, Corey and Levine, Sergey and Hausman, Karol},
  booktitle={Proceedings of the Conference on Robot Learning (CoRL)},
  year={2019}
}

@inproceedings{yu2020meta,
  title={Meta-world: A benchmark and evaluation for multi-task and meta reinforcement learning},
  author={Yu, Tianhe and Quillen, Deirdre and He, Zhanpeng and Julian, Ryan and Hausman, Karol and Finn, Chelsea and Levine, Sergey},
  booktitle={Conference on Robot Learning (CoRL)},
  year={2020},
}

@article{wuthrich2020trifinger,
  title={Trifinger: An open-source robot for learning dexterity},
  author={W{\"u}thrich, Manuel and Widmaier, Felix and Grimminger, Felix and Akpo, Joel and Joshi, Shruti and Agrawal, Vaibhav and Hammoud, Bilal and Khadiv, Majid and Bogdanovic, Miroslav and Berenz, Vincent and others},
  journal={arXiv preprint arXiv:2008.03596},
  year={2020}
}

%%%%%% Representation Alignment %%%%%%
@inproceedings{huh2024prh,
  title={The Platonic Representation Hypothesis},
  author={Huh, Minyoung and Cheung, Brian and Wang, Tongzhou and Isola, Phillip},
  booktitle={International Conference on Machine Learning (ICML)},
  year={2024}
}

@inproceedings{NEURIPS2021_01ded425,
 author = {Bansal, Yamini and Nakkiran, Preetum and Barak, Boaz},
 booktitle = {Advances in Neural Information Processing Systems (NeurIPS},
 pages = {225--236},
 title = {Revisiting Model Stitching to Compare Neural Representations},
 volume = {34},
 year = {2021}
}

%%%%%% Foundation Models %%%%%%
@inproceedings{zhou2021ibot,
  title={iBOT: Image BERT Pre-Training with Online Tokenizer},
  author={Zhou, Jinghao and Wei, Chen and Wang, Huiyu and Shen, Wei and Xie, Cihang and Yuille, Alan and Kong, Tao},
  booktitle={International Conference on Learning Representations (ICLR)},
  year={2022}
}

@inproceedings{wang2021dense,
  title={Dense contrastive learning for self-supervised visual pre-training},
  author={Wang, Xinlong and Zhang, Rufeng and Shen, Chunhua and Kong, Tao and Li, Lei},
  booktitle={Conference on Computer Vision and Pattern Recognition (CVPR)},
  year={2021}
}

@article{caron2020unsupervised,
  title={Unsupervised learning of visual features by contrasting cluster assignments},
  author={Caron, Mathilde and Misra, Ishan and Mairal, Julien and Goyal, Priya and Bojanowski, Piotr and Joulin, Armand},
  journal={Advances in Neural Information Processing Systems (NeurIPS)},
  year={2020}
}

@article{bardes2022vicregl,
  title={Vicregl: Self-supervised learning of local visual features},
  author={Bardes, Adrien and Ponce, Jean and LeCun, Yann},
  journal={Advances in Neural Information Processing Systems (NeurIPS)},
  year={2022}
}

@Article{chen2020mocov2,
  author  = {Xinlei Chen and Haoqi Fan and Ross Girshick and Kaiming He},
  title   = {Improved Baselines with Momentum Contrastive Learning},
  journal = {arXiv preprint arXiv:2003.04297},
  year    = {2020},
}

@inproceedings{xu2021rethinking,
  title={Rethinking self-supervised correspondence learning: A video frame-level similarity perspective},
  author={Xu, Jiarui and Wang, Xiaolong},
  booktitle={International Conference on Computer Vision (ICCV)},
  year={2021}
}

@inproceedings{radford2021learning,
  title={Learning transferable visual models from natural language supervision},
  author={Radford, Alec and Kim, Jong Wook and Hallacy, Chris and Ramesh, Aditya and Goh, Gabriel and Agarwal, Sandhini and Sastry, Girish and Askell, Amanda and Mishkin, Pamela and Clark, Jack and others},
  booktitle={International Conference on Machine Learning (ICML)},
  year={2021}
}

@article{oquab2023dinov2,
  title={DINOv2: Learning Robust Visual Features without Supervision},
  author={Oquab, Maxime and Darcet, Timothée and Moutakanni, Theo and Vo, Huy V. and Szafraniec, Marc and Khalidov, Vasil and Fernandez, Pierre and Haziza, Daniel and Massa, Francisco and El-Nouby, Alaaeldin and Howes, Russell and  others},
  journal={Transactions on Machine Learning Research (TMLR)},
  year={2024}
}

@INPROCEEDINGS{sd,
  author={Rombach, Robin and Blattmann, Andreas and Lorenz, Dominik and Esser, Patrick and Ommer, Björn},
  booktitle={CVPR}, 
  title={High-Resolution Image Synthesis with Latent Diffusion Models}, 
  year={2022}
}
@article{He2021MaskedAA,
  title={Masked Autoencoders Are Scalable Vision Learners},
  author={Kaiming He and Xinlei Chen and Saining Xie and Yanghao Li and Piotr Doll'ar and Ross B. Girshick},
  journal={Conference on Computer Vision and Pattern Recognition (CVPR)},
  year={2022},
}
@inproceedings{caron2021emerging,
  title={Emerging Properties in Self-Supervised Vision Transformers},
  author={Caron, Mathilde and Touvron, Hugo and Misra, Ishan and J\'egou, Herv\'e  and Mairal, Julien and Bojanowski, Piotr and Joulin, Armand},
  booktitle={International Conference on Computer Vision (ICCV)},
  year={2021}
}

%%%%%% Neural Fields %%%%%%
@inproceedings{clip-fields,
  author    = {N. M. M. Shafiullah and C. Paxton and L. Pinto and S. Chintala and A. Szlam},
  title     = {CLIP-fields: Weakly supervised semantic fields for robotic memory},
  booktitle = {Robotics: Science and Systems (RSS)},
  year      = {2023}
}

@inproceedings{mildenhall2020nerf,
 title={NeRF: Representing Scenes as Neural Radiance Fields for View Synthesis},
 author={Ben Mildenhall and Pratul P. Srinivasan and Matthew Tancik and Jonathan T. Barron and Ravi Ramamoorthi and Ren Ng},
 year={2020},
 booktitle={European Conference on Computer Vision (ECCV)},
}

%%%%%% PVRs for Downstream Robotics Tasks %%%%%%
@inproceedings{Hansen2022pre,
  title={On Pre-Training for Visuo-Motor Control: Revisiting a Learning-from-Scratch Baseline},
  author={Hansen, Nicklas and Yuan, Zhecheng and Ze, Yanjie and Mu, Tongzhou and Rajeswaran, Aravind and Su, Hao and Xu, Huazhe and Wang, Xiaolong},
  booktitle={International Conference on Machine Learning (ICML)},
  year={2023}
}

%%%%%% Probing %%%%%%
@article{bardes2024revisiting,
  title={Revisiting Feature Prediction for Learning Visual Representations from Video},
  author={Bardes, Adrien and Garrido, Quentin and Ponce, Jean and Rabbat, Michael and LeCun, Yann and Assran, Mahmoud and Ballas, Nicolas},
  journal={arXiv:2404.08471},
  year={2024}
}
@article{danier2024depthcuesevaluatingmonoculardepth,
  title={{DepthCues: Evaluating Monocular Depth Perception in Large Vision Models}},
  author={Danier, Duolikun and Aygün, Mehmet and Li, Changjian and Bilen, Hakan and Mac Aodha, Oisin },
  journal={arXiv:2411.17385},
  year={2024}
}

@article{Chen2024,
  author = {Xiaokang Chen and Mingyu Ding and Xiaodi Wang and Ying Xin and Shentong Mo and Yunhao Wang and Shumin Han and Ping Luo and Gang Zeng and Jingdong Wang},
  title = {Context Autoencoder for Self-supervised Representation Learning},
  journal = {International Journal of Computer Vision (IJCV)},
  year = {2024},
  volume = {132},
  number = {1},
  pages = {208--223},
}
@inproceedings{el2024probing,
  title={Probing the 3d awareness of visual foundation models},
  author={El Banani, Mohamed and Raj, Amit and Maninis, Kevis-Kokitsi and Kar, Abhishek and Li, Yuanzhen and Rubinstein, Michael and Sun, Deqing and Guibas, Leonidas and Johnson, Justin and Jampani, Varun},
  booktitle={Conference on Computer Vision and Pattern Recognition (CVPR)},
  pages={21795--21806},
  year={2024}
}
@inproceedings{zhang2016colorful,
  title={Colorful image colorization},
  author={Zhang, Richard and Isola, Phillip and Efros, Alexei A},
  booktitle={Computer Vision--ECCV 2016: 14th European Conference, Amsterdam, The Netherlands, October 11-14, 2016, Proceedings, Part III 14},
  pages={649--666},
  year={2016},
  organization={Springer}
}

@article{oord2018representation,
  title={Representation learning with contrastive predictive coding},
  author={Oord, Aaron van den and Li, Yazhe and Vinyals, Oriol},
  journal={arXiv preprint arXiv:1807.03748},
  year={2018}
}





%%%%%% Ensembles %%%%%%

% BAGGING
@article{bagging,
author = {Breiman, Leo},
title = {Bagging predictors},
year = {1996},
issue_date = {Aug. 1996},
publisher = {Kluwer Academic Publishers},
address = {USA},
volume = {24},
number = {2},
issn = {0885-6125},
url = {https://doi.org/10.1023/A:1018054314350},
doi = {10.1023/A:1018054314350},
journal = {Mach. Learn.},
month = {aug},
pages = {123–140},
numpages = {18},
keywords = {aggregation, averaging, bootstrap, combining}
}

% BOOSTING
@inproceedings{freund1996experiments,
  title={Experiments with a new boosting algorithm},
  author={Freund, Yoav and Schapire, Robert E and others},
  booktitle={icml},
  volume={96},
  pages={148--156},
  year={1996},
  organization={Citeseer}
}
@article{schapire1990strength,
  title={The strength of weak learnability},
  author={Schapire, Robert E},
  journal={Machine learning},
  volume={5},
  pages={197--227},
  year={1990},
  publisher={Springer}
}

% STACKING
@article{WOLPERT1992241,
title = {Stacked generalization},
journal = {Neural Networks},
volume = {5},
number = {2},
pages = {241-259},
year = {1992},
issn = {0893-6080},
doi = {https://doi.org/10.1016/S0893-6080(05)80023-1},
url = {https://www.sciencedirect.com/science/article/pii/S0893608005800231},
author = {David H. Wolpert},
keywords = {Generalization and induction, Combining generalizers, Learning set preprocessing, cross-validation, Error estimation and correction},
}

@InProceedings{Ranzinger_2024_CVPR,
    author    = {Ranzinger, Mike and Heinrich, Greg and Kautz, Jan and Molchanov, Pavlo},
    title     = {AM-RADIO: Agglomerative Vision Foundation Model Reduce All Domains Into One},
    booktitle = {Conference on Computer Vision and Pattern Recognition (CVPR)},
    month     = {June},
    year      = {2024},
    pages     = {12490-12500}
}

%%%%%% Datasets %%%%%%
@inproceedings{inaturalist,
author = {G. Van Horn and O. Mac Aodha and Y. Song and Y. Cui and C. Sun and A. Shepard and H. Adam and P. Perona and S. Belongie},
booktitle = {Computer Vision and Pattern Recognition (CVPR)},
title = {The iNaturalist Species Classification and Detection Dataset},
year = {2018},
}

@article{zhou2017places,
title={Places: A 10 million Image Database for Scene Recognition},
author={Zhou, Bolei and Lapedriza, Agata and Khosla, Aditya and Oliva, Aude and Torralba, Antonio},
journal={Transactions on Pattern Analysis and Machine Intelligence},
year={2017}
}
 


@ARTICLE{ucsd_kitchens,
  author = {Yan, Ge and Wu, Kris and Wang, Xiaolong },
  title = {{ucsd kitchens Dataset}},
  year = {2023},
  month = {August}
}
% UTOKYO X-Arm
@misc{matsushima2023weblab,
  title={Weblab xArm Dataset},
  author={Tatsuya Matsushima and Hiroki Furuta and Yusuke Iwasawa and Yutaka Matsuo},
  year={2023},
}

@misc{embodimentcollaboration2024openxembodimentroboticlearning,
      title={Open X-Embodiment: Robotic Learning Datasets and RT-X Models}, 
      author={Embodiment Collaboration and Abby O'Neill and Abdul Rehman and Abhinav Gupta and Abhiram Maddukuri and Abhishek Gupta and Abhishek Padalkar and Abraham Lee and Acorn Pooley and Agrim Gupta and Ajay Mandlekar and Ajinkya Jain and Albert Tung and Alex Bewley and Alex Herzog and Alex Irpan and Alexander Khazatsky and Anant Rai and Anchit Gupta and Andrew Wang and Andrey Kolobov and Anikait Singh and Animesh Garg and Aniruddha Kembhavi and Annie Xie and Anthony Brohan and Antonin Raffin and Archit Sharma and Arefeh Yavary and Arhan Jain and Ashwin Balakrishna and Ayzaan Wahid and Ben Burgess-Limerick and Beomjoon Kim and Bernhard Schölkopf and Blake Wulfe and Brian Ichter and Cewu Lu and Charles Xu and Charlotte Le and Chelsea Finn and Chen Wang and Chenfeng Xu and Cheng Chi and Chenguang Huang and Christine Chan and Christopher Agia and Chuer Pan and Chuyuan Fu and Coline Devin and Danfei Xu and Daniel Morton and Danny Driess and Daphne Chen and Deepak Pathak and Dhruv Shah and Dieter Büchler and Dinesh Jayaraman and Dmitry Kalashnikov and Dorsa Sadigh and Edward Johns and Ethan Foster and Fangchen Liu and Federico Ceola and Fei Xia and Feiyu Zhao and Felipe Vieira Frujeri and Freek Stulp and Gaoyue Zhou and Gaurav S. Sukhatme and Gautam Salhotra and Ge Yan and Gilbert Feng and Giulio Schiavi and Glen Berseth and Gregory Kahn and Guangwen Yang and Guanzhi Wang and Hao Su and Hao-Shu Fang and Haochen Shi and Henghui Bao and Heni Ben Amor and Henrik I Christensen and Hiroki Furuta and Homanga Bharadhwaj and Homer Walke and Hongjie Fang and Huy Ha and Igor Mordatch and Ilija Radosavovic and Isabel Leal and Jacky Liang and Jad Abou-Chakra and Jaehyung Kim and Jaimyn Drake and Jan Peters and Jan Schneider and Jasmine Hsu and Jay Vakil and Jeannette Bohg and Jeffrey Bingham and Jeffrey Wu and Jensen Gao and Jiaheng Hu and Jiajun Wu and Jialin Wu and Jiankai Sun and Jianlan Luo and Jiayuan Gu and Jie Tan and Jihoon Oh and Jimmy Wu and Jingpei Lu and Jingyun Yang and Jitendra Malik and João Silvério and Joey Hejna and Jonathan Booher and Jonathan Tompson and Jonathan Yang and Jordi Salvador and Joseph J. Lim and Junhyek Han and Kaiyuan Wang and Kanishka Rao and Karl Pertsch and Karol Hausman and Keegan Go and Keerthana Gopalakrishnan and Ken Goldberg and Kendra Byrne and Kenneth Oslund and Kento Kawaharazuka and Kevin Black and Kevin Lin and Kevin Zhang and Kiana Ehsani and Kiran Lekkala and Kirsty Ellis and Krishan Rana and Krishnan Srinivasan and Kuan Fang and Kunal Pratap Singh and Kuo-Hao Zeng and Kyle Hatch and Kyle Hsu and Laurent Itti and Lawrence Yunliang Chen and Lerrel Pinto and Li Fei-Fei and Liam Tan and Linxi "Jim" Fan and Lionel Ott and Lisa Lee and Luca Weihs and Magnum Chen and Marion Lepert and Marius Memmel and Masayoshi Tomizuka and Masha Itkina and Mateo Guaman Castro and Max Spero and Maximilian Du and Michael Ahn and Michael C. Yip and Mingtong Zhang and Mingyu Ding and Minho Heo and Mohan Kumar Srirama and Mohit Sharma and Moo Jin Kim and Naoaki Kanazawa and Nicklas Hansen and Nicolas Heess and Nikhil J Joshi and Niko Suenderhauf and Ning Liu and Norman Di Palo and Nur Muhammad Mahi Shafiullah and Oier Mees and Oliver Kroemer and Osbert Bastani and Pannag R Sanketi and Patrick "Tree" Miller and Patrick Yin and Paul Wohlhart and Peng Xu and Peter David Fagan and Peter Mitrano and Pierre Sermanet and Pieter Abbeel and Priya Sundaresan and Qiuyu Chen and Quan Vuong and Rafael Rafailov and Ran Tian and Ria Doshi and Roberto Mart'in-Mart'in and Rohan Baijal and Rosario Scalise and Rose Hendrix and Roy Lin and Runjia Qian and Ruohan Zhang and Russell Mendonca and Rutav Shah and Ryan Hoque and Ryan Julian and Samuel Bustamante and Sean Kirmani and Sergey Levine and Shan Lin and Sherry Moore and Shikhar Bahl and Shivin Dass and Shubham Sonawani and Shubham Tulsiani and Shuran Song and Sichun Xu and Siddhant Haldar and Siddharth Karamcheti and Simeon Adebola and Simon Guist and Soroush Nasiriany and Stefan Schaal and Stefan Welker and Stephen Tian and Subramanian Ramamoorthy and Sudeep Dasari and Suneel Belkhale and Sungjae Park and Suraj Nair and Suvir Mirchandani and Takayuki Osa and Tanmay Gupta and Tatsuya Harada and Tatsuya Matsushima and Ted Xiao and Thomas Kollar and Tianhe Yu and Tianli Ding and Todor Davchev and Tony Z. Zhao and Travis Armstrong and Trevor Darrell and Trinity Chung and Vidhi Jain and Vikash Kumar and Vincent Vanhoucke and Wei Zhan and Wenxuan Zhou and Wolfram Burgard and Xi Chen and Xiangyu Chen and Xiaolong Wang and Xinghao Zhu and Xinyang Geng and Xiyuan Liu and Xu Liangwei and Xuanlin Li and Yansong Pang and Yao Lu and Yecheng Jason Ma and Yejin Kim and Yevgen Chebotar and Yifan Zhou and Yifeng Zhu and Yilin Wu and Ying Xu and Yixuan Wang and Yonatan Bisk and Yongqiang Dou and Yoonyoung Cho and Youngwoon Lee and Yuchen Cui and Yue Cao and Yueh-Hua Wu and Yujin Tang and Yuke Zhu and Yunchu Zhang and Yunfan Jiang and Yunshuang Li and Yunzhu Li and Yusuke Iwasawa and Yutaka Matsuo and Zehan Ma and Zhuo Xu and Zichen Jeff Cui and Zichen Zhang and Zipeng Fu and Zipeng Lin},
      year={2024},
      eprint={2310.08864},
      archivePrefix={arXiv},
      primaryClass={cs.RO},
      url={https://arxiv.org/abs/2310.08864}, 
}

@misc{grauman2022ego4dworld3000hours,
      title={Ego4D: Around the World in 3,000 Hours of Egocentric Video}, 
      author={Kristen Grauman and Andrew Westbury and Eugene Byrne and Zachary Chavis and Antonino Furnari and Rohit Girdhar and Jackson Hamburger and Hao Jiang and Miao Liu and Xingyu Liu and Miguel Martin and Tushar Nagarajan and Ilija Radosavovic and Santhosh Kumar Ramakrishnan and Fiona Ryan and Jayant Sharma and Michael Wray and Mengmeng Xu and Eric Zhongcong Xu and Chen Zhao and Siddhant Bansal and Dhruv Batra and Vincent Cartillier and Sean Crane and Tien Do and Morrie Doulaty and Akshay Erapalli and Christoph Feichtenhofer and Adriano Fragomeni and Qichen Fu and Abrham Gebreselasie and Cristina Gonzalez and James Hillis and Xuhua Huang and Yifei Huang and Wenqi Jia and Weslie Khoo and Jachym Kolar and Satwik Kottur and Anurag Kumar and Federico Landini and Chao Li and Yanghao Li and Zhenqiang Li and Karttikeya Mangalam and Raghava Modhugu and Jonathan Munro and Tullie Murrell and Takumi Nishiyasu and Will Price and Paola Ruiz Puentes and Merey Ramazanova and Leda Sari and Kiran Somasundaram and Audrey Southerland and Yusuke Sugano and Ruijie Tao and Minh Vo and Yuchen Wang and Xindi Wu and Takuma Yagi and Ziwei Zhao and Yunyi Zhu and Pablo Arbelaez and David Crandall and Dima Damen and Giovanni Maria Farinella and Christian Fuegen and Bernard Ghanem and Vamsi Krishna Ithapu and C. V. Jawahar and Hanbyul Joo and Kris Kitani and Haizhou Li and Richard Newcombe and Aude Oliva and Hyun Soo Park and James M. Rehg and Yoichi Sato and Jianbo Shi and Mike Zheng Shou and Antonio Torralba and Lorenzo Torresani and Mingfei Yan and Jitendra Malik},
      year={2022},
      eprint={2110.07058},
      archivePrefix={arXiv},
      primaryClass={cs.CV},
      url={https://arxiv.org/abs/2110.07058}, 
}


@inproceedings{ridnik2021imagenet21kpretrainingmasses,
 author = {Ridnik, Tal and Ben-Baruch, Emanuel and Noy, Asaf and Zelnik-Manor, Lihi},
 booktitle = {Advances in Neural Information Processing Systems Track on Datasets and Benchmarks},
 title = {ImageNet-21K Pretraining for the Masses},
 year = {2021}
}



%%%%%% Models %%%%%%
% ViT
@inproceedings{
dosovitskiy2021an,
title={An Image is Worth 16x16 Words: Transformers for Image Recognition at Scale},
author={Alexey Dosovitskiy and Lucas Beyer and Alexander Kolesnikov and Dirk Weissenborn and Xiaohua Zhai and Thomas Unterthiner and Mostafa Dehghani and Matthias Minderer and Georg Heigold and Sylvain Gelly and Jakob Uszkoreit and Neil Houlsby},
booktitle={International Conference on Learning Representations (ICLR)},
year={2021},
}
@inproceedings{NIPS2017_3f5ee243,
 author = {Vaswani, Ashish and Shazeer, Noam and Parmar, Niki and Uszkoreit, Jakob and Jones, Llion and Gomez, Aidan N and Kaiser, \L ukasz and Polosukhin, Illia},
 booktitle = {Advances in Neural Information Processing Systems (NeurIPS)},
 title = {Attention is All you Need},
 year = {2017}
}

% ResNet
@inproceedings{he2016deep,
  title={Deep residual learning for image recognition},
  author={He, Kaiming and Zhang, Xiangyu and Ren, Shaoqing and Sun, Jian},
  booktitle={Computer Vision and Pattern Recognition (CVPR)},
  year={2016}
}


%% Other

@inproceedings{houlsby2019parameter,
  title = {Parameter-Efficient Transfer Learning for {NLP}},
  author = {Houlsby, Neil and Giurgiu, Andrei and Jastrzebski, Stanislaw and Morrone, Bruna and De Laroussilhe, Quentin and Gesmundo, Andrea and Attariyan, Mona and Gelly, Sylvain},
  booktitle = {International Conference on Machine Learning (ICML)},
  year = {2019},
}

@inproceedings{ho2020denoising,
  title={Denoising Diffusion Probabilistic Models},
  author={Jonathan Ho and Ajay Jain and Pieter Abbeel},
  year={2020},
  booktitle={Advances in Neural Information Processing Systems (NeurIPS)}
}

@inproceedings{NIPS2014_00ec53c4,
 author = {Simonyan, Karen and Zisserman, Andrew},
 booktitle = {Advances in Neural Information Processing Systems (NeurIPS)},
 title = {Two-Stream Convolutional Networks for Action Recognition in Videos},
 year = {2014}
}

@InProceedings{Karpathy_2014_CVPR,
author = {Karpathy, Andrej and Toderici, George and Shetty, Sanketh and Leung, Thomas and Sukthankar, Rahul and Fei-Fei, Li},
title = {Large-scale Video Classification with Convolutional Neural Networks},
booktitle = {Conference on Computer Vision and Pattern Recognition (CVPR)},
year = {2014}
}


%%% Manipulation
@inproceedings{shen2023F3RM,
    title={Distilled Feature Fields Enable Few-Shot Language-Guided Manipulation},
    author={Shen, William and Yang, Ge and Yu, Alan and Wong, Jansen and Kaelbling, Leslie Pack and Isola, Phillip},
    booktitle={Conference on Robot Learning (CoRL)},
    year={2023},
}

%%% Policy training
@article{JMLR:v17:15-522,
  author  = {Sergey Levine and Chelsea Finn and Trevor Darrell and Pieter Abbeel},
  title   = {End-to-End Training of Deep Visuomotor Policies},
  journal = {Journal of Machine Learning Research (JMLR)},
  year    = {2016},
  volume  = {17},
  number  = {39},
  pages   = {1--40},
}

@inproceedings{DBLP:conf/aaaifs/HausknechtS15,
  author       = {Matthew J. Hausknecht and
                  Peter Stone},
  title        = {Deep Recurrent Q-Learning for Partially Observable MDPs},
  booktitle    = {Association for the Advancement of Artificial Intelligence {(AAAI)} Fall Symposium},
  year         = {2015},
}

@inproceedings{mete2024questselfsupervisedskillabstractions,
      title={QueST: Self-Supervised Skill Abstractions for Learning Continuous Control}, 
      author={Atharva Mete and Haotian Xue and Albert Wilcox and Yongxin Chen and Animesh Garg},
      year={2024},
        booktitle = {Advances in Neural Information Processing Systems (NeurIPS)},
}





%%%%%%%%%%%%%%%%%%%%%%%%% PVRs in non-robot learning tasks. 
@inproceedings{sundaresan2020learning,
  title={Learning rope manipulation policies using dense object descriptors trained on synthetic depth data},
  author={Sundaresan, Priya and Grannen, Jennifer and Thananjeyan, Brijen and Balakrishna, Ashwin and Laskey, Michael and Stone, Kevin and Gonzalez, Joseph E and Goldberg, Ken},
  booktitle={International Conference on Robotics and Automation (ICRA)},
  year={2020}
}
@inproceedings{ganapathi2020learning,
  title={Learning dense visual correspondences in simulation to smooth and fold real fabrics},
  author={Ganapathi, Aditya and Sundaresan, Priya and Thananjeyan, Brijen and Balakrishna, Ashwin and Seita, Daniel and Grannen, Jennifer and Hwang, Minho and Hoque, Ryan and Gonzalez, Joseph E and Jamali, Nawid and others},
  booktitle={International Conference on Robotics and Automation (ICRA)},
  year={2021}
}
@inproceedings{manuelli2021keypoints,
  title={Keypoints into the Future: Self-Supervised Correspondence in Model-Based Reinforcement Learning},
  author={Manuelli, Lucas and Li, Yunzhu and Florence, Pete and Tedrake, Russ},
  booktitle={Conference on Robot Learning (CoRL)},
  year={2021}
}

@inproceedings{florence2019selfsupervised,
  title={Self-supervised correspondence in visuomotor policy learning},
  author={Florence, Peter and Manuelli, Lucas and Tedrake, Russ},
  booktitle={Robotics and Automation Letters (RA-L)},
  year={2019}
}

@InProceedings{pmlr-v87-florence18a,
  title = 	 {Dense Object Nets: Learning Dense Visual Object Descriptors By and For Robotic Manipulation},
  author =       {Florence, Peter R. and Manuelli, Lucas and Tedrake, Russ},
  booktitle = 	 {Conference on Robot Learning (CoRL)},
  year = 	 {2018}
}

@INPROCEEDINGS{nerf-supervision,
  author={Yen-Chen, Lin and Florence, Pete and Barron, Jonathan T. and Lin, Tsung-Yi and Rodriguez, Alberto and Isola, Phillip},
  booktitle={International Conference on Robotics and Automation (ICRA)}, 
  title={{NeRF-Supervision}: Learning Dense Object Descriptors from Neural Radiance Fields}, 
  year={2022}
}


@inproceedings{wang2023d3fields,
    title={D$^3$Fields: Dynamic 3D Descriptor Fields for Zero-Shot Generalizable Robotic Manipulation},
    author={Wang, Yixuan and Li, Zhuoran and Zhang, Mingtong and Driggs-Campbell, Katherine and Wu, Jiajun and Fei-Fei, Li and Li, Yunzhu},
    booktitle={Conference on Robot Learning (CoRL)},
    year={2024}
}



%%%%%%%%%%% Robot Learning that does not use PVRs
@INPROCEEDINGS{10801826,
  author={Sochopoulos, Andreas and Gienger, Michael and Vijayakumar, Sethu},
  booktitle={International Conference on Intelligent Robots and Systems (IROS)}, 
  title={Learning Deep Dynamical Systems using Stable Neural ODEs}, 
  year={2024},
}
@article{florence2021implicit,
    title={Implicit Behavioral Cloning},
    author={Florence, Pete and Lynch, Corey and Zeng, Andy and Ramirez, Oscar and Wahid, Ayzaan and Downs, Laura and Wong, Adrian and Lee, Johnny and Mordatch, Igor and Tompson, Jonathan},
    journal={Conference on Robot Learning (CoRL)},
    year={2021}
}

@InProceedings{pmlr-v15-ross11a,
  title = 	 {A Reduction of Imitation Learning and Structured Prediction to No-Regret Online Learning},
  author = 	 {Ross, Stephane and Gordon, Geoffrey and Bagnell, Drew},
  booktitle = 	 {International Conference on Artificial Intelligence and Statistics (AISTATS)},
    year={2011}

}



%%%%%%%%%% OOD
@inproceedings{
bai2024hypo,
    title={{HYPO}: Hyperspherical Out-Of-Distribution Generalization},
    author={Haoyue Bai and Yifei Ming and Julian Katz-Samuels and Yixuan Li},
    booktitle={International Conference on Learning Representations (ICLR)},
    year={2024},
}

@INPROCEEDINGS{9577393,
author = { Zhang, Xingxuan and Cui, Peng and Xu, Renzhe and Zhou, Linjun and He, Yue and Shen, Zheyan },
booktitle = {Computer Vision and Pattern Recognition (CVPR)},
title = {{ Deep Stable Learning for Out-Of-Distribution Generalization }},
year = {2021},
}
@inproceedings{hendrycks2021facesrobustnesscriticalanalysis,
      title={The Many Faces of Robustness: A Critical Analysis of Out-of-Distribution Generalization}, 
      author={Dan Hendrycks and Steven Basart and Norman Mu and Saurav Kadavath and Frank Wang and Evan Dorundo and Rahul Desai and Tyler Zhu and Samyak Parajuli and Mike Guo and Dawn Song and Jacob Steinhardt and Justin Gilmer},
      year={2021},
    booktitle={International Conference on Computer Vision (ICCV)},
}

@article{InvariantRiskMinimization,
    title={Invariant Risk Minimization},
    author={Arjovsky, Martin and Bottou, L{\'e}on and Gulrajani, Ishaan and Lopez-Paz, David},
    journal={arXiv},
    year={2019}
}

@INPROCEEDINGS{9310796,
  author={Zhao, Wenshuai and Queralta, Jorge Peña and Qingqing, Li and Westerlund, Tomi},
  booktitle={International Conference on Robotics and Automation Engineering (ICRAE)}, 
  title={Towards Closing the Sim-to-Real Gap in Collaborative Multi-Robot Deep Reinforcement Learning}, 
  year={2020},
}



@inproceedings{zhou2023modularity,
  title={Modularity through Attention: Efficient Training and Transfer of Language-Conditioned Policies for Robot Manipulation},
  author={Zhou, Yifan and Sonawani, Shubham and Phielipp, Mariano and Stepputtis, Simon and Amor, Heni},
  booktitle={Conference on Robot Learning (CoRL)},
  year={2023},

}
@article{zhou2023learning,
  title={Learning modular language-conditioned robot policies through attention},
  author={Zhou, Yifan and Sonawani, Shubham and Phielipp, Mariano and Ben Amor, Heni and Stepputtis, Simon},
  journal={Autonomous Robots},
  year={2023}
}

@INPROCEEDINGS{6386109,
  author={Todorov, Emanuel and Erez, Tom and Tassa, Yuval},
  booktitle={IEEE/RSJ International Conference on Intelligent Robots and Systems (IROS)}, 
  title={MuJoCo: A physics engine for model-based control}, 
  year={2012},
}


@article{gupta2024pre,
  title={Pre-trained text-to-image diffusion models are versatile representation learners for control},
  author={Gupta, Gunshi and Yadav, Karmesh and Gal, Yarin and Batra, Dhruv and Kira, Zsolt and Lu, Cong and Rudner, Tim GJ},
  journal={arXiv preprint arXiv:2405.05852},
  year={2024}
}

@article{li2023vision,
  title     = {Vision-Language Foundation Models as Effective Robot Imitators},
  author    = {Li, Xinghang and Liu, Minghuan and Zhang, Hanbo and Yu, Cunjun and Xu, Jie and Wu, Hongtao and Cheang, Chilam and Jing, Ya and Zhang, Weinan and Liu, Huaping and Li, Hang and Kong, Tao},
  journal={arXiv preprint arXiv:2311.01378},
  year={2023}
}

@inproceedings{10.5555/3618408.3619378,
author = {Ma, Yecheng Jason and Kumar, Vikash and Zhang, Amy and Bastani, Osbert and Jayaraman, Dinesh},
title = {LIV: language-image representations and rewards for robotic control},
year = {2023},
booktitle = {International Conference on Machine Learning (ICML)},
series = {ICML}
}

@inproceedings{karamcheti2023voltron,
  title={Language-Driven Representation Learning for Robotics},
  author={Siddharth Karamcheti and Suraj Nair and Annie S. Chen and Thomas Kollar and Chelsea Finn and Dorsa Sadigh and Percy Liang},
  booktitle={Robotics: Science and Systems (RSS)},
  year={2023}
}