@inproceedings{andrew2013deep,
  title={Deep canonical correlation analysis},
  author={Andrew, Galen and Arora, Raman and Bilmes, Jeff and Livescu, Karen},
  booktitle={Proceedings of the 30th ICML},
  pages={1247--1255},
  year={2013}
}

@inproceedings{benton2017deep,
    author = {Benton, Adrian  and
Khayrallah, Huda  and
Gujral, Biman  and
Reisinger, Dee Ann  and
Zhang, Sheng  and
Arora, Raman},
    booktitle = {Proceedings of the 4th RepL4NLP},
    pages = {1--6},
    title = {Deep Generalized Canonical Correlation Analysis},
    year = {2019}
}

@inproceedings{carroll1968generalization,
	title={Generalization of canonical correlation analysis to three or more sets of variables},
	author={Carroll, J. D.},
	booktitle={Proc of APA},
	pages={227--228},
	year={1968}
}

@inproceedings{chang2013canonical,
  title={Canonical correlation analysis based on hilbert-schmidt independence criterion and centered kernel target alignment},
  author={Chang, Billy and Kruger, Uwe and Kustra, Rafal and Zhang, Junping},
  booktitle={Proceedings of the 30th ICML},
  pages={316--324},
  year={2013}
}

@article{fang2015generalized,
  title={Generalized alternating direction method of multipliers: new theoretical insights and applications},
  author={Fang, Ethan X and He, Bingsheng and Liu, Han and Yuan, Xiaoming},
  journal={Math Program Comput},
  volume={7},
  number={2},
  pages={149--187},
  year={2015},
  publisher={Springer}
}

@article{horst1961generalized,
  title={Generalized canonical correlations and their application to experimental data},
  author={Horst, Paul},
  year={1961},
 journal = {J Clin Psychol},
volume = {17},
number = {4},
pages = {331-347}
}

@article{hotelling1992relations,
    author = {Hotelling, Harold},
    title = {Relations between two sets of variates},
    journal = {Biometrika},
    volume = {28},
    number = {3-4},
    pages = {321-377},
    year = {1936}
}

@article{kettenring1971canonical,
  title={Canonical analysis of several sets of variables},
  author={Kettenring, Jon R},
  journal={Biometrika},
  volume={58},
  number={3},
  pages={433--451},
  year={1971},
  publisher={Oxford University Press}
}

@article{tenenhaus2011regularized,
  title={Regularized generalized canonical correlation analysis},
  author={Tenenhaus, Arthur and Tenenhaus, Michel},
  journal={Psychometrika},
  volume={76},
  number={2},
  pages={257--284},
  year={2011},
  publisher={Springer}
}

@inproceedings{uurtio2018sparse,
  title={Sparse non-linear cca through hilbert-schmidt independence criterion},
  author={Uurtio, Viivi and Bhadra, Sahely and Rousu, Juho},
  booktitle={ICDM},
  pages={1278--1283},
  year={2018}
}

@article{xu2017globally,
  title={A globally convergent algorithm for nonconvex optimization based on block coordinate update},
  author={Xu, Yangyang and Yin, Wotao},
  journal={J Sci Comput},
  volume={72},
  number={2},
  pages={700--734},
  year={2017}
}

