@article{ocpb16,
    author       = {Brendan O'Donoghue and Eric Chu and Neal Parikh and Stephen Boyd},
    title        = {Conic Optimization via Operator Splitting and Homogeneous Self-Dual Embedding},
    journal      = {J Optim Theory Appl},
    year         = {2016},
    volume       = {169},
    number       = {3},
    pages        = {1042-1068},
}



@article{chen2013structure,
  title={Structure-constrained sparse canonical correlation analysis with an application to microbiome data analysis},
  author={Chen, Jun and Bushman, Frederic D and Lewis, James D and Wu, Gary D and Li, Hongzhe},
  journal={Biostatistics},
  volume={14},
  number={2},
  pages={244--258},
  year={2013},
  publisher={Oxford University Press}
}

@article{lin2013group,
  title={Group sparse canonical correlation analysis for genomic data integration},
  author={Lin, Dongdong and Zhang, Jigang and Li, Jingyao and Calhoun, Vince D and Deng, Hong-Wen and Wang, Yu-Ping},
  journal={BMC Bioinformatics},
  volume={14},
  pages={1--16},
  year={2013},
  publisher={Springer}
}

@inproceedings{
li2024on,
title={On Sparse Canonical Correlation Analysis},
author={Yongchun Li and Santanu Dey and Weijun Xie},
booktitle={Proceedings of the 38th NeurIPS},
year={2024}
}


@article{ledoit2004honey,
  title={Honey, {I} Shrunk the Sample Covariance Matrix},
  author={Ledoit, Olivier and Wolf, Michael},
  journal={J Portf Manag},
  volume={30},
  number={4},
  pages={110-119},
  year={2004}
}



@article{chicco2020advantages,
  title={The advantages of the {M}atthews correlation coefficient ({MCC}) over {F1} score and accuracy in binary classification evaluation},
  author={Chicco, Davide and Jurman, Giuseppe},
  journal={BMC Genomics},
  volume={21},
number={6},
  pages={1--13},
  year={2020}
}


@book{mart2018handbook,
  title={Handbook of Heuristics},
  author={Mart{\'i}, Rafael and Pardalos, Panos M and Resende, Mauricio GC},
  year={2018},
  publisher={Springer}
}


@article{fu2017scalable,
  title={Scalable and flexible multiview MAX-VAR canonical correlation analysis},
  author={Fu, Xiao and Huang, Kejun and Hong, Mingyi and Sidiropoulos, Nicholas D and So, Anthony Man-Cho},
  journal={IEEE Trans Signal Process},
  volume={65},
  number={16},
  pages={4150--4165},
  year={2017}
}


@article{ramdas2015adaptivity,
  title={Adaptivity and computation-statistics tradeoffs for kernel and distance based high dimensional two sample testing},
  author={Ramdas, Aaditya and Reddi, Sashank J and Poczos, Barnabas and Singh, Aarti and Wasserman, Larry},
  journal={},
volume={arXiv:1508.00655},
  year={2015}
}

@article{barnwal2022survival,
  title={Survival regression with accelerated failure time model in XGBoost},
  author={Barnwal, Avinash and Cho, Hyunsu and Hocking, Toby},
  journal={J Comput Graph Stat},
  volume={31},
  pages={1292--1302},
  year={2022}
}


@inproceedings{qi2023survivaleval,
  title={{SurvivalEVAL}: A comprehensive open-source python package for evaluating individual survival distributions},
  author={Qi, Shi-ang and Sun, Weijie and Greiner, Russell},
  booktitle={Proceedings of AAAI Fall Symposium Series},
  pages={453--457},
  year={2023}
}

@article{laha2022support,
  title={On support recovery with sparse cca: Information theoretic and computational limits},
  author={Laha, Nilanjana and Mukherjee, Rajarshi},
  journal={IEEE Trans Inf Theory},
  volume={69},
  number={3},
  pages={1695--1738},
  year={2022},
  publisher={IEEE}
}



@article{CVXPY16,
  author  = {Steven Diamond and Stephen Boyd},
  title   = {CVXPY: A Python-Embedded Modeling Language for Convex Optimization},
  journal = {J Mach Learn Res},
  year    = {2016},
  volume  = {17},
  number  = {83},
  pages   = {1--5},
}



@inproceedings{duchi2008efficient,
  title={Efficient projections onto the $\ell_1$-ball for learning in high dimensions},
  author={Duchi, John and Shalev-Shwartz, Shai and Singer, Yoram and Chandra, Tushar},
  booktitle={Proc of the 25th ICML},
  pages={272--279},
  year={2008}
}


@article{overton1992sum,
  title={On the sum of the largest eigenvalues of a symmetric matrix},
  author={Overton, Michael L and Womersley, Robert S},
  journal={SIAM J Matrix Anal Appl},
  volume={13},
  pages={41--45},
  year={1992}
}

@inproceedings{vu2013fantope,
    author = {Vincent Q. Vu and
Juhee Cho and
Jing Lei and
Karl Rohe},
    booktitle = {NIPS},
    pages = {2670--2678},
    title = {Fantope Projection and Selection: {A} near-optimal convex relaxation
of sparse {PCA}},
    year = {2013}
}


@article{fang2015generalized,
  title={Generalized alternating direction method of multipliers: new theoretical insights and applications},
  author={Fang, Ethan X and He, Bingsheng and Liu, Han and Yuan, Xiaoming},
  journal={Math Program Comput},
  volume={7},
  number={2},
  pages={149--187},
  year={2015},
  publisher={Springer}
}


@article{xu2017globally,
  title={A globally convergent algorithm for nonconvex optimization based on block coordinate update},
  author={Xu, Yangyang and Yin, Wotao},
  journal={J Sci Comput},
  volume={72},
  number={2},
  pages={700--734},
  year={2017}
}


@article{MR3546438,
    AUTHOR = {Wang, Tengyao and Berthet, Quentin and Samworth, Richard J.},
     TITLE = {Statistical and computational trade-offs in estimation of
              sparse principal components},
JOURNAL = {Ann Statist},
    VOLUME = {44},
      YEAR = {2016},
    NUMBER = {5},
     PAGES = {1896--1930}
}

@article{recht2010guaranteed,
  title={Guaranteed minimum-rank solutions of linear matrix equations via nuclear norm minimization},
  author={Recht, Benjamin and Fazel, Maryam and Parrilo, Pablo A},
  journal={SIAM review},
  volume={52},
  number={3},
  pages={471--501},
  year={2010}
}


@article{Fukumizu2007,
  author  = {Kenji Fukumizu and Francis R. Bach and Arthur Gretton},
  title   = {Statistical Consistency of Kernel Canonical Correlation Analysis},
  journal = {J Mach Learn Res},
  year    = {2007},
  volume  = {8},
  number  = {14},
  pages   = {361--383}
}

@inproceedings{GrettonKIT,
    author = {Gretton, Arthur and Fukumizu, Kenji and Teo, Choon Hui and Song, Le and Sch\"{o}lkopf, Bernhard and Smola, Alexander J.},
    title = {A kernel statistical test of independence},
booktitle = {Proceedings of the 21st NIPS},
    year = {2007},
    pages = {585â€“592}
    }


@phdthesis{fazel2002matrix,
  title={Matrix rank minimization with applications},
  author={Fazel, Maryam},
  year={2002},
  school={Stanford University}
}
      


@book{steinwart2008support,
  title={Support Vector Machines},
  author={Steinwart, Ingo and Christmann, Andreas},
  year={2008},
  publisher={Springer}
}

@article {MR2249882,
    AUTHOR = {Gretton, Arthur and Herbrich, Ralf and Smola, Alexander and
              Bousquet, Olivier and Sch\"{o}lkopf, Bernhard},
     TITLE = {Kernel methods for measuring independence},
  JOURNAL = {J Mach Learn Res},
    VOLUME = {6},
      YEAR = {2005},
     PAGES = {2075--2129}
}

@article{chen2021estimations,
  title={Estimations of singular functions of kernel cross-covariance operators},
  author={Chen, Heng and Chen, Di-Rong and Zhao, Yao},
  journal={J Approx Theory},
  volume={266},
  pages={105576},
  year={2021}
}


@inproceedings{steinwart2006function,
  title={Function classes that approximate the Bayes risk},
  author={Steinwart, Ingo and Hush, Don and Scovel, Clint},
  booktitle={19th Annual Conference on Learning Theory},
  pages={79--93},
  year={2006}
}



@article{de2012encode,
  title={The ENCODE project},
  author={de Souza, Natalie},
  journal={Nat Methods},
  volume={9},
  number={11},
  pages={1046},
  year={2012},
  publisher={Nature Publishing Group US New York}
}

@article{zhang2011novel,
  title={A novel computational framework for simultaneous integration of multiple types of genomic data to identify microRNA-gene regulatory modules},
  author={Zhang, Shihua and Li, Qingjiao and Liu, Juan and Zhou, Xianghong Jasmine},
  journal={Bioinformatics},
  volume={27},
  number={13},
  pages={i401--i409},
  year={2011},
  publisher={Oxford University Press}
}

@article{wang2019multi,
  title={Multi-view subspace clustering with intactness-aware similarity},
  author={Wang, Xiaobo and Lei, Zhen and Guo, Xiaojie and Zhang, Changqing and Shi, Hailin and Li, Stan Z},
  journal={Pattern Recognition},
  volume={88},
  pages={50--63},
  year={2019},
  publisher={Elsevier}
}

@article{yan2019novel,
  title={A novel CpG island methylation panel predicts survival in lung adenocarcinomas},
  author={Yan, Pingzhao and Yang, Xiaohua and Wang, Jianhua and Wang, Shichang and Ren, Hong},
  journal={Oncology Letters},
  volume={18},
  number={2},
  pages={1011--1022},
  year={2019},
  publisher={Spandidos Publications}
}

@article{chen2024high,
  title={High-dimensional sparse single-index regression via Hilbert-Schmidt independence criterion},
  author={Chen, Xin and Deng, Chang and He, Shuaida and Wu, Runxiong and Zhang, Jia},
  journal={Stat Comput},
  volume={34},
  pages={86},
  year={2024}
}

@article{zeng2021admm,
  title={On ADMM in deep learning: Convergence and saturation-avoidance},
  author={Zeng, Jinshan and Lin, Shao-Bo and Yao, Yuan and Zhou, Ding-Xuan},
  journal={JMLR},
  volume={22},
  number={199},
  pages={1--67},
  year={2021}
}

@article{gao2017sparse,
  title={Sparse CCA: Adaptive estimation and computational barriers},
  author={Gao, Chao and Ma, Zongming and Zhou, Harrison H},
  journal={Ann Statist},
  VOLUME = {45},
  pages={2074--2101},
  year={2017}
}


@inproceedings{lindenbaum2021l0,
  title={L0-sparse canonical correlation analysis},
  author={Lindenbaum, Ofir and Salhov, Moshe and Averbuch, Amir and Kluger, Yuval},
  booktitle={Proceedings of ICLR},
pages={1-19},
year={2022}
}


@article{gripenberg2003approximation,
  title={Approximation by neural networks with a bounded number of nodes at each level},
  author={Gripenberg, Gustaf},
  journal={J Approx Theory},
  volume={122},
  pages={260-266},
  year={2003}
}

@inproceedings{chen2017multi,
  title={Multi-view 3d object detection network for autonomous driving},
  author={Chen, Xiaozhi and Ma, Huimin and Wan, Ji and Li, Bo and Xia, Tian},
  booktitle={Proceedings of the IEEE conference on Computer Vision and Pattern Recognition},
  pages={1907--1915},
  year={2017}
}

@misc{martinezidentification,
  title={Identification of miRNA master regulators in breast cancer, Cells 9 (2020) 1610},
  author={Martinez-Gutierrez, AD and de Le{\'o}n, D Cant{\'u} and Millan-Catalan, O and Coronel-Hernandez, J and Campos-Parra, AD and Porras-Reyes, F and Exayana-Alderete, A and L{\'o}pez-Camarillo, C and Jacobo-Herrera, NJ and Ramos-Payan, R and others}
}

@article{van2013mgmt,
  title={MGMT-STP27 methylation status as predictive marker for response to PCV in anaplastic oligodendrogliomas and oligoastrocytomas. A report from EORTC study 26951},
  author={van den Bent, Martin J and Erdem-Eraslan, Lale and Idbaih, Ahmed and de Rooi, Johan and Eilers, Paul HC and Spliet, Wim GM and den Dunnen, Wilfred FA and Tijssen, Cees and Wesseling, Pieter and Sillevis Smitt, Peter AE and others},
  journal={Clinical Cancer Research},
  volume={19},
  number={19},
  pages={5513--5522},
  year={2013},
  publisher={AACR}
}

@article{ricketts2018cancer,
  title={The cancer genome atlas comprehensive molecular characterization of renal cell carcinoma},
  author={Ricketts, Christopher J and De Cubas, Aguirre A and Fan, Huihui and Smith, Christof C and Lang, Martin and Reznik, Ed and Bowlby, Reanne and Gibb, Ewan A and Akbani, Rehan and Beroukhim, Rameen and others},
  journal={Cell reports},
  volume={23},
  number={1},
  pages={313--326},
  year={2018},
  publisher={Elsevier}
}

@article{ren2020mir,
  title={miR-519 regulates the proliferation of breast cancer cells via targeting human antigen R},
  author={Ren, Lili and Li, Yong and Zhao, Qun and Fan, Liqiao and Tan, Bibo and Zang, Aimin and Yang, Hua},
  journal={Oncology Letters},
  volume={19},
  number={2},
  pages={1567--1576},
  year={2020},
  publisher={Spandidos Publications}
}

@article{zhang2022mir,
  title={miR-450a exerts oncosuppressive effects in breast carcinoma by targeting CREB1},
  author={Zhang, Ying and Han, Xiao-Xu and Lin, Xiao-Meng and Li, Zhong and Zhang, Jun-Hua},
  journal={The Kaohsiung Journal of Medical Sciences},
  volume={38},
  number={7},
  pages={643--652},
  year={2022},
  publisher={Wiley Online Library}
}

@article{ulasov2020microrna,
  title={MicroRNA 345 (miR345) regulates KISS1-E-cadherin functional interaction in breast cancer brain metastases},
  author={Ulasov, Ilya and Borovjagin, Anton and Fares, Jawad and Yakushov, Semyon and Malin, Dmitry and Timashev, Peter and Lesniak, Maciej S},
  journal={Cancer Lett},
  volume={481},
  pages={24--31},
  year={2020}
}

@article{xie2018microrna,
  title={MicroRNA-424 serves an anti-oncogenic role by targeting cyclin-dependent kinase 1 in breast cancer cells},
  author={Xie, Dan and Song, Hongming and Wu, Tianqi and Li, Dengfeng and Hua, Kaiyao and Xu, Hui and Zhao, Bingkun and Wu, Chenyang and Hu, Jiashu and Ji, Changle and others},
  journal={Oncology reports},
  volume={40},
  number={6},
  pages={3416--3426},
  year={2018},
  publisher={Spandidos Publications}
}

@article{zhong2016multiscale,
  title={Multiscale and multifeature normalized cut segmentation for high spatial resolution remote sensing imagery},
  author={Zhong, Yanfei and Gao, Rongrong and Zhang, Liangpei},
  journal={IEEE transactions on geoscience and remote sensing},
  volume={54},
  number={10},
  pages={6061--6075},
  year={2016},
  publisher={IEEE}
}

@inproceedings{gretton2005kernel,
  title={Kernel constrained covariance for dependence measurement},
  author={Gretton, Arthur and Smola, Alexander and Bousquet, Olivier and Herbrich, Ralf and Belitski, Andrei and Augath, Mark and Murayama, Yusuke and Pauls, Jon and Sch{\"o}lkopf, Bernhard and Logothetis, Nikos},
  booktitle={International Workshop on Artificial Intelligence and Statistics},
  pages={112--119},
  year={2005}
}

@article{larmuseau2019associating,
  title={Associating expression and genomic data using co-occurrence measures},
  author={Larmuseau, Maarten and Verbeke, Lieven PC and Marchal, Kathleen},
  journal={Biology Direct},
  volume={14},
  pages={1--14},
  year={2019},
  publisher={Springer}
}

@article{tan2020sparse,
  title={Sparse SIR: Optimal rates and adaptive estimation},
  author={Tan, Kai and Shi, Lei and Yu, Zhou},
  year={2020}
}

@article{di2018p53,
  title={A p53/miR-30a/ZEB2 axis controls triple negative breast cancer aggressiveness},
  author={di Gennaro, Alessandra and Damiano, Valentina and Brisotto, Giulia and Armellin, Michela and Perin, Tiziana and Zucchetto, Antonella and Guardascione, Michela and Spaink, Herman P and Doglioni, Claudio and Snaar-Jagalska, B Ewa and others},
  journal={Cell Death \& Differentiation},
  volume={25},
  number={12},
  pages={2165--2180},
  year={2018},
  publisher={Nature Publishing Group UK London}
}

@article{hao2023mirna,
author = {Hao, Hui  and Wang, Bingsheng  and Yang, Lin  and Sang, Yinzhou  and Xu, Wei  and Liu, Wei  and Zhang, Lili  and Jiang, Da },
title = {miRNA-186-5p inhibits migration, invasion and proliferation of breast cancer cells by targeting SBEM},
journal = {Aging},
volume = {15},
number = {14},
pages = {6993-7007},
year = {2023},
}




@article{chaudhary2017novel,
  title={A novel FOXA1/ESR1 interacting pathway: A study of Oncomineâ„¢ breast cancer microarrays},
  author={Chaudhary, Sanjib and Krishna, B Madhu and Mishra, Sandip K},
  journal={Oncology Letters},
  volume={14},
  number={2},
  pages={1247--1264},
  year={2017},
  publisher={Spandidos Publications}
}

@article{yoon2020sparse,
  title={Sparse semiparametric canonical correlation analysis for data of mixed types},
  author={Yoon, Grace and Carroll, Raymond J and Gaynanova, Irina},
  journal={Biometrika},
  volume={107},
  number={3},
  pages={609--625},
  year={2020},
  publisher={Oxford University Press}
}

@article{rousseeuw1987silhouettes,
  title={Silhouettes: a graphical aid to the interpretation and validation of cluster analysis},
  author={Rousseeuw, Peter J},
  journal={J. Comput. Appl. Math.},
  volume={20},
  pages={53--65},
  year={1987},
  publisher={Elsevier}
}

@inproceedings{chen2016xgboost,
  title={Xgboost: A scalable tree boosting system},
  author={Chen, Tianqi and Guestrin, Carlos},
  booktitle={KDD},
  pages={785--794},
  year={2016}
}


@article{eleftheriadis2014discriminative,
  title={Discriminative shared gaussian processes for multiview and view-invariant facial expression recognition},
  author={Eleftheriadis, Stefanos and Rudovic, Ognjen and Pantic, Maja},
  journal={IEEE transactions on image processing},
  volume={24},
  number={1},
  pages={189--204},
  year={2014},
  publisher={IEEE}
}

@article{kingma2013auto,
  title={Auto-encoding variational bayes},
  author={Kingma, Diederik P and Welling, Max},
  journal={arXiv:1312.6114},
  year={2013}
}

@inproceedings{wang2023mcf,
  title={MCF: Mutual Correction Framework for Semi-Supervised Medical Image Segmentation},
  author={Wang, Yongchao and Xiao, Bin and Bi, Xiuli and Li, Weisheng and Gao, Xinbo},
  booktitle={Proceedings of the IEEE/CVF Conference on Computer Vision and Pattern Recognition},
  pages={15651--15660},
  year={2023}
}

@inproceedings{basak2023pseudo,
  title={Pseudo-Label Guided Contrastive Learning for Semi-Supervised Medical Image Segmentation},
  author={Basak, Hritam and Yin, Zhaozheng},
  booktitle={Proceedings of the IEEE/CVF Conference on Computer Vision and Pattern Recognition},
  pages={19786--19797},
  year={2023}
}

@article{bach2002kernel,
  title={Kernel independent component analysis},
  author={Bach, Francis R and Jordan, Michael I},
  journal={J Mach Learn Res},
  volume={3},
  pages={1--48},
  year={2002}
}

@ARTICLE{6788402,
  author={Hardoon, David R. and Szedmak, Sandor and Shawe-Taylor, John},
  journal={Neural Comput}, 
  title={Canonical Correlation Analysis: An Overview with Application to Learning Methods}, 
  year={2004},
  volume={16},
  number={12},
  pages={2639-2664},
  keywords={},
  doi={10.1162/0899766042321814}}

@article{laikernel2000,
  title={Kernel and nonlinear canonical correlation analysis},
  author={Lai, Pei Ling and Fyfe, Colin},
  journal={International Journal of Neural Systems},
  volume={10},
  number={5},
  year={2000},
  pages={365--377}
}

@article{van2013wu,
  title={The WU-Minn human connectome project: an overview},
  author={Van Essen, David C and Smith, Stephen M and Barch, Deanna M and Behrens, Timothy EJ and Yacoub, Essa and Ugurbil, Kamil and Wu-Minn HCP Consortium and others},
  journal={Neuroimage},
  volume={80},
  pages={62--79},
  year={2013},
  publisher={Elsevier}
}

@article{lin2013dimension,
  title={Dimension reduction in functional regression using mixed data canonical correlation analysis},
  author={Lin, Nan and Wang, Guochang and Zhang, Baoxue},
  journal={Stat Its Interface},
  volume={6},
  number={2},
  pages={187--196},
  year={2013},
  publisher={International Press of Boston}
}

@ARTICLE{9619966,
  author={Li, Xinrong and Xiu, Xianchao and Liu, Wanquan and Miao, Zhonghua},
  journal={IEEE Signal Process Lett}, 
  title={An Efficient Newton-Based Method for Sparse Generalized Canonical Correlation Analysis}, 
  year={2022},
  volume={29},
  pages={125-129}
}


@inproceedings{shi2017penalty,
  title={Penalty dual decomposition method with application in signal processing},
  author={Shi, Qingjiang and Hong, Mingyi},
  booktitle={ICASSP},
  pages={4059--4063},
  year={2017}
}

@article{kanatsoulis2018structured,
  title={Structured SUMCOR multiview canonical correlation analysis for large-scale data},
  author={Kanatsoulis, Charilaos I and Fu, Xiao and Sidiropoulos, Nicholas D and Hong, Mingyi},
  journal={IEEE Trans Signal Process},
  volume={67},
  number={2},
  pages={306--319},
  year={2018},
  publisher={IEEE}
}

@article{wang2010initial,
  title={Initial study of microRNA expression profiles of colonic cancer without lymph node metastasis},
  author={Wang, Ying Xin and Zhang, Xiao Yan and Zhang, Bao Feng and Yang, Chang Qing and Chen, Xi Mei and Gao, Heng Jun},
  journal={Journal of digestive diseases},
  volume={11},
  number={1},
  pages={50--54},
  year={2010},
  publisher={Wiley Online Library}
}

@article{rodosthenous2020,
  title={Integrating multi-OMICS data through sparse canonical correlation analysis for the prediction of complex traits: a comparison study},
  author={Rodosthenous, Theodoulos and Shahrezaei, Vahid and Evangelou, Marina},
  journal={Bioinformatics},
  volume={36},
  number={17},
  pages={4616--4625},
  year={2020}
}


@article{ennour2020dna,
  title={DNA methylation and breast cancer risk: an epigenome-wide study of normal breast tissue and blood},
  author={Ennour-Idrissi, Kaoutar and Dragic, Dzevka and Issa, Elissar and Michaud, Annick and Chang, Sue-Ling and Provencher, Louise and Durocher, Francine and Diorio, Caroline},
  journal={Cancers},
  volume={12},
  number={11},
  pages={3088},
  year={2020}
}


@article{lock2013bayesian,
  title={Bayesian consensus clustering},
  author={Lock, Eric F and Dunson, David B},
  journal={Bioinformatics},
  volume={29},
  number={20},
  pages={2610--2616},
  year={2013}
}



@article{fish2016muscleblind,
  title={Muscleblind-like 1 suppresses breast cancer metastatic colonization and stabilizes metastasis suppressor transcripts},
  author={Fish, Lisa and Pencheva, Nora and Goodarzi, Hani and Tran, Hien and Yoshida, Mitsukuni and Tavazoie, Sohail F},
  journal={Genes \& development},
  volume={30},
  number={4},
  pages={386--398},
  year={2016}
}




@ARTICLE{10.3389,

AUTHOR={Yang, Lin  and Wu, Shuangling  and Ma, Chunhui  and Song, Shuhui  and Jin, Feng  and Niu, Yamei  and Tong, Wei-Min },

TITLE={RNA m6A Methylation Regulators Subclassify Luminal Subtype in Breast Cancer},

JOURNAL={Frontiers in Oncology},

VOLUME={10},

YEAR={2021}
}

@article{asare2022race,
  title={Race-associated molecular changes in gynecologic malignancies},
  author={Asare, Amma and Yao, Hui and Lara, Olivia D and Wang, Ying and Zhang, Lin and Sood, Anil K},
  journal={Cancer Res. Commun.},
  volume={2},
  number={2},
  pages={99--109},
  year={2022},
  publisher={AACR}
}

@article{yu2024exploration,
  title={Exploration of SERPINA family functions and prognostic value in breast cancer based on transcriptome and in vitro analysis},
  author={Yu, Qiyi and Xie, Tianyuan and Zhang, Yidong and Pan, Tianyue and Tan, Yongmei and Qin, Hai and Yan, Simin},
  journal={Environ Toxicol},
  volume={39},
  number={4},
  pages={1951--1967},
  year={2024},
  publisher={Wiley Online Library}
}

@phdthesis{jeyananthan2020working,
  title={Working across the Omic scales in high throughput data-driven biology},
  author={Jeyananthan, Pratheeba},
  year={2020},
  school={University of Southampton}
}

@article{shahi2017gata3,
  title={GATA3 targets semaphorin 3B in mammary epithelial cells to suppress breast cancer progression and metastasis},
  author={Shahi, Payam and Wang, Chih-Yang and Chou, Jonathan and Hagerling, Catharina and Gonzalez Velozo, H and Ruderisch, Aline and Yu, Ying and Lai, Ming-Derg and Werb, Zena},
  journal={Oncogene},
  volume={36},
  number={40},
  pages={5567--5575},
  year={2017},
  publisher={Nature Publishing Group}
}

@article{yang2019expression,
  title={Expression pattern of microRNAs related with response to trastuzumab in breast cancer},
  author={Yang, Fan and Fu, Ziyi and Yang, Mengzhu and Sun, Chunxiao and Li, Yongfei and Chu, Jiahui and Zhang, Yanhong and Li, Wei and Huang, Xiang and Li, Jun and others},
  journal={Journal of Cellular Physiology},
  volume={234},
  number={9},
  pages={16102--16113},
  year={2019},
  publisher={Wiley Online Library}
}


@article{yin2018mir,
  title={Mi{R}-577 suppresses epithelial-mesenchymal transition and metastasis of breast cancer by targeting Rab25},
  author={Yin, Chonggao and Mou, Qingjie and Pan, Xinting and Zhang, Guoxin and Li, Hongli and Sun, Yunbo},
  journal={Thoracic Cancer},
  volume={9},
  number={4},
  pages={472--479},
  year={2018}
}


@article{li2017tumor,
  title={Tumor-suppressive microRNA-452 inhibits migration and invasion of breast cancer cells by directly targeting RAB11A},
  author={Li, Wanjun and Li, Guoyin and Fan, Zhigang and Liu, Tao},
  journal={Oncology Letters},
  volume={14},
  number={2},
  pages={2559--2565},
  year={2017}
}


@article{huang2012microrna,
  title={Micro{RNA}-224 targets {RKIP} to control cell invasion and expression of metastasis genes in human breast cancer cells},
  author={Huang, Lin and Dai, Ting and Lin, Xi and Zhao, Xiaohui and Chen, Xiuting and Wang, Chanjuan and Li, Xinghua and Shen, Huiyong and Wang, Xi},
  journal={Biochem Biophys Res Commun},
  volume={425},
  pages={127--133},
  year={2012}
}


@article{egeland2020mir,
  title={MiR-18a and miR-18b are expressed in the stroma of oestrogen receptor alpha negative breast cancers},
  author={Egeland, Nina Gran and Jonsdottir, Kristin and Aure, Miriam Ragle and Sahlberg, Kristine and Kristensen, Vessela N and Cronin-Fenton, Deirdre and Skaland, Ivar and Gudlaugsson, Einar and Baak, Jan PA and Janssen, Emiel AM},
  journal={BMC Cancer},
  volume={20},
  pages={377},
  year={2020}
}

@article{LU2021101581,
title = {mi{R}-934 promotes breast cancer metastasis by regulation of PTEN and epithelialâ€“mesenchymal transition},
journal = {Tissue and Cell},
volume = {71},
pages = {101581},
year = {2021},
author = {Yexia Lu and Xiuxiu Hu and Xueyi Yang}
}


@article{murray2020cell,
  title={The cell-surface anchored serine protease {TMPRSS13} promotes breast cancer progression and resistance to chemotherapy},
  author={Murray, Andrew S and Hyland, Thomas E and Sala-Hamrick, Kimberley E and Mackinder, Jacob R and Martin, Carly E and Tanabe, Lauren M and Varela, Fausto A and List, Karin},
  journal={Oncogene},
  volume={39},
  number={41},
  pages={6421--6436},
  year={2020}
}

@article{liu2024chst4,
  title={{CHST4} associates with high-abundance immune infiltration in hormone receptor--positive breast cancer},
  author={Liu, Yansong and Hu, Anbang and Shakila, Suborna S and Cheng, Weilun and Wang, Ting and Zhang, Jiarui and Yu, Tianshui and Duan, Yunqiang and Feng, Jianyuan and Ding, Yu and others},
  journal={J Leukoc Biol},
  pages={qiae190},
  year={2024},
  publisher={Oxford University Press US}
}

@article{stebbing2015ksr1,
  title={KSR1 regulates BRCA1 degradation and inhibits breast cancer growth},
  author={Stebbing, Justin and Zhang, Hua and Xu, Y and Lit, Lei Cheng and Green, AR and Grothey, A and Lombardo, Y and Periyasamy, Manikandan and Blighe, K and Zhang, W and others},
  journal={Oncogene},
  volume={34},
  number={16},
  pages={2103--2114},
  year={2015},
  publisher={Nature Publishing Group}
}

@article{pedrosa2021differential,
  title={Differential expression of BOC, SPOCK2, and GJD3 is associated with brain metastasis of ER-negative breast cancers},
  author={Pedrosa, Rute MSM and Wismans, Leonoor V and Sinke, Renata and van der Weiden, Marcel and van Eijck, Casper HJ and Kros, Johan M and Mustafa, Dana AM},
  journal={Cancers},
  volume={13},
  number={12},
  pages={2982},
  year={2021},
  publisher={MDPI}
}

@article{chalise2012comparison,
  title={Comparison of penalty functions for sparse canonical correlation analysis},
  author={Chalise, Prabhakar and Fridley, Brooke L},
  journal={Comput. Stat. Data Anal.},
  volume={56},
  number={2},
  pages={245--254},
  year={2012},
  publisher={Elsevier}
}


@article{lv2024sparse,
  title={Sparse Generalized Canonical Correlation Analysis: Distributed Alternating Iteration-Based Approach},
  author={Lv, Kexin and Cai, Jia and Huo, Junyi and Shang, Chao and Huang, Xiaolin and Yang, Jie},
  journal={Neural Comput},
  volume={36},
  number={7},
  pages={1380--1409},
  year={2024}
}

@article{barberio2024p215,
  title={P215 Mir-135b, an Early Biomarker of Sporadic and IBD-Related Colorectal Carcinogenetic Progression},
  author={Barberio, B and Borga, C and Giada, M and Zingone, F and Fassan, M and Savarino, E},
  journal={Journal of Crohn's and Colitis},
  volume={18},
  number={Supplement\_1},
  pages={i540--i541},
  year={2024},
  publisher={Oxford University Press UK}
}

@article{tenenhaus2015kernel,
  title={Kernel generalized canonical correlation analysis},
  author={Tenenhaus, Arthur and Philippe, Cathy and Frouin, Vincent},
  journal={Comput Stat Data Anal},
  volume={90},
  pages={114--131},
  year={2015},
  publisher={Elsevier}
}

@article{ogura2013variable,
  title={A variable selection criterion for two sets of principal component scores in principal canonical correlation analysis},
  author={Ogura, Toru and Fujikoshi, Yasunori and Sugiyama, Takakazu},
  journal={Commun Stat--Theor Meth},
  volume={42},
  pages={2118--2135},
  year={2013},
  publisher={Taylor \& Francis}
}
@article{van1984linear,
  title={Linear relations among k sets of variables},
  author={Van de Geer, John P},
  journal={Psychometrika},
  volume={49},
  pages={79--94},
  year={1984},
  publisher={Springer}
}

@article{bach2005probabilistic,
  title={A probabilistic interpretation of canonical correlation analysis},
  author={Bach, Francis R and Jordan, Michael I},
  year={2005},
  publisher={Technical Report 688, Department of Statistics, University of California~â€¦}
}

@article{xu2015empirical,
  title={Empirical evaluation of rectified activations in convolutional network},
  author={Xu, Bing and Wang, Naiyan and Chen, Tianqi and Li, Mu},
  journal={arXiv:1505.00853},
  year={2015}
}

@article{bro2003centering,
  title={Centering and scaling in component analysis},
  author={Bro, Rasmus and Smilde, Age K},
  journal={J Chemom},
  volume={17},
  number={1},
  pages={16--33},
  year={2003},
  publisher={Wiley Online Library}
}

@article{sevilla2022bayesian,
  title={Bayesian sparse factor analysis with kernelized observations},
  author={Sevilla-Salcedo, Carlos and Guerrero-L{\'o}pez, Alejandro and Olmos, Pablo M and G{\'o}mez-Verdejo, Vanessa},
  journal={Neurocomputing},
  volume={490},
  pages={66--78},
  year={2022},
  publisher={Elsevier}
}

@article{kettenring1971canonical,
  title={Canonical analysis of several sets of variables},
  author={Kettenring, Jon R},
  journal={Biometrika},
  volume={58},
  number={3},
  pages={433--451},
  year={1971},
  publisher={Oxford University Press}
}

@inproceedings{carroll1968generalization,
	title={Generalization of canonical correlation analysis to three or more sets of variables},
	author={Carroll, J. D.},
	booktitle={Proc of APA},
	pages={227--228},
	year={1968}
}


@article{horst1961generalized,
  title={Generalized canonical correlations and their application to experimental data},
  author={Horst, Paul},
  year={1961},
 journal = {J Clin Psychol},
volume = {17},
number = {4},
pages = {331-347}
}

@inproceedings{michaeli2016,
  title={Nonparametric canonical correlation analysis},
  author={Michaeli, Tomer and Wang, Weiran and Livescu, Karen},
  booktitle={ICML},
  pages={1967--1976},
  year={2016}
}


@article{aronszajn1950theory,
  title={Theory of reproducing kernels},
  author={Aronszajn, Nachman},
  journal={Trans Am Math Soc},
  volume={68},
  number={3},
  pages={337--404},
  year={1950}
}


@article{DCCA-SCO,
  title={Deep canonical correlation analysis using sparsity-constrained optimization for nonlinear process monitoring},
  author={Xiu, Xianchao and Miao, Zhonghua and Yang, Ying and Liu, Wanquan},
  journal={IEEE Trans Ind Inform},
  volume={18},
  number={10},
  pages={6690--6699},
  year={2021}
}




@article{li2020application,
  title={Application of deep canonically correlated sparse autoencoder for the classification of schizophrenia},
  author={Li, Gang and Han, Depeng and Wang, Chao and Hu, Wenxing and Calhoun, Vince D and Wang, Yu-Ping},
  journal={Comput Methods Programs Biomed},
  volume={183},
  pages={105073},
  year={2020}
}


@article{colaprico2016tcgabiolinks,
  title={TCGAbiolinks: an R/Bioconductor package for integrative analysis of TCGA data},
  author={Colaprico, Antonio and Silva, Tiago C and Olsen, Catharina and Garofano, Luciano and Cava, Claudia and Garolini, Davide and Sabedot, Thais S and Malta, Tathiane M and Pagnotta, Stefano M and Castiglioni, Isabella and others},
  journal={Nucleic Acids Research},
  volume={44},
  number={8},
  pages={e71--e71},
  year={2016}
}


@article{chen2025edger,
  title={edgeR v4: powerful differential analysis of sequencing data with expanded functionality and improved support for small counts and larger datasets},
  author={Chen, Yunshun and Chen, Lizhong and Lun, Aaron TL and Baldoni, Pedro L and Smyth, Gordon K},
  journal={Nucleic Acids Research},
  volume={53},
  number={2},
  pages={gkaf018},
  year={2025}
}

@article{troyanskaya2001missing,
  title={Missing value estimation methods for DNA microarrays},
  author={Troyanskaya, Olga and Cantor, Michael and Sherlock, Gavin and Brown, Pat and Hastie, Trevor and Tibshirani, Robert and Botstein, David and Altman, Russ B},
  journal={Bioinformatics},
  volume={17},
  number={6},
  pages={520--525},
  year={2001}
}

@article{leek2012sva,
  title={The sva package for removing batch effects and other unwanted variation in high-throughput experiments},
  author={Leek, Jeffrey T and Johnson, W Evan and Parker, Hilary S and Jaffe, Andrew E and Storey, John D},
  journal={Bioinformatics},
  volume={28},
  number={6},
  pages={882--883},
  year={2012}
}

@article{love2014moderated,
  title={Moderated estimation of fold change and dispersion for RNA-seq data with DESeq2},
  author={Love, Michael I and Huber, Wolfgang and Anders, Simon},
  journal={Genome Biology},
  volume={15},
  pages={1--21},
  year={2014}
}

@article{li2018survey,
  title={A survey of multi-view representation learning},
  author={Li, Yingming and Yang, Ming and Zhang, Zhongfei},
  journal={IEEE Trans Knowl Data Eng},
  volume={31},
  number={10},
  pages={1863--1883},
  year={2018}
}

@article{tomczak2015review,
  title={Review The Cancer Genome Atlas (TCGA): an immeasurable source of knowledge},
  author={Tomczak, Katarzyna and Czerwi{\'n}ska, Patrycja and Wiznerowicz, Maciej},
  journal={Contemp Oncol (Pozn)},
  volume={2015},
  number={1},
  pages={68--77},
  year={2015},
  publisher={Termedia}
}



@article{goponenko2005modeling,
  title={Modeling of stimulated hydrogel volume changes in photonic crystal Pb2+ sensing materials},
  author={Goponenko, Alexander V and Asher, Sanford A},
  journal={Journal of the American Chemical Society},
  volume={127},
  number={30},
  pages={10753--10759},
  year={2005},
  publisher={ACS Publications}
}

@inproceedings{andrew2013deep,
  title={Deep canonical correlation analysis},
  author={Andrew, Galen and Arora, Raman and Bilmes, Jeff and Livescu, Karen},
  booktitle={Proceedings of the 30th ICML},
  pages={1247--1255},
  year={2013}
}

@article{hunter2004tutorial,
  title={A tutorial on MM algorithms},
  author={Hunter, David R and Lange, Kenneth},
  journal={The American Statistician},
  volume={58},
  number={1},
  pages={30--37},
  year={2004},
  publisher={Taylor \& Francis}
}

@article{tan2018convex,
  title={A convex formulation for high-dimensional sparse sliced inverse regression},
  author={Tan, Kean Ming and Wang, Zhaoran and Zhang, Tong and Liu, Han and Cook, R Dennis},
  journal={Biometrika},
  volume={105},
  number={4},
  pages={769--782},
  year={2018},
  publisher={Oxford University Press}
}

@article{suo2017sparse,
  title={Sparse canonical correlation analysis},
  author={Suo, Xiaotong and Minden, Victor and Nelson, Bradley and Tibshirani, Robert and Saunders, Michael},
  journal={arXiv:1705.10865},
  year={2017}
}

@article{wang2016deep,
  title={Deep variational canonical correlation analysis},
  author={Wang, Weiran and Yan, Xinchen and Lee, Honglak and Livescu, Karen},
  journal={arXiv:1610.03454},
  year={2016}
}
@inproceedings{wang2015deep,
  title={On deep multi-view representation learning},
  author={Wang, Weiran and Arora, Raman and Livescu, Karen and Bilmes, Jeff},
  booktitle={Proceedings of the 32nd ICML},
  pages={1083--1092},
  year={2015}
}

@article{SevillaSalcedo2020BayesianSF,
  title={Bayesian Sparse Factor Analysis with Kernelized Observations},
  author={Carlos Sevilla-Salcedo and Alejandro Guerrero-L{\'o}pez and Pablo M. Olmos and Vanessa G'omez-Verdejo},
  journal={ArXiv},
  year={2020},
  volume={abs/2006.00968},
  url={https://api.semanticscholar.org/CorpusID:219177288}
}

@article{yamanishi2003extraction,
  title={Extraction of correlated gene clusters from multiple genomic data by generalized kernel canonical correlation analysis},
  author={Yamanishi, Yoshihiro and Vert, J-P and Nakaya, Akihiro and Kanehisa, Minoru},
  journal={Bioinformatics},
  volume={19},
  number={suppl\_1},
  pages={i323--i330},
  year={2003},
  publisher={Oxford University Press}
}

@article{hardoon2004canonical,
  title={Canonical correlation analysis: An overview with application to learning methods},
  author={Hardoon, David R and Szedmak, Sandor and Shawe-Taylor, John},
  journal={Neural Comput},
  volume={16},
  number={12},
  pages={2639--2664},
  year={2004},
  publisher={MIT Press}
}

@article{zheng2006facial,
  title={Facial expression recognition using kernel canonical correlation analysis (KCCA)},
  author={Zheng, Wenming and Zhou, Xiaoyan and Zou, Cairong and Zhao, Li},
  journal={IEEE transactions on neural networks},
  volume={17},
  number={1},
  pages={233--238},
  year={2006},
  publisher={IEEE}
}


@inproceedings{parkhomenko2007genome,
  title={Genome-wide sparse canonical correlation of gene expression with genotypes},
  author={Parkhomenko, Elena and Tritchler, David and Beyene, Joseph},
  booktitle={BMC proceedings},
  volume={1},
  number={1},
  pages={1--5},
  year={2007},
  organization={BioMed Central}
}

@inproceedings{NEURIPS2020_41c542df,
 author = {Ghorbani, Amirata and Zou, James Y},
 booktitle = {Proceeding of the 34th NeurIPS},
 pages = {5922--5932},
 title = {Neuron Shapley: Discovering the Responsible Neurons},
 year = {2020}
}





@article{chu2013sparse,
  title={Sparse canonical correlation analysis: New formulation and algorithm},
  author={Chu, Delin and Liao, Li-Zhi and Ng, Michael K and Zhang, Xiaowei},
  journal={IEEE TPAMI},
  volume={35},
  pages={3050--3065},
  year={2013}
}

@article{hardoon2011sparse,
  title={Sparse canonical correlation analysis},
  author={Hardoon, David R and Shawe-Taylor, John},
  journal={Machine Learning},
  volume={83},
  pages={331--353},
  year={2011},
  publisher={Springer}
}




@article{parkhomenko2009sparse,
  title={Sparse canonical correlation analysis with application to genomic data integration},
  author={Parkhomenko, Elena and Tritchler, David and Beyene, Joseph},
  journal={Stat Appl Genet Mol Biol},
  volume={8},
  number={1},
  year={2009}
}

@article{waaijenborg2008,
  title={Quantifying the association between gene expressions and DNA-markers by penalized canonical correlation analysis},
  author={Waaijenborg, Sandra and Verselewel de Witt Hamer, Philip C and Zwinderman, Aeilko H},
  journal={Stat Appl Genet Mol Biol},
  volume={7},
  number={1},
  year={2008}
}

@article{gu2020sparse,
  title={Sparse canonical correlation analysis algorithm with alternating direction method of multipliers},
  author={Gu, Xiaolan and Wang, Qiusheng},
  journal={Comm Statist--Simul Comput},
  volume={49},
  number={9},
  pages={2372--2388},
  year={2020}
}

@article{mai2019iterative,
  title={An iterative penalized least squares approach to sparse canonical correlation analysis},
  author={Mai, Qing and Zhang, Xin},
  journal={Biometrics},
  volume={75},
  pages={734--744},
  year={2019}
}


@article{weinstein2013cancer,
  title={The cancer genome atlas pan-cancer analysis project},
  author={Weinstein, John N and Collisson, Eric A and Mills, Gordon B and Shaw, Kenna R and Ozenberger, Brad A and Ellrott, Kyle and Shmulevich, Ilya and Sander, Chris and Stuart, Joshua M},
  journal={Nat Genet},
  volume={45},
  number={10},
  pages={1113--1120},
  year={2013}
}



@article{yu2025review,
  title={A review on multi-view learning},
  author={Yu, Zhiwen and Dong, Ziyang and Yu, Chenchen and Yang, Kaixiang and Fan, Ziwei and Chen, CL Philip},
  journal={Front Comput Sci},
  volume={19},
  number={7},
  pages={197334},
  year={2025}
}


@article{chen2023applications,
  title={Applications of multi-omics analysis in human diseases},
  author={Chen, Chongyang and Wang, Jing and Pan, Donghui and Wang, Xinyu and Xu, Yuping and Yan, Junjie and Wang, Lizhen and Yang, Xifei and Yang, Min and Liu, Gong-Ping},
  journal={MedComm},
  volume={4},
  number={4},
  pages={e315},
  year={2023}
}

@article{witten2009penalized,
  title={A penalized matrix decomposition, with applications to sparse principal components and canonical correlation analysis},
  author={Witten, Daniela M and Tibshirani, Robert and Hastie, Trevor},
  journal={Biostatistics},
  volume={10},
  number={3},
  pages={515--534},
  year={2009},
  publisher={Oxford University Press}
}


@article{Kobo12,
	title={Comprehensive molecular portraits of human breast tumours},
	author={Koboldt, {D. C.} and Fulton, {R. S.} and McLellan, {M. D.} and Heather S. and Joelle Kalicki-Veizer and McMichael, {J. F.} and Fulton, {L. L.} and Dooling, {D. J.} and Li, D. and others},
	journal={Nature},
	volume={490},
	number={7418},
	pages={61--70},
	year={2012}
}

@article {MR950344,
    AUTHOR = {Yin, Y. Q. and Bai, Z. D. and Krishnaiah, P. R.},
     TITLE = {On the limit of the largest eigenvalue of the
              large-dimensional sample covariance matrix},
   JOURNAL = {Probab Theory Related Fields},
  FJOURNAL = {Probability Theory and Related Fields},
    VOLUME = {78},
      YEAR = {1988},
    NUMBER = {4},
     PAGES = {509--521}
}


@book {MR3444832,
    AUTHOR = {Bertsekas, Dimitri P.},
     TITLE = {Nonlinear Programming},
   EDITION = {Second},
 PUBLISHER = {Athena Scientific},
      YEAR = {1999}
}


@article{du2023adaptive,
  title={Adaptive structured sparse multiview canonical correlation analysis for multimodal brain imaging association identification},
  author={Du, Lei and Wang, Huiai and Zhang, Jin and Zhang, Shu and Guo, Lei and Han, Junwei and Alzheimerâ€™s Disease Neuroimaging Initiative},
  journal={Sci China Inf Sci},
  volume={66},
  number={4},
  pages={142106},
  year={2023},
  publisher={Springer}
}

@article{witten2009extensions,
  title={Extensions of sparse canonical correlation analysis with applications to genomic data},
  author={Witten, Daniela M and Tibshirani, Robert J},
  journal={Stat Appl Genet Mol Biol},
  volume={8},
  number={1},
  year={2009}
}

@article{montazeri2016machine,
  title={Machine learning models in breast cancer survival prediction},
  author={Montazeri, Mitra and Montazeri, Mohadeseh and Montazeri, Mahdieh and Beigzadeh, Amin},
  journal={Technology and Health Care},
  volume={24},
  number={1},
  pages={31--42},
  year={2016},
  publisher={IOS Press}
}

@article{wu2021breast,
  title={Breast cancer type classification using machine learning},
  author={Wu, Jiande and Hicks, Chindo},
  journal={Journal of personalized medicine},
  volume={11},
  number={2},
  pages={61},
  year={2021},
  publisher={MDPI}
}



  title={Sparse Generalized Canonical Correlation Analysis: Distributed Alternating Iteration-Based Approach},
  author={Lv, Kexin and Cai, Jia and Huo, Junyi and Shang, Chao and Huang, Xiaolin and Yang, Jie},
  journal={Neural Comput},
  volume={36},
  number={7},
  pages={1380--1409},
  year={2024},
  publisher={MIT Press 255 Main Street, 9th Floor, Cambridge, Massachusetts 02142, USA~â€¦}
}

@article{hotelling1992relations,
    author = {Hotelling, Harold},
    title = {Relations between two sets of variates},
    journal = {Biometrika},
    volume = {28},
    number = {3-4},
    pages = {321-377},
    year = {1936}
}

@article{tenenhaus2011regularized,
  title={Regularized generalized canonical correlation analysis},
  author={Tenenhaus, Arthur and Tenenhaus, Michel},
  journal={Psychometrika},
  volume={76},
  number={2},
  pages={257--284},
  year={2011},
  publisher={Springer}
}



@article{luo2016canonical,
  title={Canonical variate regression},
  author={Luo, Chongliang and Liu, Jin and Dey, Dipak K and Chen, Kun},
  journal={Biostatistics},
  volume={17},
  number={3},
  pages={468--483},
  year={2016}
}

@inproceedings{jing2014intra,
  title={Intra-view and inter-view supervised correlation analysis for multi-view feature learning},
  author={Jing, Xiao-Yuan and Hu, Rui-Min and Zhu, Yang-Ping and Wu, Shan-Shan and Liang, Chao and Yang, Jing-Yu},
  booktitle={Proceedings of the 28th AAAI},
  year={2014},
pages={1882--1889}
}


@article{yoshida2017sparse,
  title={Sparse kernel canonical correlation analysis for discovery of nonlinear interactions in high-dimensional data},
  author={Yoshida, Kosuke and Yoshimoto, Junichiro and Doya, Kenji},
  journal={BMC Bioinformatics},
  volume={18},
  number={108},
  pages={1--11},
  year={2017}
}

@inproceedings{gretton2005measuring,
  title={Measuring statistical dependence with Hilbert-Schmidt norms},
  author={Gretton, Arthur and Bousquet, Olivier and Smola, Alex and Sch{\"o}lkopf, Bernhard},
  booktitle={Proceedings of the 16th ALT},
  pages={63--77},
  year={2005}
}



@inproceedings{SAFKCCA,
author = {Balakrishnan, Sivaraman and Puniyani, Kriti and Lafferty, John},
title = {Sparse additive functional and kernel CCA},
year = {2012},
booktitle = {Proceedings of the 29th ICML},
pages = {731â€“738}
}



@inproceedings{uurtio2018sparse,
  title={Sparse non-linear cca through hilbert-schmidt independence criterion},
  author={Uurtio, Viivi and Bhadra, Sahely and Rousu, Juho},
  booktitle={ICDM},
  pages={1278--1283},
  year={2018}
}



@inproceedings{chang2013canonical,
  title={Canonical correlation analysis based on hilbert-schmidt independence criterion and centered kernel target alignment},
  author={Chang, Billy and Kruger, Uwe and Kustra, Rafal and Zhang, Junping},
  booktitle={Proceedings of the 30th ICML},
  pages={316--324},
  year={2013}
}


@inproceedings{xu2021multi,
  title={Multi-VAE: Learning disentangled view-common and view-peculiar visual representations for multi-view clustering},
  author={Xu, Jie and Ren, Yazhou and Tang, Huayi and Pu, Xiaorong and Zhu, Xiaofeng and Zeng, Ming and He, Lifang},
  booktitle={Proceedings of the IEEE/CVF international conference on computer vision},
  pages={9234--9243},
  year={2021}
}

@inproceedings{lawrence2003gaussian,
  title={Gaussian process latent variable models for visualisation of high dimensional data},
  author={Lawrence, Neil D},
  booktitle={International Conference on Neural Information Processing},
  pages={329--336},
  year={2003},
  organization={Springer}
}

@inproceedings{damianou2012manifold,
  title={Manifold relevance determination},
  author={Damianou, Andreas and Titsias, Michalis K and Lawrence, Neil D},
  booktitle={NIPS},
  pages={849--857},
  year={2012}
}

@article{rezende2014stochastic,
  title={Stochastic backpropagation and approximate inference in deep generative models},
  author={Rezende, Danilo Jimenez and Mohamed, Shakir and Wierstra, Daan},
  journal={arXiv:1401.4082},
  year={2014}
}

@article{hirose2012variable,
  title={Variable selection via the weighted group lasso for factor analysis models},
  author={Hirose, Kei and Konishi, Sadanori},
  journal={Can J Stat},
  volume={40},
  pages={345--361},
  year={2012}
}


@inproceedings{uurtio2019large,
  title={Large-scale sparse kernel canonical correlation analysis},
  author={Uurtio, Viivi and Bhadra, Sahely and Rousu, Juho},
  booktitle={ICML},
  pages={6383--6391},
  year={2019}
}

@article{danaher2014joint,
  title={The joint graphical lasso for inverse covariance estimation across multiple classes},
  author={Danaher, Patrick and Wang, Pei and Witten, Daniela M},
  journal={JRSSB},
  volume={76},
  pages={373--397},
  year={2014}
}

@article{yuan2006model,
  title={Model selection and estimation in regression with grouped variables},
  author={Yuan, Ming and Lin, Yi},
  journal={JRSSB},
  volume={68},
  pages={49--67},
  year={2006},
  publisher={Oxford University Press}
}

@article{tibshirani1996regression,
  title={Regression shrinkage and selection via the lasso},
  author={Tibshirani, Robert},
  journal={JRSSB},
  volume={58},
  pages={267--288},
  year={1996},
  publisher={Oxford University Press}
}

@article{calinski1974dendrite,
  title={A dendrite method for cluster analysis},
  author={Cali{\'n}ski, Tadeusz and Harabasz, Jerzy},
  journal={Commun. Stat.-Theor. Meth.},
  volume={3},
  pages={1--27},
  year={1974},
  publisher={Taylor \& Francis}
}

@article{davies1979cluster,
  title={A cluster separation measure},
  author={Davies, David L and Bouldin, Donald W},
  journal={IEEE TPAMI},
volume={PAMI-1},
  number={2},
  pages={224--227},
  year={1979}
}

@article{lovmar2005silhouette,
  title={Silhouette scores for assessment of SNP genotype clusters},
  author={Lovmar, Lovisa and Ahlford, Annika and Jonsson, Mats and Syv{\"a}nen, Ann-Christine},
  journal={BMC genomics},
  volume={6},
  pages={1--6},
  year={2005},
  publisher={Springer}
}

@article{cabanski2010swiss,
  title={Swiss made: Standardized within class sum of squares to evaluate methodologies and dataset elements},
  author={Cabanski, Christopher R and Qi, Yuan and Yin, Xiaoying and Bair, Eric and Hayward, Michele C  and  others},
  journal={PloS one},
  volume={5},
  number={3},
  pages={e9905},
  year={2010},
  publisher={Public Library of Science San Francisco, USA}
}

@article{ma2018nonlinear,
  title={Nonlinear dimensionality reduction based on HSIC maximization},
  author={Ma, Zhengming and Zhan, Zengrong and Ouyang, Xiaoyuan and Su, Xue},
  journal={IEEE Access},
  volume={6},
  pages={55537--55555},
  year={2018},
  publisher={IEEE}
}

@inproceedings{koyama2022effective,
  title={Effective nonlinear feature selection method based on hsic lasso and with variational inference},
  author={Koyama, Kazuki and Kiritoshi, Keisuke and Okawachi, Tomomi and Izumitani, Tomonori},
  booktitle={International Conference on Artificial Intelligence and Statistics},
  pages={10407--10421},
  year={2022}
}

@article{feng2018hsic,
  title={HSIC-based kernel independent component analysis for fault monitoring},
  author={Feng, Lin and Di, Tianran and Zhang, Yingwei},
  journal={Chemometrics and Intelligent Laboratory Systems},
  volume={178},
  pages={47--55},
  year={2018},
  publisher={Elsevier}
}

@article{ciriello2015comprehensive,
  title={Comprehensive molecular portraits of invasive lobular breast cancer},
  author={Ciriello, Giovanni and Gatza, Michael L and Beck, Andrew H and Wilkerson, Matthew D and Rhie, Suhn K and Pastore, Alessandro and Zhang, Hailei and McLellan, Michael and Yau, Christina and Kandoth, Cyriac and others},
  journal={Cell},
  volume={163},
  number={2},
  pages={506--519},
  year={2015},
  publisher={Elsevier}
}

@article{tenenhaus2014variable,
  title={Variable selection for generalized canonical correlation analysis},
  author={Tenenhaus, Arthur and Philippe, Cathy and Guillemot, Vincent and Le Cao, Kim-Anh and Grill, Jacques and Frouin, Vincent},
  journal={Biostatistics},
  volume={15},
  number={3},
  pages={569--583},
  year={2014},
  publisher={Oxford University Press}
}



@inproceedings{benton2017deep,
    author = {Benton, Adrian  and
Khayrallah, Huda  and
Gujral, Biman  and
Reisinger, Dee Ann  and
Zhang, Sheng  and
Arora, Raman},
    booktitle = {Proceedings of the 4th RepL4NLP},
    pages = {1--6},
    title = {Deep Generalized Canonical Correlation Analysis},
    year = {2019}
}

@article{parker2009supervised,
  title={Supervised risk predictor of breast cancer based on intrinsic subtypes},
  author={Parker, Joel S and Mullins, Michael and Cheang, Maggie CU and Leung, Samuel and Voduc, David and Vickery, Tammi and Davies, Sherri and Fauron, Christiane and He, Xiaping and Hu, Zhiyuan and others},
  journal={J Clin Oncol},
  volume={27},
  number={8},
  pages={1160--1167},
  year={2009},
  publisher={American Society of Clinical Oncology}
}

@article{choi2022lineage,
  title={Lineage-specific silencing of PSAT1 induces serine auxotrophy and sensitivity to dietary serine starvation in luminal breast tumors},
  author={Choi, Bo-Hyun and Rawat, Vipin and H{\"o}gstr{\"o}m, Jenny and Burns, Philippa A and Conger, Kelly O and Ozgurses, Mete Emir and Patel, Jaymin M and Mehta, Tejas S and Warren, Angelica and Selfors, Laura M and others},
  journal={Cell reports},
  volume={38},
  number={3},
pages = {110278},
  year={2022},
  publisher={Elsevier}
}

@article{rifai2018breaking,
  title={Breaking down the contradictory roles of histone deacetylase SIRT1 in human breast cancer},
  author={Rifa{\"\i}, Khaldoun and Idrissou, Mouhamed and Penault-Llorca, Fr{\'e}d{\'e}rique and Bignon, Yves-Jean and Bernard-Gallon, Dominique},
  journal={Cancers},
  volume={10},
  number={11},
  pages={409},
  year={2018},
  publisher={MDPI}
}



@article{shen2013integrated,
  title={An integrated approach to uncover driver genes in breast cancer methylation genomes},
  author={Shen, Xiaopei and Li, Shan and Zhang, Lin and Li, Hongdong and Hong, Guini and Zhou, XianXiao and Zheng, Tingting and Zhang, Wenjing and Hao, Chunxiang and Shi, Tongwei and others},
  journal={PLoS One},
  volume={8},
  pages={e61214},
  year={2013}
}


@article{chung2008identification,
  title={Identification of novel tumor markers in prostate, colon and breast cancer by unbiased methylation profiling},
  author={Chung, Woonbok and Kwabi-Addo, Bernard and Ittmann, Michael and Jelinek, Jaroslav and Shen, Lanlan and Yu, Yinhua and Issa, Jean-Pierre J},
  journal={PloS one},
  volume={3},
  number={4},
  pages={e2079},
  year={2008}
}

@article{thakkar2015high,
  title={High expression of three-gene signature improves prediction of relapse-free survival in estrogen receptor-positive and node-positive breast tumors},
  author={Thakkar, Arvind and Raj, Hemanth and Ravishankar and Muthuvelan, Bhaskaran and Balakrishnan, Arun and Padigaru, Muralidhara},
  journal={Biomarker Insights},
  volume={10},
  pages={103â€“112},
  year={2015}
}

@article{dedeurwaerder2011dna,
  title={{DNA} methylation profiling reveals a predominant immune component in breast cancers},
  author={Dedeurwaerder, Sarah and Desmedt, Christine and Calonne, Emilie and Singhal, Sandeep K and Haibe-Kains, Benjamin and Defrance, Matthieu and Michiels, Stefan and Volkmar, Michael and Deplus, Rachel and Luciani, Judith and others},
  journal={EMBO Molecular Medicine},
  volume={3},
  number={12},
  pages={726--741},
  year={2011}
}



@article{li2023lem,
  title={LEM Domain Containing 1 Acts as a Novel Oncogene and Therapeutic Target for Triple-Negative Breast Cancer},
  author={Li, Xiangling and Jiang, Shilong and Jiang, Ting and Sun, Xinyuan and Guan, Yidi and Fan, Songqing and Cheng, Yan},
  journal={Cancers},
  volume={15},
  number={11},
  pages={2924},
  year={2023}
}

@article{seachrist2021foxa1,
  title={FOXA1: a pioneer of nuclear receptor action in breast cancer},
  author={Seachrist, Darcie D and Anstine, Lindsey J and Keri, Ruth A},
  journal={Cancers},
  volume={13},
  number={20},
  pages={5205},
  year={2021},
  publisher={MDPI}
}

@article{li2021gabrp,
  title={GABRP sustains the stemness of triple-negative breast cancer cells through EGFR signaling},
  author={Li, Xiyin and Wang, Hairui and Yang, Xing and Wang, Xiaoqi and Zhao, Lina and Zou, Li and Yang, Qin and Hou, Zongliu and Tan, Jing and Zhang, Honglei and others},
  journal={Cancer Lett},
  volume={514},
  pages={90--102},
  year={2021},
  publisher={Elsevier}
}

@article{dustin2019esr1,
  title={ESR1 mutations in breast cancer},
  author={Dustin, Derek and Gu, Guowei and Fuqua, Suzanne AW},
  journal={Cancer},
  volume={125},
  number={21},
  pages={3714--3728},
  year={2019},
  publisher={Wiley Online Library}
}

@article{han2017foxc1,
  title={FOXC1: an emerging marker and therapeutic target for cancer},
  author={Han, Bingchen and Bhowmick, Neil and Qu, Ying and Chung, Stacey and Giuliano, Armando E and Cui, Xiaojiang},
  journal={Oncogene},
  volume={36},
  number={28},
  pages={3957--3963},
  year={2017},
  publisher={Nature Publishing Group}
}

@article{khaled2015bcl11a,
  title={BCL11A is a triple-negative breast cancer gene with critical functions in stem and progenitor cells},
  author={Khaled, Walid T and Choon Lee, Song and Stingl, John and Chen, Xiongfeng and Raza Ali, H and Rueda, Oscar M and Hadi, Fazal and Wang, Juexuan and Yu, Yong and Chin, Suet-Feung and others},
  journal={Nat Commun},
  volume={6},
  number={1},
  pages={5987},
  year={2015},
  publisher={Nature Publishing Group UK London}
}


@article{cao2018inhibition,
  title={Inhibition of {UGT8} suppresses basal-like breast cancer progression by attenuating sulfatide--$\alpha$V$\beta$5 axis},
  author={Cao, Qianhua and Chen, Xingyu and Wu, Xuebiao and Liao, Ruocen and Huang, Panpan and Tan, Yanjia and Wang, Li and Ren, Guoping and Huang, Jian and Dong, Chenfang},
  journal={J Exp Med},
  volume={215},
  number={6},
  pages={1679--1692},
  year={2018}
}

@article{wang2019zmynd10,
  title={ZMYND10, an epigenetically regulated tumor suppressor, exerts tumor-suppressive functions via miR145-5p/NEDD9 axis in breast cancer},
  author={Wang, Yan and Dan, Liangying and Li, Qianqian and Li, Lili and Zhong, Lan and Shao, Bianfei and Yu, Fang and He, Sanxiu and Tian, Shaorong and He, Jin and others},
  journal={Clin Epigenet},
  volume={11},
  pages={184},
  year={2019}
}

@article{hu2021expression,
  title={The expression profiles and deregulation of UDP-glycosyltransferase (UGT) genes in human cancers and their association with clinical outcomes},
  author={Hu, Dong Gui and Marri, Shashikanth and Mackenzie, Peter I and Hulin, Julie-Ann and McKinnon, Ross A and Meech, Robyn},
  journal={Cancers},
  volume={13},
  number={17},
  pages={4491},
  year={2021},
  publisher={MDPI}
}


@article{wolf2007foxa1,
  title={FOXA1: Growth inhibitor and a favorable prognostic factor in human breast cancer},
  author={Wolf, Ido and Bose, Shikha and Williamson, Elizabeth A and Miller, Carl W and Karlan, Beth Y and Koeffler, H Phillip},
  journal={Int J Cancer},
  volume={120},
  pages={1013--22},
  year={2007}
}



@article{hou2021stratification,
  title={Stratification of estrogen receptor-negative breast cancer patients by integrating the somatic mutations and transcriptomic data},
  author={Hou, Jie and Ye, Xiufen and Wang, Yixing and Li, Chuanlong},
  journal={Front Genet},
  volume={12},
  pages={610087},
  year={2021}
}

@article{bertoli2021triple,
  title={Triple negative aggressive phenotype controlled by miR-135b and miR-365: New theranostics candidates},
  author={Bertoli, Gloria and Cava, Claudia and Corsi, Fabio and Piccotti, Francesca and Martelli, Cristina and Ottobrini, Luisa and Vaira, Valentina and Castiglioni, Isabella},
  journal={Sci Rep},
  volume={11},
  number={1},
  pages={6553},
  year={2021},
  publisher={Nature Publishing Group UK London}
}

@article{liu2022circrnf10,
  title={circRNF10 regulates tumorigenic properties and natural killer cell-mediated cytotoxicity against breast cancer through the miR-934/PTEN/PI3k-Akt Axis},
  author={Liu, Fei and Sang, Yang and Zheng, Yang and Gu, Lina and Meng, Lingjiao and Li, Ziyi and Dong, Yuyang and Wei, Zishuan and Geng, Cuizhi and Sang, Meixiang},
  journal={Cancers},
  volume={14},
  number={23},
  pages={5862},
  year={2022},
  publisher={MDPI}
}

@article{guo2022n6,
  title={N6-methyladenosine-mediated upregulation of LINC00520 accelerates breast cancer progression via regulating miR-577/POSTN axis and downstream ILK/AKT/mTOR signaling pathway},
  author={Guo, Yang and Feng, Liang},
  journal={Arch. Biochem. Biophys.},
  volume={729},
  pages={109381},
  year={2022},
  publisher={Elsevier}
}

@book{alma2014,
author = {Aggarwal, Charu C. and Reddy, Chandan K.},
publisher = {Chapman and Hall/CRC},
title = {Data Clustering: Algorithms and Applications},
year = {2014},
}


@article{li2020mir,
  title={miR-452 reverses abnormal glycosylation modification of ER$\alpha$ and estrogen resistance in TNBC (triple-negative breast cancer) through targeting UGT1A1},
  author={Li, Yan and Zhou, Yidong and Mao, Feng and Shen, Songjie and Zhao, Bin and Xu, Yali and Lin, Yan and Zhang, Xiaohui and Cao, Xi and Xu, Ying and others},
  journal={Front. oncol.},
  volume={10},
  pages={1509},
  year={2020},
  publisher={Frontiers Media SA}
}

@article{kolenda2020good,
  title={Good or not good: Role of miR-18a in cancer biology},
  author={Kolenda, Tomasz and Guglas, Kacper and Kopczy{\'n}ska, Magda and Soboci{\'n}ska, Joanna and Teresiak, Anna and Bli{\'z}niak, Renata and Lamperska, Katarzyna},
  journal={Rep. Pract. Oncol. Radiother.},
  volume={25},
  number={5},
  pages={808--819},
  year={2020}
}

@article{wang2021mir,
  title={miR-224-5p carried by human umbilical cord mesenchymal stem cells-derived exosomes regulates autophagy in breast cancer cells via HOXA5},
  author={Wang, Yichao and Wang, Pan and Zhao, Lei and Chen, Xiaoying and Lin, Zhu and Zhang, Ling and Li, Zhaoyun},
  journal={Frontiers in Cell and Developmental Biology},
  volume={9},
  pages={679185},
  year={2021},
  publisher={Frontiers Media SA}
}

@article{barreau2013identification,
  title={Identification of a CpG island methylator phenotype in adrenocortical carcinomas},
  author={Barreau, Olivia and Assie, Guillaume and Wilmot-Roussel, Hortense and Ragazzon, Bruno and Baudry, Camille and Perlemoine, Karine and Rene-Corail, Fernande and Bertagna, Xavier and Dousset, Bertrand and Hamzaoui, Nadim and others},
  journal={J. Clin. Endocrinol. Metab.},
  volume={98},
  number={1},
  pages={E174--E184},
  year={2013},
  publisher={Oxford University Press}
}

@book{mitchell2012genome,
  title={Genome-wide DNA methylation changes during breast tumorigenesis},
  author={Mitchell, Natalie E},
  year={2012},
  publisher={The University of Alabama at Birmingham}
}

@article{li2023identification,
  title={Identification and validation of an m6A-related gene signature to predict prognosis and evaluate immune features of breast cancer},
  author={Li, Wenhao and Wang, Xiaolong and Li, Chen and Chen, Tong and Zhou, Xianyong and Li, Zheng and Yang, Qifeng},
  journal={Human Cell},
  volume={36},
  pages={393--408},
  year={2023}
}

@article{kim2021interaction,
  title={Interaction of Nrf2 with dimeric STAT3 induces IL-23 expression: Implications for breast cancer progression},
  author={Kim, Su-Jung and Saeidi, Soma and Cho, Nam-Chul and Kim, Seung Hyeon and Lee, Han-Byoel and Han, Wonshik and Noh, Dong-Young and Surh, Young-Joon},
  journal={Cancer Lett.},
  volume={500},
  pages={147--160},
  year={2021},
  publisher={Elsevier}
}

@phdthesis{pitaksalee2021rheumatoid,
  title={Rheumatoid arthritis: alterations in DNA methylation patterns in CD4+ T-cells: Understanding pathogenesis and developing a qMSP biomarker for classification},
  author={Pitaksalee, Rujiraporn},
  year={2021},
  school={University of Leeds}
}

@article{barnett2008estrogen,
  title={Estrogen receptor regulation of carbonic anhydrase XII through a distal enhancer in breast cancer},
  author={Barnett, Daniel H and Sheng, Shubin and Howe Charn, Tze and Waheed, Abdul and Sly, William S and Lin, Chin-Yo and Liu, Edison T and Katzenellenbogen, Benita S},
  journal={Cancer research},
  volume={68},
  number={9},
  pages={3505--3515},
  year={2008},
  publisher={AACR}
}

@mastersthesis{guo2013optimal,
  title={Optimal DNA methylation biomarkers for characterizing triple negative breast cancer},
  author={Guo, Wei},
  year={2013},
  school={The University of Texas School of Public Health}
}

@article{ren2020spock2,
  title={SPOCK2 affects the biological behavior of endometrial cancer cells by regulation of MT1-MMP and MMP2},
  author={Ren, Fang and Wang, Danni and Wang, Yizi and Chen, Peng and Guo, Cuishan},
  journal={Reproductive Sciences},
  volume={27},
  pages={1391--1399},
  year={2020},
  publisher={Springer}
}

@article{ralser2021molecular,
  title={Molecular and immune correlates of PDCD1 (PD-1), PD-L1 (CD274), and PD-L2 (PDCD1LG2) DNA methylation in triple negative breast cancer},
  author={Ralser, Damian J and Kl{\"u}mper, Niklas and Gevensleben, Heidrun and Zarbl, Romina and Kaiser, Christina and Landsberg, Jennifer and H{\"o}lzel, Michael and Strieth, Sebastian and Faridi, Andree and Abramian, Alina and others},
  journal={J Immunother},
  volume={44},
  number={8},
  pages={319--324},
  year={2021},
  publisher={LWW}
}