@article{crane2020survey,
  title={A survey of algorithms for geodesic paths and distances},
  author={Crane, Keenan and Livesu, Marco and Puppo, Enrico and Qin, Yipeng},
  journal={arXiv preprint arXiv:2007.10430},
  year={2020}
}

@article{jha2020enhanced,
  title={Enhanced integrated gradients: improving interpretability of deep learning models using splicing codes as a case study},
  author={Jha, Anupama and K Aicher, Joseph and R Gazzara, Matthew and Singh, Deependra and Barash, Yoseph},
  journal={Genome biology},
  volume={21},
  number={1},
  pages={1--22},
  year={2020},
  publisher={BioMed Central}
}

@inproceedings{kapishnikov2021guided,
  title={Guided integrated gradients: An adaptive path method for removing noise},
  author={Kapishnikov, Andrei and Venugopalan, Subhashini and Avci, Besim and Wedin, Ben and Terry, Michael and Bolukbasi, Tolga},
  booktitle={Proceedings of the IEEE/CVF conference on computer vision and pattern recognition},
  pages={5050--5058},
  year={2021}
}

