@article{Hansen2020SelfSupervisedPA,
  title={Self-Supervised Policy Adaptation during Deployment},
  author={Nicklas Hansen and Yu Sun and P. Abbeel and Alexei A. Efros and Lerrel Pinto and Xiaolong Wang},
  journal={ArXiv},
  year={2020},
  volume={abs/2007.04309}
}

@article{Li2023CrossLocoHM,
  title={CrossLoco: Human Motion Driven Control of Legged Robots via Guided Unsupervised Reinforcement Learning},
  author={Tianyu Li and Hyunyoung Jung and Matthew Gombolay and Yong Kwon Cho and Sehoon Ha},
  journal={ArXiv},
  year={2023},
  volume={abs/2309.17046},
  url={https://api.semanticscholar.org/CorpusID:263310974}
}

@article{Okada2021DreamingMR,
  title={Dreaming: Model-based Reinforcement Learning by Latent Imagination without Reconstruction},
  author={Masashi Okada and Tadahiro Taniguchi},
  journal={2021 IEEE International Conference on Robotics and Automation (ICRA)},
  year={2021},
  pages={4209-4215}
}

@article{Zhao2022EGSDEUI,
  title={EGSDE: Unpaired Image-to-Image Translation via Energy-Guided Stochastic Differential Equations},
  author={Min Zhao and Fan Bao and Chongxuan Li and Jun Zhu},
  journal={ArXiv},
  year={2022},
  volume={abs/2207.06635},
  url={https://api.semanticscholar.org/CorpusID:250526607}
}

@article{Zhu2017UnpairedIT,
  title={Unpaired Image-to-Image Translation Using Cycle-Consistent Adversarial Networks},
  author={Jun-Yan Zhu and Taesung Park and Phillip Isola and Alexei A. Efros},
  journal={2017 IEEE International Conference on Computer Vision (ICCV)},
  year={2017},
  pages={2242-2251},
  url={https://api.semanticscholar.org/CorpusID:206770979}
}

@article{artetxe2017unsupervised,
  title={Unsupervised neural machine translation},
  author={Artetxe, Mikel and Labaka, Gorka and Agirre, Eneko and Cho, Kyunghyun},
  journal={arXiv preprint arXiv:1710.11041},
  year={2017}
}

@article{baktashmotlagh2016distribution,
  title={Distribution-matching embedding for visual domain adaptation},
  author={Baktashmotlagh, Mahsa and Har, Mehrtash and Salzmann, Mathieu and others},
  journal={Journal of Machine Learning Research},
  volume={17},
  number={108},
  pages={1--30},
  year={2016}
}

@article{brown2020language,
  title={Language models are few-shot learners},
  author={Brown, Tom and Mann, Benjamin and Ryder, Nick and Subbiah, Melanie and Kaplan, Jared D and Dhariwal, Prafulla and Neelakantan, Arvind and Shyam, Pranav and Sastry, Girish and Askell, Amanda and others},
  journal={Advances in neural information processing systems},
  volume={33},
  pages={1877--1901},
  year={2020}
}

@inproceedings{cao2018unsupervised,
  title={Unsupervised domain adaptation with distribution matching machines},
  author={Cao, Yue and Long, Mingsheng and Wang, Jianmin},
  booktitle={Proceedings of the AAAI conference on artificial intelligence},
  volume={32},
  number={1},
  year={2018}
}

@article{chaplot2020object,
  title={Object goal navigation using goal-oriented semantic exploration},
  author={Chaplot, Devendra Singh and Gandhi, Dhiraj Prakashchand and Gupta, Abhinav and Salakhutdinov, Russ R},
  journal={Advances in Neural Information Processing Systems},
  volume={33},
  year={2020}
}

@article{chen2022transdreamer,
  title={Transdreamer: Reinforcement learning with transformer world models},
  author={Chen, Chang and Wu, Yi-Fu and Yoon, Jaesik and Ahn, Sungjin},
  journal={arXiv preprint arXiv:2202.09481},
  year={2022}
}

@inproceedings{chopra2020end,
  title={End-to-end reinforcement learning for self-driving car},
  author={Chopra, Rohan and Roy, Sanjiban Sekhar},
  booktitle={Advanced Computing and Intelligent Engineering: Proceedings of ICACIE 2018, Volume 1},
  pages={53--61},
  year={2020},
  organization={Springer}
}

@inproceedings{deng2022dreamerpro,
  title={Dreamerpro: Reconstruction-free model-based reinforcement learning with prototypical representations},
  author={Deng, Fei and Jang, Ingook and Ahn, Sungjin},
  booktitle={International Conference on Machine Learning},
  pages={4956--4975},
  year={2022},
  organization={PMLR}
}

@article{dosovitskiy2020image,
  title={An image is worth 16x16 words: Transformers for image recognition at scale},
  author={Dosovitskiy, Alexey and Beyer, Lucas and Kolesnikov, Alexander and Weissenborn, Dirk and Zhai, Xiaohua and Unterthiner, Thomas and Dehghani, Mostafa and Minderer, Matthias and Heigold, Georg and Gelly, Sylvain and others},
  journal={arXiv preprint arXiv:2010.11929},
  year={2020}
}

@inproceedings{fu2021learning,
  title={Learning task informed abstractions},
  author={Fu, Xiang and Yang, Ge and Agrawal, Pulkit and Jaakkola, Tommi},
  booktitle={International Conference on Machine Learning},
  pages={3480--3491},
  year={2021},
  organization={PMLR}
}

@article{ha2018world,
  title={World models},
  author={Ha, David and Schmidhuber, J{\"u}rgen},
  journal={arXiv preprint arXiv:1803.10122},
  year={2018}
}

@inproceedings{ha2023dream,
  title={Dream to generalize: zero-shot model-based reinforcement learning for unseen visual distractions},
  author={Ha, Jeongsoo and Kim, Kyungsoo and Kim, Yusung},
  booktitle={Proceedings of the AAAI Conference on Artificial Intelligence},
  volume={37},
  number={6},
  pages={7802--7810},
  year={2023}
}

@article{hafner2019dream,
  title={Dream to control: Learning behaviors by latent imagination},
  author={Hafner, Danijar and Lillicrap, Timothy and Ba, Jimmy and Norouzi, Mohammad},
  journal={arXiv preprint arXiv:1912.01603},
  year={2019}
}

@inproceedings{hafner2019learning,
  title={Learning latent dynamics for planning from pixels},
  author={Hafner, Danijar and Lillicrap, Timothy and Fischer, Ian and Villegas, Ruben and Ha, David and Lee, Honglak and Davidson, James},
  booktitle={International conference on machine learning},
  pages={2555--2565},
  year={2019},
  organization={PMLR}
}

@article{hafner2020mastering,
  title={Mastering atari with discrete world models},
  author={Hafner, Danijar and Lillicrap, Timothy and Norouzi, Mohammad and Ba, Jimmy},
  journal={arXiv preprint arXiv:2010.02193},
  year={2020}
}

@article{hafner2023mastering,
  title={Mastering diverse domains through world models},
  author={Hafner, Danijar and Pasukonis, Jurgis and Ba, Jimmy and Lillicrap, Timothy},
  journal={arXiv preprint arXiv:2301.04104},
  year={2023}
}

@inproceedings{hansen2021generalization,
  title={Generalization in reinforcement learning by soft data augmentation},
  author={Hansen, Nicklas and Wang, Xiaolong},
  booktitle={2021 IEEE International Conference on Robotics and Automation (ICRA)},
  pages={13611--13617},
  year={2021},
  organization={IEEE}
}

@article{lachaux2020unsupervised,
  title={Unsupervised translation of programming languages},
  author={Lachaux, Marie-Anne and Roziere, Baptiste and Chanussot, Lowik and Lample, Guillaume},
  journal={arXiv preprint arXiv:2006.03511},
  year={2020}
}

@article{liu2023cross,
  title={Cross-domain Random Pre-training with Prototypes for Reinforcement Learning},
  author={Liu, Xin and Chen, Yaran and Li, Haoran and Li, Boyu and Zhao, Dongbin},
  journal={arXiv preprint arXiv:2302.05614},
  year={2023}
}

@article{micheli2022transformers,
  title={Transformers are sample efficient world models},
  author={Micheli, Vincent and Alonso, Eloi and Fleuret, Fran{\c{c}}ois},
  journal={arXiv preprint arXiv:2209.00588},
  year={2022}
}

@article{nair2022r3m,
  title={R3m: A universal visual representation for robot manipulation},
  author={Nair, Suraj and Rajeswaran, Aravind and Kumar, Vikash and Finn, Chelsea and Gupta, Abhinav},
  journal={arXiv preprint arXiv:2203.12601},
  year={2022}
}

@article{pan2022isolating,
  title={Isolating and Leveraging Controllable and Noncontrollable Visual Dynamics in World Models},
  author={Pan, Minting and Zhu, Xiangming and Wang, Yunbo and Yang, Xiaokang},
  journal={arXiv preprint arXiv:2205.13817},
  year={2022}
}

@article{robine2023transformer,
  title={Transformer-based World Models Are Happy With 100k Interactions},
  author={Robine, Jan and H{\"o}ftmann, Marc and Uelwer, Tobias and Harmeling, Stefan},
  journal={arXiv preprint arXiv:2303.07109},
  year={2023}
}

@inproceedings{shah2023gnm,
  title={Gnm: A general navigation model to drive any robot},
  author={Shah, Dhruv and Sridhar, Ajay and Bhorkar, Arjun and Hirose, Noriaki and Levine, Sergey},
  booktitle={2023 IEEE International Conference on Robotics and Automation (ICRA)},
  pages={7226--7233},
  year={2023},
  organization={IEEE}
}

@inproceedings{shridhar2023perceiver,
  title={Perceiver-actor: A multi-task transformer for robotic manipulation},
  author={Shridhar, Mohit and Manuelli, Lucas and Fox, Dieter},
  booktitle={Conference on Robot Learning},
  pages={785--799},
  year={2023},
  organization={PMLR}
}

@article{tomar2021learning,
  title={Learning Representations for Pixel-based Control: What Matters and Why?},
  author={Tomar, Manan and Mishra, Utkarsh A and Zhang, Amy and Taylor, Matthew E},
  journal={arXiv preprint arXiv:2111.07775},
  year={2021}
}

@article{vaswani2017attention,
  title={Attention is all you need},
  author={Vaswani, Ashish and Shazeer, Noam and Parmar, Niki and Uszkoreit, Jakob and Jones, Llion and Gomez, Aidan N and Kaiser, {\L}ukasz and Polosukhin, Illia},
  journal={Advances in neural information processing systems},
  volume={30},
  year={2017}
}

@inproceedings{wang2021survey,
  title={A survey on unsupervised transfer clustering},
  author={Wang, Feng and Jiao, Lianmeng and Pan, Quan},
  booktitle={2021 40th Chinese Control Conference (CCC)},
  pages={7361--7365},
  year={2021},
  organization={IEEE}
}

@article{wang2022causal,
  title={Causal dynamics learning for task-independent state abstraction},
  author={Wang, Zizhao and Xiao, Xuesu and Xu, Zifan and Zhu, Yuke and Stone, Peter},
  journal={arXiv preprint arXiv:2206.13452},
  year={2022}
}

@inproceedings{wang2022denoised,
  title={Denoised MDPs: Learning World Models Better Than the World Itself},
  author={Wang, Tongzhou and Du, Simon and Torralba, Antonio and Isola, Phillip and Zhang, Amy and Tian, Yuandong},
  booktitle={International Conference on Machine Learning},
  pages={22591--22612},
  year={2022},
  organization={PMLR}
}

@article{yamada2022task,
  title={Task-induced representation learning},
  author={Yamada, Jun and Pertsch, Karl and Gunjal, Anisha and Lim, Joseph J},
  journal={arXiv preprint arXiv:2204.11827},
  year={2022}
}

@article{yang2024movie,
  title={Movie: Visual model-based policy adaptation for view generalization},
  author={Yang, Sizhe and Ze, Yanjie and Xu, Huazhe},
  journal={Advances in Neural Information Processing Systems},
  volume={36},
  year={2024}
}

@article{ying2024peac,
  title={PEAC: Unsupervised Pre-training for Cross-Embodiment Reinforcement Learning},
  author={Ying, Chengyang and Hao, Zhongkai and Zhou, Xinning and Xu, Xuezhou and Su, Hang and Zhang, Xingxing and Zhu, Jun},
  journal={arXiv preprint arXiv:2405.14073},
  year={2024}
}

