

@article{hafner2023mastering,
  title={Mastering diverse domains through world models},
  author={Hafner, Danijar and Pasukonis, Jurgis and Ba, Jimmy and Lillicrap, Timothy},
  journal={arXiv preprint arXiv:2301.04104},
  year={2023}
}

@inproceedings{brohan2023can,
  title={Do as i can, not as i say: Grounding language in robotic affordances},
  author={Brohan, Anthony and Chebotar, Yevgen and Finn, Chelsea and Hausman, Karol and Herzog, Alexander and Ho, Daniel and Ibarz, Julian and Irpan, Alex and Jang, Eric and Julian, Ryan and others},
  booktitle={Conference on Robot Learning},
  pages={287--318},
  year={2023},
  organization={PMLR}
}

@article{Hansen2020SelfSupervisedPA,
  title={Self-Supervised Policy Adaptation during Deployment},
  author={Nicklas Hansen and Yu Sun and P. Abbeel and Alexei A. Efros and Lerrel Pinto and Xiaolong Wang},
  journal={ArXiv},
  year={2020},
  volume={abs/2007.04309}
}

@inproceedings{savva2019habitat,
  title={Habitat: A platform for embodied ai research},
  author={Savva, Manolis and Kadian, Abhishek and Maksymets, Oleksandr and Zhao, Yili and Wijmans, Erik and Jain, Bhavana and Straub, Julian and Liu, Jia and Koltun, Vladlen and Malik, Jitendra and others},
  booktitle={Proceedings of the IEEE/CVF international conference on computer vision},
  pages={9339--9347},
  year={2019}
}

@inproceedings{rosano2021embodied,
  title={On embodied visual navigation in real environments through habitat},
  author={Rosano, Marco and Furnari, Antonino and Gulino, Luigi and Farinella, Giovanni Maria},
  booktitle={2020 25th International Conference on Pattern Recognition (ICPR)},
  pages={9740--9747},
  year={2021},
  organization={IEEE}
}


@article{kolve2017ai2,
  title={Ai2-thor: An interactive 3d environment for visual ai},
  author={Kolve, Eric and Mottaghi, Roozbeh and Han, Winson and VanderBilt, Eli and Weihs, Luca and Herrasti, Alvaro and Deitke, Matt and Ehsani, Kiana and Gordon, Daniel and Zhu, Yuke and others},
  journal={arXiv preprint arXiv:1712.05474},
  year={2017}
}

@article{weihs2019learning,
  title={Learning generalizable visual representations via interactive gameplay},
  author={Weihs, Luca and Kembhavi, Aniruddha and Ehsani, Kiana and Pratt, Sarah M and Han, Winson and Herrasti, Alvaro and Kolve, Eric and Schwenk, Dustin and Mottaghi, Roozbeh and Farhadi, Ali},
  journal={arXiv preprint arXiv:1912.08195},
  year={2019}
}


@inproceedings{fu2021learning,
  title={Learning task informed abstractions},
  author={Fu, Xiang and Yang, Ge and Agrawal, Pulkit and Jaakkola, Tommi},
  booktitle={International Conference on Machine Learning},
  pages={3480--3491},
  year={2021},
  organization={PMLR}
}

% Denoised MDP
@inproceedings{wang2022denoised,
  title={Denoised MDPs: Learning World Models Better Than the World Itself},
  author={Wang, Tongzhou and Du, Simon and Torralba, Antonio and Isola, Phillip and Zhang, Amy and Tian, Yuandong},
  booktitle={International Conference on Machine Learning},
  pages={22591--22612},
  year={2022},
  organization={PMLR}
}

% ISO-Dream
@article{pan2022isolating,
  title={Isolating and Leveraging Controllable and Noncontrollable Visual Dynamics in World Models},
  author={Pan, Minting and Zhu, Xiangming and Wang, Yunbo and Yang, Xiaokang},
  journal={arXiv preprint arXiv:2205.13817},
  year={2022}
}

@inproceedings{hansen2021generalization,
  title={Generalization in reinforcement learning by soft data augmentation},
  author={Hansen, Nicklas and Wang, Xiaolong},
  booktitle={2021 IEEE International Conference on Robotics and Automation (ICRA)},
  pages={13611--13617},
  year={2021},
  organization={IEEE}
}

@article{hansen2021stabilizing,
  title={Stabilizing Deep Q-Learning with ConvNets and Vision Transformers under Data Augmentation},
  author={Nicklas Hansen and Hao Su and Xiaolong Wang},
  year={2021},
  eprint={2107.00644},
  archivePrefix={arXiv},
  primaryClass={cs.LG}
}

@article{kostrikov2020image,
  title={Image augmentation is all you need: Regularizing deep reinforcement learning from pixels},
  author={Kostrikov, Ilya and Yarats, Denis and Fergus, Rob},
  journal={arXiv preprint arXiv:2004.13649},
  year={2020}
}

@inproceedings{nguyen2021temporal,
  title={Temporal predictive coding for model-based planning in latent space},
  author={Nguyen, Tung D and Shu, Rui and Pham, Tuan and Bui, Hung and Ermon, Stefano},
  booktitle={International Conference on Machine Learning},
  pages={8130--8139},
  year={2021},
  organization={PMLR}
}

@article{zhang2020learning,
  title={Learning invariant representations for reinforcement learning without reconstruction},
  author={Zhang, Amy and McAllister, Rowan and Calandra, Roberto and Gal, Yarin and Levine, Sergey},
  journal={arXiv preprint arXiv:2006.10742},
  year={2020}
}

@inproceedings{hafner2019learning,
  title={Learning latent dynamics for planning from pixels},
  author={Hafner, Danijar and Lillicrap, Timothy and Fischer, Ian and Villegas, Ruben and Ha, David and Lee, Honglak and Davidson, James},
  booktitle={International conference on machine learning},
  pages={2555--2565},
  year={2019},
  organization={PMLR}
}

@article{hafner2019dream,
  title={Dream to control: Learning behaviors by latent imagination},
  author={Hafner, Danijar and Lillicrap, Timothy and Ba, Jimmy and Norouzi, Mohammad},
  journal={arXiv preprint arXiv:1912.01603},
  year={2019}
}

@inproceedings{yarats2021improving,
  title={Improving sample efficiency in model-free reinforcement learning from images},
  author={Yarats, Denis and Zhang, Amy and Kostrikov, Ilya and Amos, Brandon and Pineau, Joelle and Fergus, Rob},
  booktitle={Proceedings of the AAAI Conference on Artificial Intelligence},
  volume={35},
  number={12},
  pages={10674--10681},
  year={2021}
}

% GRU
@article{Chung2014EmpiricalEO,
  title={Empirical Evaluation of Gated Recurrent Neural Networks on Sequence Modeling},
  author={Junyoung Chung and Çaglar G{\"u}lçehre and Kyunghyun Cho and Yoshua Bengio},
  journal={ArXiv},
  year={2014},
  volume={abs/1412.3555}
}
% RL: intro
@article{Sutton2005ReinforcementLA,
  title={Reinforcement Learning: An Introduction},
  author={Richard S. Sutton and Andrew G. Barto},
  journal={IEEE Transactions on Neural Networks},
  year={2005},
  volume={16},
  pages={285-286}
}

@inproceedings{chopra2020end,
  title={End-to-end reinforcement learning for self-driving car},
  author={Chopra, Rohan and Roy, Sanjiban Sekhar},
  booktitle={Advanced Computing and Intelligent Engineering: Proceedings of ICACIE 2018, Volume 1},
  pages={53--61},
  year={2020},
  organization={Springer}
}


@inproceedings{liang2018cirl,
  title={Cirl: Controllable imitative reinforcement learning for vision-based self-driving},
  author={Liang, Xiaodan and Wang, Tairui and Yang, Luona and Xing, Eric},
  booktitle={Proceedings of the European conference on computer vision (ECCV)},
  pages={584--599},
  year={2018}
}

@article{chaplot2020object,
  title={Object goal navigation using goal-oriented semantic exploration},
  author={Chaplot, Devendra Singh and Gandhi, Dhiraj Prakashchand and Gupta, Abhinav and Salakhutdinov, Russ R},
  journal={Advances in Neural Information Processing Systems},
  volume={33},
  year={2020}
}

@inproceedings{shridhar2023perceiver,
  title={Perceiver-actor: A multi-task transformer for robotic manipulation},
  author={Shridhar, Mohit and Manuelli, Lucas and Fox, Dieter},
  booktitle={Conference on Robot Learning},
  pages={785--799},
  year={2023},
  organization={PMLR}
}

@article{tomar2021learning,
  title={Learning Representations for Pixel-based Control: What Matters and Why?},
  author={Tomar, Manan and Mishra, Utkarsh A and Zhang, Amy and Taylor, Matthew E},
  journal={arXiv preprint arXiv:2111.07775},
  year={2021}
}


@article{Givan2003EquivalenceNA,
  title={Equivalence notions and model minimization in Markov decision processes},
  author={Robert Givan and Thomas L. Dean and Matthew Greig},
  journal={Artif. Intell.},
  year={2003},
  volume={147},
  pages={163-223}
}

@article{ying2024peac,
  title={PEAC: Unsupervised Pre-training for Cross-Embodiment Reinforcement Learning},
  author={Ying, Chengyang and Hao, Zhongkai and Zhou, Xinning and Xu, Xuezhou and Su, Hang and Zhang, Xingxing and Zhu, Jun},
  journal={arXiv preprint arXiv:2405.14073},
  year={2024}
}

@inproceedings{Ferns2004MetricsFF,
  title={Metrics for Finite Markov Decision Processes},
  author={Norm Ferns and P. Panangaden and Doina Precup},
  booktitle={AAAI Conference on Artificial Intelligence},
  year={2004}
}

@inproceedings{Modi2019SampleCO,
  title={Sample Complexity of Reinforcement Learning using Linearly Combined Model Ensembles},
  author={Aditya Modi and Nan Jiang and Ambuj Tewari and Satinder Singh},
  booktitle={International Conference on Artificial Intelligence and Statistics},
  year={2019}
}

@inproceedings{zhanglearning,
  title={Learning Invariant Representations for Reinforcement Learning without Reconstruction},
  author={Zhang, Amy and McAllister, Rowan Thomas and Calandra, Roberto and Gal, Yarin and Levine, Sergey},
  year={2021},
  booktitle={International Conference on Learning Representations}
}

@inproceedings{Bertoin2022LookWY,
  title={Look where you look! Saliency-guided Q-networks for generalization in visual Reinforcement Learning},
  author={David Bertoin and Adil Zouitine and Mehdi Zouitine and Emmanuel Rachelson},
  booktitle={Neural Information Processing Systems},
  year={2022}
}

@article{ha2018world,
  title={World models},
  author={Ha, David and Schmidhuber, J{\"u}rgen},
  journal={arXiv preprint arXiv:1803.10122},
  year={2018}
}


@article{hafner2020mastering,
  title={Mastering atari with discrete world models},
  author={Hafner, Danijar and Lillicrap, Timothy and Norouzi, Mohammad and Ba, Jimmy},
  journal={arXiv preprint arXiv:2010.02193},
  year={2020}
}

@article{wang2022causal,
  title={Causal dynamics learning for task-independent state abstraction},
  author={Wang, Zizhao and Xiao, Xuesu and Xu, Zifan and Zhu, Yuke and Stone, Peter},
  journal={arXiv preprint arXiv:2206.13452},
  year={2022}
}

@article{vaswani2017attention,
  title={Attention is all you need},
  author={Vaswani, Ashish and Shazeer, Noam and Parmar, Niki and Uszkoreit, Jakob and Jones, Llion and Gomez, Aidan N and Kaiser, {\L}ukasz and Polosukhin, Illia},
  journal={Advances in neural information processing systems},
  volume={30},
  year={2017}
}

@article{brown2020language,
  title={Language models are few-shot learners},
  author={Brown, Tom and Mann, Benjamin and Ryder, Nick and Subbiah, Melanie and Kaplan, Jared D and Dhariwal, Prafulla and Neelakantan, Arvind and Shyam, Pranav and Sastry, Girish and Askell, Amanda and others},
  journal={Advances in neural information processing systems},
  volume={33},
  pages={1877--1901},
  year={2020}
}

@article{dosovitskiy2020image,
  title={An image is worth 16x16 words: Transformers for image recognition at scale},
  author={Dosovitskiy, Alexey and Beyer, Lucas and Kolesnikov, Alexander and Weissenborn, Dirk and Zhai, Xiaohua and Unterthiner, Thomas and Dehghani, Mostafa and Minderer, Matthias and Heigold, Georg and Gelly, Sylvain and others},
  journal={arXiv preprint arXiv:2010.11929},
  year={2020}
}

@article{chen2022transdreamer,
  title={Transdreamer: Reinforcement learning with transformer world models},
  author={Chen, Chang and Wu, Yi-Fu and Yoon, Jaesik and Ahn, Sungjin},
  journal={arXiv preprint arXiv:2202.09481},
  year={2022}
}

@article{micheli2022transformers,
  title={Transformers are sample efficient world models},
  author={Micheli, Vincent and Alonso, Eloi and Fleuret, Fran{\c{c}}ois},
  journal={arXiv preprint arXiv:2209.00588},
  year={2022}
}

@article{robine2023transformer,
  title={Transformer-based World Models Are Happy With 100k Interactions},
  author={Robine, Jan and H{\"o}ftmann, Marc and Uelwer, Tobias and Harmeling, Stefan},
  journal={arXiv preprint arXiv:2303.07109},
  year={2023}
}

@inproceedings{deng2022dreamerpro,
  title={Dreamerpro: Reconstruction-free model-based reinforcement learning with prototypical representations},
  author={Deng, Fei and Jang, Ingook and Ahn, Sungjin},
  booktitle={International Conference on Machine Learning},
  pages={4956--4975},
  year={2022},
  organization={PMLR}
}

@article{Okada2021DreamingMR,
  title={Dreaming: Model-based Reinforcement Learning by Latent Imagination without Reconstruction},
  author={Masashi Okada and Tadahiro Taniguchi},
  journal={2021 IEEE International Conference on Robotics and Automation (ICRA)},
  year={2021},
  pages={4209-4215}
}

@inproceedings{ha2023dream,
  title={Dream to generalize: zero-shot model-based reinforcement learning for unseen visual distractions},
  author={Ha, Jeongsoo and Kim, Kyungsoo and Kim, Yusung},
  booktitle={Proceedings of the AAAI Conference on Artificial Intelligence},
  volume={37},
  number={6},
  pages={7802--7810},
  year={2023}
}

@article{babaeizadeh2020models,
  title={Models, pixels, and rewards: Evaluating design trade-offs in visual model-based reinforcement learning},
  author={Babaeizadeh, Mohammad and Saffar, Mohammad Taghi and Hafner, Danijar and Kannan, Harini and Finn, Chelsea and Levine, Sergey and Erhan, Dumitru},
  journal={arXiv preprint arXiv:2012.04603},
  year={2020}
}

@article{sun2022transfer,
  title={Transfer RL across observation feature spaces via model-based regularization},
  author={Sun, Yanchao and Zheng, Ruijie and Wang, Xiyao and Cohen, Andrew and Huang, Furong},
  journal={arXiv preprint arXiv:2201.00248},
  year={2022}
}

@article{grill2020bootstrap,
  title={Bootstrap your own latent-a new approach to self-supervised learning},
  author={Grill, Jean-Bastien and Strub, Florian and Altch{\'e}, Florent and Tallec, Corentin and Richemond, Pierre and Buchatskaya, Elena and Doersch, Carl and Avila Pires, Bernardo and Guo, Zhaohan and Gheshlaghi Azar, Mohammad and others},
  journal={Advances in neural information processing systems},
  volume={33},
  pages={21271--21284},
  year={2020}
}

@inproceedings{lin2017focal,
  title={Focal loss for dense object detection},
  author={Lin, Tsung-Yi and Goyal, Priya and Girshick, Ross and He, Kaiming and Doll{\'a}r, Piotr},
  booktitle={Proceedings of the IEEE international conference on computer vision},
  pages={2980--2988},
  year={2017}
}

@inproceedings{he2022masked,
  title={Masked autoencoders are scalable vision learners},
  author={He, Kaiming and Chen, Xinlei and Xie, Saining and Li, Yanghao and Doll{\'a}r, Piotr and Girshick, Ross},
  booktitle={Proceedings of the IEEE/CVF conference on computer vision and pattern recognition},
  pages={16000--16009},
  year={2022}
}


@article{zhou2017places,
  title={Places: A 10 million image database for scene recognition},
  author={Zhou, Bolei and Lapedriza, Agata and Khosla, Aditya and Oliva, Aude and Torralba, Antonio},
  journal={IEEE transactions on pattern analysis and machine intelligence},
  volume={40},
  number={6},
  pages={1452--1464},
  year={2017},
  publisher={IEEE}
}


@article{ying2023task,
  title={Task Aware Dreamer for Task Generalization in Reinforcement Learning},
  author={Ying, Chengyang and Hao, Zhongkai and Zhou, Xinning and Su, Hang and Liu, Songming and Yan, Dong and Zhu, Jun},
  journal={arXiv preprint arXiv:2303.05092},
  year={2023}
}

@article{ghosh2021generalization,
  title={Why generalization in rl is difficult: Epistemic pomdps and implicit partial observability},
  author={Ghosh, Dibya and Rahme, Jad and Kumar, Aviral and Zhang, Amy and Adams, Ryan P and Levine, Sergey},
  journal={Advances in Neural Information Processing Systems},
  volume={34},
  pages={25502--25515},
  year={2021}
}

@article{liu2023cross,
  title={Cross-domain Random Pre-training with Prototypes for Reinforcement Learning},
  author={Liu, Xin and Chen, Yaran and Li, Haoran and Li, Boyu and Zhao, Dongbin},
  journal={arXiv preprint arXiv:2302.05614},
  year={2023}
}


@article{yamada2022task,
  title={Task-induced representation learning},
  author={Yamada, Jun and Pertsch, Karl and Gunjal, Anisha and Lim, Joseph J},
  journal={arXiv preprint arXiv:2204.11827},
  year={2022}
}

@article{tassa2018deepmind,
  title={Deepmind control suite},
  author={Tassa, Yuval and Doron, Yotam and Muldal, Alistair and Erez, Tom and Li, Yazhe and Casas, Diego de Las and Budden, David and Abdolmaleki, Abbas and Merel, Josh and Lefrancq, Andrew and others},
  journal={arXiv preprint arXiv:1801.00690},
  year={2018}
}


@inproceedings{okada2022dreamingv2,
  title={Dreamingv2: Reinforcement learning with discrete world models without reconstruction},
  author={Okada, Masashi and Taniguchi, Tadahiro},
  booktitle={2022 IEEE/RSJ International Conference on Intelligent Robots and Systems (IROS)},
  pages={985--991},
  year={2022},
  organization={IEEE}
}

@inproceedings{igl2018deep,
  title={Deep variational reinforcement learning for POMDPs},
  author={Igl, Maximilian and Zintgraf, Luisa and Le, Tuan Anh and Wood, Frank and Whiteson, Shimon},
  booktitle={International Conference on Machine Learning},
  pages={2117--2126},
  year={2018},
  organization={PMLR}
}

@inproceedings{singh2021structured,
  title={Structured world belief for reinforcement learning in pomdp},
  author={Singh, Gautam and Peri, Skand and Kim, Junghyun and Kim, Hyunseok and Ahn, Sungjin},
  booktitle={International Conference on Machine Learning},
  pages={9744--9755},
  year={2021},
  organization={PMLR}
}

@inproceedings{shah2023gnm,
  title={Gnm: A general navigation model to drive any robot},
  author={Shah, Dhruv and Sridhar, Ajay and Bhorkar, Arjun and Hirose, Noriaki and Levine, Sergey},
  booktitle={2023 IEEE International Conference on Robotics and Automation (ICRA)},
  pages={7226--7233},
  year={2023},
  organization={IEEE}
}

@misc{jia2023driveadapter,
      title={DriveAdapter: Breaking the Coupling Barrier of Perception and Planning in End-to-End Autonomous Driving}, 
      author={Xiaosong Jia and Yulu Gao and Li Chen and Junchi Yan and Patrick Langechuan Liu and Hongyang Li},
      year={2023},
      eprint={2308.00398},
      archivePrefix={arXiv},
      primaryClass={cs.RO}
}

@article{yarats2021mastering,
  title={Mastering visual continuous control: Improved data-augmented reinforcement learning},
  author={Yarats, Denis and Fergus, Rob and Lazaric, Alessandro and Pinto, Lerrel},
  journal={arXiv preprint arXiv:2107.09645},
  year={2021}
}

@article{nair2022r3m,
  title={R3m: A universal visual representation for robot manipulation},
  author={Nair, Suraj and Rajeswaran, Aravind and Kumar, Vikash and Finn, Chelsea and Gupta, Abhinav},
  journal={arXiv preprint arXiv:2203.12601},
  year={2022}
}


@article{zhu2020robosuite,
  title={robosuite: A modular simulation framework and benchmark for robot learning},
  author={Zhu, Yuke and Wong, Josiah and Mandlekar, Ajay and Mart{\'\i}n-Mart{\'\i}n, Roberto and Joshi, Abhishek and Nasiriany, Soroush and Zhu, Yifeng},
  journal={arXiv preprint arXiv:2009.12293},
  year={2020}
}


@article{yang2024movie,
  title={Movie: Visual model-based policy adaptation for view generalization},
  author={Yang, Sizhe and Ze, Yanjie and Xu, Huazhe},
  journal={Advances in Neural Information Processing Systems},
  volume={36},
  year={2024}
}

@misc{moerland2022modelbased,
      title={Model-based Reinforcement Learning: A Survey}, 
      author={Thomas M. Moerland and Joost Broekens and Aske Plaat and Catholijn M. Jonker},
      year={2022},
      eprint={2006.16712},
      archivePrefix={arXiv},
      primaryClass={cs.LG}
}

@article{Luo2022ASO,
  title={A Survey on Model-based Reinforcement Learning},
  author={Fan Luo and Tian Xu and Hang Lai and Xiong-Hui Chen and Weinan Zhang and Yang Yu},
  journal={ArXiv},
  year={2022},
  volume={abs/2206.09328},
  url={https://api.semanticscholar.org/CorpusID:249889734}
}

@article{Reinhard2001ColorTB,
  title={Color Transfer between Images},
  author={Erik Reinhard and Michael Ashikhmin and Bruce Gooch and Peter Shirley},
  journal={IEEE Computer Graphics and Applications},
  year={2001},
  volume={21},
  pages={34-41},
  url={https://api.semanticscholar.org/CorpusID:14088925}
}

@article{yuan2024rl,
  title={RL-ViGen: A Reinforcement Learning Benchmark for Visual Generalization},
  author={Yuan, Zhecheng and Yang, Sizhe and Hua, Pu and Chang, Can and Hu, Kaizhe and Xu, Huazhe},
  journal={Advances in Neural Information Processing Systems},
  volume={36},
  year={2024}
}

@inproceedings{chen2024focus,
  title={Focus-Then-Decide: Segmentation-Assisted Reinforcement Learning},
  author={Chen, Chao and Xu, Jiacheng and Liao, Weijian and Ding, Hao and Zhang, Zongzhang and Yu, Yang and Zhao, Rui},
  booktitle={Proceedings of the AAAI Conference on Artificial Intelligence},
  volume={38},
  number={10},
  pages={11240--11248},
  year={2024}
}

@article{xu2023drm,
  title={Drm: Mastering visual reinforcement learning through dormant ratio minimization},
  author={Xu, Guowei and Zheng, Ruijie and Liang, Yongyuan and Wang, Xiyao and Yuan, Zhecheng and Ji, Tianying and Luo, Yu and Liu, Xiaoyu and Yuan, Jiaxin and Hua, Pu and others},
  journal={arXiv preprint arXiv:2310.19668},
  year={2023}
}

@article{lecun1995convolutional,
  title={Convolutional networks for images, speech, and time series},
  year={1995},
  author={LeCun, Yann and Bengio, Yoshua and others},
  publisher={Citeseer}
}

@article{oord2018representation,
  title={Representation learning with contrastive predictive coding},
  author={Oord, Aaron van den and Li, Yazhe and Vinyals, Oriol},
  journal={arXiv preprint arXiv:1807.03748},
  year={2018}
}

@inproceedings{gutmann2010noise,
  title={Noise-contrastive estimation: A new estimation principle for unnormalized statistical models},
  author={Gutmann, Michael and Hyv{\"a}rinen, Aapo},
  booktitle={Proceedings of the thirteenth international conference on artificial intelligence and statistics},
  pages={297--304},
  year={2010},
  organization={JMLR Workshop and Conference Proceedings}
}

@article{stone2021distracting,
  title={The Distracting Control Suite--A Challenging Benchmark for Reinforcement Learning from Pixels},
  author={Stone, Austin and Ramirez, Oscar and Konolige, Kurt and Jonschkowski, Rico},
  journal={arXiv preprint arXiv:2101.02722},
  year={2021}
}

@article{yoneda2021invariance,
  title={Invariance through latent alignment},
  author={Yoneda, Takuma and Yang, Ge and Walter, Matthew R and Stadie, Bradly},
  journal={arXiv preprint arXiv:2112.08526},
  year={2021}
}

@article{yuan2022pre,
  title={Pre-trained image encoder for generalizable visual reinforcement learning},
  author={Yuan, Zhecheng and Xue, Zhengrong and Yuan, Bo and Wang, Xueqian and Wu, Yi and Gao, Yang and Xu, Huazhe},
  journal={Advances in Neural Information Processing Systems},
  volume={35},
  pages={13022--13037},
  year={2022}
}

@misc{kirillov2023segment,
      title={Segment Anything}, 
      author={Alexander Kirillov and Eric Mintun and Nikhila Ravi and Hanzi Mao and Chloe Rolland and Laura Gustafson and Tete Xiao and Spencer Whitehead and Alexander C. Berg and Wan-Yen Lo and Piotr Dollár and Ross Girshick},
      year={2023},
      eprint={2304.02643},
      archivePrefix={arXiv},
      primaryClass={cs.CV},
      url={https://arxiv.org/abs/2304.02643}, 
}

@misc{ravi2024sam2segmentimages,
      title={SAM 2: Segment Anything in Images and Videos}, 
      author={Nikhila Ravi and Valentin Gabeur and Yuan-Ting Hu and Ronghang Hu and Chaitanya Ryali and Tengyu Ma and Haitham Khedr and Roman Rädle and Chloe Rolland and Laura Gustafson and Eric Mintun and Junting Pan and Kalyan Vasudev Alwala and Nicolas Carion and Chao-Yuan Wu and Ross Girshick and Piotr Dollár and Christoph Feichtenhofer},
      year={2024},
      eprint={2408.00714},
      archivePrefix={arXiv},
      primaryClass={cs.CV},
      url={https://arxiv.org/abs/2408.00714}, 
}

@article{wang2023drivedreamer,
  title={Drivedreamer: Towards real-world-driven world models for autonomous driving},
  author={Wang, Xiaofeng and Zhu, Zheng and Huang, Guan and Chen, Xinze and Lu, Jiwen},
  journal={arXiv preprint arXiv:2309.09777},
  year={2023}
}

@book{deisenroth2020mathematics,
  title={Mathematics for machine learning},
  author={Deisenroth, Marc Peter and Faisal, A Aldo and Ong, Cheng Soon},
  year={2020},
  publisher={Cambridge University Press}
}

@article{higgins2017beta,
  title={beta-vae: Learning basic visual concepts with a constrained variational framework.},
  author={Higgins, Irina and Matthey, Loic and Pal, Arka and Burgess, Christopher P and Glorot, Xavier and Botvinick, Matthew M and Mohamed, Shakir and Lerchner, Alexander},
  journal={ICLR (Poster)},
  volume={3},
  year={2017}
}

@article{chen2018isolating,
  title={Isolating sources of disentanglement in variational autoencoders},
  author={Chen, Ricky TQ and Li, Xuechen and Grosse, Roger B and Duvenaud, David K},
  journal={Advances in neural information processing systems},
  volume={31},
  year={2018}
}

@inproceedings{cao2018unsupervised,
  title={Unsupervised domain adaptation with distribution matching machines},
  author={Cao, Yue and Long, Mingsheng and Wang, Jianmin},
  booktitle={Proceedings of the AAAI conference on artificial intelligence},
  volume={32},
  number={1},
  year={2018}
}

@article{baktashmotlagh2016distribution,
  title={Distribution-matching embedding for visual domain adaptation},
  author={Baktashmotlagh, Mahsa and Har, Mehrtash and Salzmann, Mathieu and others},
  journal={Journal of Machine Learning Research},
  volume={17},
  number={108},
  pages={1--30},
  year={2016}
}

@inproceedings{wang2021survey,
  title={A survey on unsupervised transfer clustering},
  author={Wang, Feng and Jiao, Lianmeng and Pan, Quan},
  booktitle={2021 40th Chinese Control Conference (CCC)},
  pages={7361--7365},
  year={2021},
  organization={IEEE}
}

@article{Zhu2017UnpairedIT,
  title={Unpaired Image-to-Image Translation Using Cycle-Consistent Adversarial Networks},
  author={Jun-Yan Zhu and Taesung Park and Phillip Isola and Alexei A. Efros},
  journal={2017 IEEE International Conference on Computer Vision (ICCV)},
  year={2017},
  pages={2242-2251},
  url={https://api.semanticscholar.org/CorpusID:206770979}
}

@article{Zhao2022EGSDEUI,
  title={EGSDE: Unpaired Image-to-Image Translation via Energy-Guided Stochastic Differential Equations},
  author={Min Zhao and Fan Bao and Chongxuan Li and Jun Zhu},
  journal={ArXiv},
  year={2022},
  volume={abs/2207.06635},
  url={https://api.semanticscholar.org/CorpusID:250526607}
}

@article{Li2023CrossLocoHM,
  title={CrossLoco: Human Motion Driven Control of Legged Robots via Guided Unsupervised Reinforcement Learning},
  author={Tianyu Li and Hyunyoung Jung and Matthew Gombolay and Yong Kwon Cho and Sehoon Ha},
  journal={ArXiv},
  year={2023},
  volume={abs/2309.17046},
  url={https://api.semanticscholar.org/CorpusID:263310974}
}

@article{lachaux2020unsupervised,
  title={Unsupervised translation of programming languages},
  author={Lachaux, Marie-Anne and Roziere, Baptiste and Chanussot, Lowik and Lample, Guillaume},
  journal={arXiv preprint arXiv:2006.03511},
  year={2020}
}

@article{artetxe2017unsupervised,
  title={Unsupervised neural machine translation},
  author={Artetxe, Mikel and Labaka, Gorka and Agirre, Eneko and Cho, Kyunghyun},
  journal={arXiv preprint arXiv:1710.11041},
  year={2017}
}

@misc{ding2024diffusionworldmodelfuture,
      title={Diffusion World Model: Future Modeling Beyond Step-by-Step Rollout for Offline Reinforcement Learning}, 
      author={Zihan Ding and Amy Zhang and Yuandong Tian and Qinqing Zheng},
      year={2024},
      eprint={2402.03570},
      archivePrefix={arXiv},
      primaryClass={cs.LG},
      url={https://arxiv.org/abs/2402.03570}, 
}

@article{Alonso2024DiffusionFW,
  title={Diffusion for World Modeling: Visual Details Matter in Atari},
  author={Eloi Alonso and Adam Jelley and Vincent Micheli and Anssi Kanervisto and Amos J. Storkey and Tim Pearce and Franccois Fleuret},
  journal={ArXiv},
  year={2024},
  volume={abs/2405.12399},
  url={https://api.semanticscholar.org/CorpusID:269930021}
}

@article{cheng1995mean,
  title={Mean shift, mode seeking, and clustering},
  author={Cheng, Yizong},
  journal={IEEE transactions on pattern analysis and machine intelligence},
  volume={17},
  number={8},
  pages={790--799},
  year={1995},
  publisher={IEEE}
}

@article{Du2023LearningUP,
  title={Learning Universal Policies via Text-Guided Video Generation},
  author={Yilun Du and Mengjiao Yang and Bo Dai and Hanjun Dai and Ofir Nachum and Joshua B. Tenenbaum and Dale Schuurmans and P. Abbeel},
  journal={ArXiv},
  year={2023},
  volume={abs/2302.00111},
  url={https://api.semanticscholar.org/CorpusID:256459809}
}

@article{Ko2023LearningTA,
  title={Learning to Act from Actionless Videos through Dense Correspondences},
  author={Po-Chen Ko and Jiayuan Mao and Yilun Du and Shao-Hua Sun and Josh Tenenbaum},
  journal={ArXiv},
  year={2023},
  volume={abs/2310.08576},
  url={https://api.semanticscholar.org/CorpusID:263908842}
}

@article{Sumers2023DistillingIV,
  title={Distilling Internet-Scale Vision-Language Models into Embodied Agents},
  author={Theodore R. Sumers and Kenneth Marino and Arun Ahuja and Rob Fergus and Ishita Dasgupta},
  journal={ArXiv},
  year={2023},
  volume={abs/2301.12507},
  url={https://api.semanticscholar.org/CorpusID:256389594}
}

@article{driess2022reinforcement,
  title={Reinforcement learning with neural radiance fields},
  author={Driess, Danny and Schubert, Ingmar and Florence, Pete and Li, Yunzhu and Toussaint, Marc},
  journal={Advances in Neural Information Processing Systems},
  volume={35},
  pages={16931--16945},
  year={2022}
}

@inproceedings{wu2023daydreamer,
  title={Daydreamer: World models for physical robot learning},
  author={Wu, Philipp and Escontrela, Alejandro and Hafner, Danijar and Abbeel, Pieter and Goldberg, Ken},
  booktitle={Conference on robot learning},
  pages={2226--2240},
  year={2023},
  organization={PMLR}
}

@inproceedings{Li2024Think2DriveER,
  title={Think2Drive: Efficient Reinforcement Learning by Thinking in Latent World Model for Quasi-Realistic Autonomous Driving (in CARLA-v2)},
  author={Qifeng Li and Xiaosong Jia and Shaobo Wang and Junchi Yan},
  year={2024},
  url={https://api.semanticscholar.org/CorpusID:268032582}
}

@book{dirac1981principles,
  title={The principles of quantum mechanics},
  author={Dirac, Paul Adrien Maurice},
  number={27},
  year={1981},
  publisher={Oxford university press}
}

@article{devo2020towards,
  title={Towards generalization in target-driven visual navigation by using deep reinforcement learning},
  author={Devo, Alessandro and Mezzetti, Giacomo and Costante, Gabriele and Fravolini, Mario L and Valigi, Paolo},
  journal={IEEE Transactions on Robotics},
  volume={36},
  number={5},
  pages={1546--1561},
  year={2020},
  publisher={IEEE}
}

@article{jaderberg2015spatial,
  title={Spatial transformer networks},
  author={Jaderberg, Max and Simonyan, Karen and Zisserman, Andrew and others},
  journal={Advances in neural information processing systems},
  volume={28},
  year={2015}
}

@article{caron2020unsupervised,
  title={Unsupervised learning of visual features by contrasting cluster assignments},
  author={Caron, Mathilde and Misra, Ishan and Mairal, Julien and Goyal, Priya and Bojanowski, Piotr and Joulin, Armand},
  journal={Advances in Neural Information Processing Systems},
  volume={33},
  pages={9912--9924},
  year={2020}
}

