@article{chen2021understanding,
  title={Understanding training-data leakage from gradients in neural networks for image classification},
  author={Chen, Cangxiong and Campbell, Neill DF},
  journal={arXiv preprint arXiv:2111.10178},
  year={2021}
}

@article{chen2025fedmua,
  title={FedMUA: Exploring the Vulnerabilities of Federated Learning to Malicious Unlearning Attacks},
  author={Chen, Jian and Lin, Zehui and Lin, Wanyu and Shi, Wenlong and Yin, Xiaoyan and Wang, Di},
  journal={IEEE Transactions on Information Forensics and Security},
  year={2025},
  volume={20},
  number={},
  pages={1665-1678},
  publisher={IEEE}
}

@article{hu2024learn,
  title={Learn what you want to unlearn: Unlearning inversion attacks against machine unlearning},
  author={Hu, Hongsheng and Wang, Shuo and Dong, Tian and Xue, Minhui},
  journal={arXiv preprint arXiv:2404.03233},
  year={2024}
}

@inproceedings{liu2021federaser,
  title={Federaser: Enabling efficient client-level data removal from federated learning models},
  author={Liu, Gaoyang and Ma, Xiaoqiang and Yang, Yang and Wang, Chen and Liu, Jiangchuan},
  booktitle={2021 IEEE/ACM 29th international symposium on quality of service (IWQOS)},
  pages={1--10},
  year={2021},
  organization={IEEE}
}

@inproceedings{liu2022right,
  title={The right to be forgotten in federated learning: An efficient realization with rapid retraining},
  author={Liu, Yi and Xu, Lei and Yuan, Xingliang and Wang, Cong and Li, Bo},
  booktitle={IEEE INFOCOM 2022-IEEE conference on computer communications},
  pages={1749--1758},
  year={2022},
  organization={IEEE}
}

@article{liu2024survey,
  title={A survey on federated unlearning: Challenges, methods, and future directions},
  author={Liu, Ziyao and Jiang, Yu and Shen, Jiyuan and Peng, Minyi and Lam, Kwok-Yan and Yuan, Xingliang and Liu, Xiaoning},
  journal={ACM Computing Surveys},
  volume={57},
  number={1},
  pages={1--38},
  year={2024},
  publisher={ACM New York, NY}
}

@inproceedings{ovi2023comprehensive,
  title={A comprehensive study of gradient inversion attacks in federated learning and baseline defense strategies},
  author={Ovi, Pretom Roy and Gangopadhyay, Aryya},
  booktitle={2023 57th Annual Conference on Information Sciences and Systems (CISS)},
  pages={1--6},
  year={2023},
  organization={IEEE}
}

@article{shaik2024framu,
  title={FRAMU: Attention-based machine unlearning using federated reinforcement learning},
  author={Shaik, Thanveer and Tao, Xiaohui and Li, Lin and Xie, Haoran and Cai, Taotao and Zhu, Xiaofeng and Li, Qing},
  journal={IEEE Transactions on Knowledge and Data Engineering},
  year={2024},
  volume={36},
  number={10},
  pages={5153-5167},
  publisher={IEEE}
}

@article{sun2024client,
  title={Client-Side Gradient Inversion Attack in Federated Learning Using Secure Aggregation},
  author={Sun, Yu and Liu, Zheng and Cui, Jian and Liu, Jianhua and Ma, Kailang and Liu, Jianwei},
  journal={IEEE Internet of Things Journal},
  year={2024},
  volume={11},
  number={17},
  pages={28774-28786},
  publisher={IEEE}
}

@inproceedings{wang2022federated,
  title={Federated unlearning via class-discriminative pruning},
  author={Wang, Junxiao and Guo, Song and Xie, Xin and Qi, Heng},
  booktitle={Proceedings of the ACM Web Conference 2022},
  pages={622--632},
  year={2022}
}

@article{wang2024fedu,
  title={FedU: Federated Unlearning via User-Side Influence Approximation Forgetting},
  author={Wang, Weiqi and Zhang, Chenhan and Tian, Zhiyi and Yu, Shui},
  journal={IEEE Transactions on Dependable and Secure Computing},
  year={2024},
  volume={},
  number={},
  pages={1-14},
  publisher={IEEE}
}

@article{xue2024differentially,
  title={Differentially private federated learning with an adaptive noise mechanism},
  author={Xue, Rui and Xue, Kaiping and Zhu, Bin and Luo, Xinyi and Zhang, Tianwei and Sun, Qibin and Lu, Jun},
  journal={IEEE Transactions on Information Forensics and Security},
  year={2024},
  volume={19},
  number={},
  pages={74-87},
  publisher={IEEE}
}

@inproceedings{yin2021see,
  title={See through gradients: Image batch recovery via gradinversion},
  author={Yin, Hongxu and Mallya, Arun and Vahdat, Arash and Alvarez, Jose M and Kautz, Jan and Molchanov, Pavlo},
  booktitle={Proceedings of the IEEE/CVF conference on computer vision and pattern recognition},
  pages={16337--16346},
  year={2021}
}

@article{zhang2023fedrecovery,
  title={Fedrecovery: Differentially private machine unlearning for federated learning frameworks},
  author={Zhang, Lefeng and Zhu, Tianqing and Zhang, Haibin and Xiong, Ping and Zhou, Wanlei},
  journal={IEEE Transactions on Information Forensics and Security},
  volume={18},
  number={},
  pages={4732-4746},
  year={2023},
  publisher={IEEE}
}

@article{zhao2020idlg,
  title={idlg: Improved deep leakage from gradients},
  author={Zhao, Bo and Mopuri, Konda Reddy and Bilen, Hakan},
  journal={arXiv preprint arXiv:2001.02610},
  year={2020}
}

@article{zhu2019deep,
  title={Deep leakage from gradients},
  author={Zhu, Ligeng and Liu, Zhijian and Han, Song},
  journal={Advances in neural information processing systems},
  volume={32},
  year={2019}
}

@article{zhu2020r,
  title={R-gap: Recursive gradient attack on privacy},
  author={Zhu, Junyi and Blaschko, Matthew},
  journal={arXiv preprint arXiv:2010.07733},
  year={2020}
}

