@article{de2021critical,
  title={A critical overview of privacy in machine learning},
  author={De Cristofaro, Emiliano},
  journal={IEEE Security \& Privacy},
  volume={19},
  number={4},
  pages={19--27},
  year={2021},
  publisher={IEEE}
}
@article{voigt2017eu,
  title={The eu general data protection regulation (gdpr)},
  author={Voigt, Paul and Von dem Bussche, Axel},
  journal={A Practical Guide, 1st Ed., Cham: Springer International Publishing},
  volume={10},
  number={3152676},
  pages={10--5555},
  year={2017},
  publisher={Springer}
}
@article{regulation2016regulation,
  title={Regulation (EU) 2016/679 of the European Parliament and of the Council},
  author={Regulation, Protection},
  journal={Regulation (eu)},
  volume={679},
  pages={2016},
  year={2016}
}
@article{harding2019understanding,
  title={Understanding the scope and impact of the california consumer privacy act of 2018},
  author={Harding, Elizabeth Liz and Vanto, Jarno J and Clark, Reece and Hannah Ji, L and Ainsworth, Sara C},
  journal={Journal of Data Protection \& Privacy},
  volume={2},
  number={3},
  pages={234--253},
  year={2019},
  publisher={Henry Stewart Publications}
}
@article{learning2017collaborative,
  title={Collaborative machine learning without centralized training data},
  author={Learning, Federated},
  journal={Publication date: Thursday},
  volume={6},
  year={2017}
}
@article{liu2024survey,
  title={A survey on federated unlearning: Challenges, methods, and future directions},
  author={Liu, Ziyao and Jiang, Yu and Shen, Jiyuan and Peng, Minyi and Lam, Kwok-Yan and Yuan, Xingliang and Liu, Xiaoning},
  journal={ACM Computing Surveys},
  volume={57},
  number={1},
  pages={1--38},
  year={2024},
  publisher={ACM New York, NY}
}
@article{zhang2023fedrecovery,
  title={Fedrecovery: Differentially private machine unlearning for federated learning frameworks},
  author={Zhang, Lefeng and Zhu, Tianqing and Zhang, Haibin and Xiong, Ping and Zhou, Wanlei},
  journal={IEEE Transactions on Information Forensics and Security},
  volume={18},
  number={},
  pages={4732-4746},
  year={2023},
  publisher={IEEE}
}
@article{varshney2025efficient,
  title={Efficient federated unlearning under plausible deniability},
  author={Varshney, Ayush K and Torra, Vicen{\c{c}}},
  journal={Machine Learning},
  volume={114},
  number={1},
  pages={25},
  year={2025},
  publisher={Springer}
}
@article{liu2021revfrf,
  title={Revfrf: Enabling cross-domain random forest training with revocable federated learning},
  author={Liu, Yang and Ma, Zhuo and Yang, Yilong and Liu, Ximeng and Ma, Jianfeng and Ren, Kui},
  journal={IEEE Transactions on Dependable and Secure Computing},
  volume={19},
  number={6},
  pages={3671--3685},
  year={2021},
  publisher={IEEE}
}
@article{liu2024guaranteeing,
  title={Guaranteeing Data Privacy in Federated Unlearning with Dynamic User Participation},
  author={Liu, Ziyao and Jiang, Yu and Jiang, Weifeng and Guo, Jiale and Zhao, Jun and Lam, Kwok-Yan},
  journal={arXiv preprint arXiv:2406.00966},
  year={2024}
}
@article{zhu2019deep,
  title={Deep leakage from gradients},
  author={Zhu, Ligeng and Liu, Zhijian and Han, Song},
  journal={Advances in neural information processing systems},
  volume={32},
  year={2019}
}
@article{liang2023egia,
  title={Egia: An external gradient inversion attack in federated learning},
  author={Liang, Haotian and Li, Youqi and Zhang, Chuan and Liu, Ximeng and Zhu, Liehuang},
  journal={IEEE Transactions on Information Forensics and Security},
  year={2023},
  volume={18},
  number={},
  pages={4984-4995},
  publisher={IEEE}
}
@article{chen2025fedmua,
  title={FedMUA: Exploring the Vulnerabilities of Federated Learning to Malicious Unlearning Attacks},
  author={Chen, Jian and Lin, Zehui and Lin, Wanyu and Shi, Wenlong and Yin, Xiaoyan and Wang, Di},
  journal={IEEE Transactions on Information Forensics and Security},
  year={2025},
  volume={20},
  number={},
  pages={1665-1678},
  publisher={IEEE}
}
@article{li2025machine,
  title={Machine unlearning: Taxonomy, metrics, applications, challenges, and prospects},
  author={Li, Na and Zhou, Chunyi and Gao, Yansong and Chen, Hui and Zhang, Zhi and Kuang, Boyu and Fu, Anmin},
  journal={IEEE Transactions on Neural Networks and Learning Systems},
  year={2025},
  volume={},
  number={},
  pages={1-21},
  publisher={IEEE}
}
@article{xue2024differentially,
  title={Differentially private federated learning with an adaptive noise mechanism},
  author={Xue, Rui and Xue, Kaiping and Zhu, Bin and Luo, Xinyi and Zhang, Tianwei and Sun, Qibin and Lu, Jun},
  journal={IEEE Transactions on Information Forensics and Security},
  year={2024},
  volume={19},
  number={},
  pages={74-87},
  publisher={IEEE}
}
@inproceedings{ovi2023comprehensive,
  title={A comprehensive study of gradient inversion attacks in federated learning and baseline defense strategies},
  author={Ovi, Pretom Roy and Gangopadhyay, Aryya},
  booktitle={2023 57th Annual Conference on Information Sciences and Systems (CISS)},
  pages={1--6},
  year={2023},
  organization={IEEE}
}
@article{sun2024client,
  title={Client-Side Gradient Inversion Attack in Federated Learning Using Secure Aggregation},
  author={Sun, Yu and Liu, Zheng and Cui, Jian and Liu, Jianhua and Ma, Kailang and Liu, Jianwei},
  journal={IEEE Internet of Things Journal},
  year={2024},
  volume={11},
  number={17},
  pages={28774-28786},
  publisher={IEEE}
}
@article{zhao2020idlg,
  title={idlg: Improved deep leakage from gradients},
  author={Zhao, Bo and Mopuri, Konda Reddy and Bilen, Hakan},
  journal={arXiv preprint arXiv:2001.02610},
  year={2020}
}
@inproceedings{yin2021see,
  title={See through gradients: Image batch recovery via gradinversion},
  author={Yin, Hongxu and Mallya, Arun and Vahdat, Arash and Alvarez, Jose M and Kautz, Jan and Molchanov, Pavlo},
  booktitle={Proceedings of the IEEE/CVF conference on computer vision and pattern recognition},
  pages={16337--16346},
  year={2021}
}
@article{zhu2020r,
  title={R-gap: Recursive gradient attack on privacy},
  author={Zhu, Junyi and Blaschko, Matthew},
  journal={arXiv preprint arXiv:2010.07733},
  year={2020}
}
@article{chen2021understanding,
  title={Understanding training-data leakage from gradients in neural networks for image classification},
  author={Chen, Cangxiong and Campbell, Neill DF},
  journal={arXiv preprint arXiv:2111.10178},
  year={2021}
}
@article{hu2024learn,
  title={Learn what you want to unlearn: Unlearning inversion attacks against machine unlearning},
  author={Hu, Hongsheng and Wang, Shuo and Dong, Tian and Xue, Minhui},
  journal={arXiv preprint arXiv:2404.03233},
  year={2024}
}
@ARTICLE{chen2024secure,
  author={Chen, Lvjun and Xiao, Di and Xiao, Xiangli and Zhang, Yushu},
  journal={IEEE Transactions on Information Forensics and Security}, 
  title={Secure and Efficient Federated Learning via Novel Authenticable Multi-Party Computation and Compressed Sensing}, 
  year={2024},
  volume={19},
  number={},
  pages={10141-10156},  
  publisher={IEEE}
}
@article{issa2024rve,
  title={RVE-PFL: Robust Variational Encoder-based Personalised Federated Learning against Model Inversion Attacks},
  author={Issa, Wael and Moustafa, Nour and Turnbull, Benjamin and Choo, Kim-Kwang Raymond},
  journal={IEEE Transactions on Information Forensics and Security},
  year={2024},
  volume={19},
  number={},
  pages={3772-3787},
  publisher={IEEE}
}
@article{rodriguez2008efficient,
  title={Efficient minimization method for a generalized total variation functional},
  author={Rodr{\'\i}guez, Paul and Wohlberg, Brendt},
  journal={IEEE Transactions on Image Processing},
  volume={18},
  number={2},
  pages={322--332},
  year={2008},
  publisher={IEEE}
}
@inproceedings{wainakh2021label,
  title={Label leakage from gradients in distributed machine learning},
  author={Wainakh, Aidmar and M{\"u}{\ss}ig, Till and Grube, Tim and M{\"u}hlh{\"a}user, Max},
  booktitle={2021 IEEE 18th Annual Consumer Communications \& Networking Conference (CCNC)},
  pages={1--4},
  year={2021},
  organization={IEEE}
}
@inproceedings{cao2023fedrecover,
  title={Fedrecover: Recovering from poisoning attacks in federated learning using historical information},
  author={Cao, Xiaoyu and Jia, Jinyuan and Zhang, Zaixi and Gong, Neil Zhenqiang},
  booktitle={2023 IEEE Symposium on Security and Privacy (SP)},
  pages={1366--1383},
  year={2023},
  organization={IEEE}
}
@article{wang2023mitigating,
  title={Mitigating poor data quality impact with federated unlearning for human-centric metaverse},
  author={Wang, Pengfei and Wei, Zongzheng and Qi, Heng and Wan, Shaohua and Xiao, Yunming and Sun, Geng and Zhang, Qiang},
  journal={IEEE Journal on Selected Areas in Communications},
  year={2024},
  volume={42},
  number={4},
  pages={832-849},
  publisher={IEEE}
}
@inproceedings{liu2021federaser,
  title={Federaser: Enabling efficient client-level data removal from federated learning models},
  author={Liu, Gaoyang and Ma, Xiaoqiang and Yang, Yang and Wang, Chen and Liu, Jiangchuan},
  booktitle={2021 IEEE/ACM 29th international symposium on quality of service (IWQOS)},
  pages={1--10},
  year={2021},
  organization={IEEE}
}
@inproceedings{yuan2023federated,
  title={Federated unlearning for on-device recommendation},
  author={Yuan, Wei and Yin, Hongzhi and Wu, Fangzhao and Zhang, Shijie and He, Tieke and Wang, Hao},
  booktitle={Proceedings of the sixteenth ACM international conference on web search and data mining},
  pages={393--401},
  year={2023}
}
@misc{goodfellow2016deep,
  title={Deep learning},
  author={Goodfellow, Ian},
  year={2016},
  publisher={MIT press}
}
@article{krizhevsky2009learning,
  title={Learning multiple layers of features from tiny images},
  author={Krizhevsky, Alex and Hinton, Geoffrey and others},
  year={2009},
  publisher={Toronto, ON, Canada}
}
@article{tian2022fedbert,
  title={FedBERT: When federated learning meets pre-training},
  author={Tian, Yuanyishu and Wan, Yao and Lyu, Lingjuan and Yao, Dezhong and Jin, Hai and Sun, Lichao},
  journal={ACM Transactions on Intelligent Systems and Technology (TIST)},
  volume={13},
  number={4},
  pages={1--26},
  year={2022},
  publisher={ACM New York, NY}
}
@inproceedings{he2016deep,
  title={Deep residual learning for image recognition},
  author={He, Kaiming and Zhang, Xiangyu and Ren, Shaoqing and Sun, Jian},
  booktitle={Proceedings of the IEEE conference on computer vision and pattern recognition},
  pages={770--778},
  year={2016}
}
@inproceedings{yue2023gradient,
  title={Gradient obfuscation gives a false sense of security in federated learning},
  author={Yue, Kai and Jin, Richeng and Wong, Chau-Wai and Baron, Dror and Dai, Huaiyu},
  booktitle={32nd USENIX Security Symposium (USENIX Security 23)},
  pages={6381--6398},
  year={2023}
}
@inproceedings{wang2022federated,
  title={Federated unlearning via class-discriminative pruning},
  author={Wang, Junxiao and Guo, Song and Xie, Xin and Qi, Heng},
  booktitle={Proceedings of the ACM Web Conference 2022},
  pages={622--632},
  year={2022}
}
@inproceedings{thudi2022unrolling,
  title={Unrolling sgd: Understanding factors influencing machine unlearning},
  author={Thudi, Anvith and Deza, Gabriel and Chandrasekaran, Varun and Papernot, Nicolas},
  booktitle={2022 IEEE 7th European Symposium on Security and Privacy (EuroS\&P)},
  pages={303--319},
  year={2022},
  organization={IEEE}
}
@inproceedings{abadi2016deep,
  title={Deep learning with differential privacy},
  author={Abadi, Martin and Chu, Andy and Goodfellow, Ian and McMahan, H Brendan and Mironov, Ilya and Talwar, Kunal and Zhang, Li},
  booktitle={Proceedings of the 2016 ACM SIGSAC conference on computer and communications security},
  pages={308--318},
  year={2016}
}
@article{wang2024fedu,
  title={FedU: Federated Unlearning via User-Side Influence Approximation Forgetting},
  author={Wang, Weiqi and Zhang, Chenhan and Tian, Zhiyi and Yu, Shui},
  journal={IEEE Transactions on Dependable and Secure Computing},
  year={2024},
  volume={},
  number={},
  pages={1-14},
  publisher={IEEE}
}
@article{shaik2024framu,
  title={FRAMU: Attention-based machine unlearning using federated reinforcement learning},
  author={Shaik, Thanveer and Tao, Xiaohui and Li, Lin and Xie, Haoran and Cai, Taotao and Zhu, Xiaofeng and Li, Qing},
  journal={IEEE Transactions on Knowledge and Data Engineering},
  year={2024},
  volume={36},
  number={10},
  pages={5153-5167},
  publisher={IEEE}
}
@inproceedings{liu2022right,
  title={The right to be forgotten in federated learning: An efficient realization with rapid retraining},
  author={Liu, Yi and Xu, Lei and Yuan, Xingliang and Wang, Cong and Li, Bo},
  booktitle={IEEE INFOCOM 2022-IEEE conference on computer communications},
  pages={1749--1758},
  year={2022},
  organization={IEEE}
}
@article{geiping2020inverting,
  title={Inverting gradients-how easy is it to break privacy in federated learning?},
  author={Geiping, Jonas and Bauermeister, Hartmut and Dr{\"o}ge, Hannah and Moeller, Michael},
  journal={Advances in neural information processing systems},
  volume={33},
  pages={16937--16947},
  year={2020}
}
@article{zhang2022all,
  title={Are all layers created equal?},
  author={Zhang, Chiyuan and Bengio, Samy and Singer, Yoram},
  journal={Journal of Machine Learning Research},
  volume={23},
  number={67},
  pages={1--28},
  year={2022}
}