@inproceedings{Aaronson2022,
  title={My {AI} Safety Lecture for {UT} Effective Altruism,},
  author={Aaronson, Scott},
  url={https://scottaaronson.blog/?p=6823},
  year={2022}
}

@article{christ2023undetectable,
  title={Undetectable Watermarks for Language Models},
  author={Christ, Miranda and Gunn, Sam and Zamir, Or},
  journal={arXiv preprint arXiv:2306.09194},
  year={2023}
}

@article{hu2023unbiased,
  title={Unbiased watermark for large language models},
  author={Hu, Zhengmian and Chen, Lichang and Wu, Xidong and Wu, Yihan and Zhang, Hongyang and Huang, Heng},
  journal={arXiv preprint arXiv:2310.10669},
  year={2023}
}

@article{kirchenbauer2023watermark,
  title={A watermark for large language models},
  author={Kirchenbauer, John and Geiping, Jonas and Wen, Yuxin and Katz, Jonathan and Miers, Ian and Goldstein, Tom},
  journal={arXiv preprint arXiv:2301.10226},
  year={2023}
}

@article{kuditipudi2023robust,
  title={Robust Distortion-free Watermarks for Language Models},
  author={Kuditipudi, Rohith and Thickstun, John and Hashimoto, Tatsunori and Liang, Percy},
  journal={arXiv preprint arXiv:2307.15593},
  year={2023}
}

@article{liu2023semantic,
  title={A semantic invariant robust watermark for large language models},
  author={Liu, Aiwei and Pan, Leyi and Hu, Xuming and Meng, Shiao and Wen, Lijie},
  journal={arXiv preprint arXiv:2310.06356},
  year={2023}
}

@article{liu2023unforgeable,
  title={An unforgeable publicly verifiable watermark for large language models},
  author={Liu, Aiwei and Pan, Leyi and Hu, Xuming and Li, Shuâ€™ang and Wen, Lijie and King, Irwin and Yu, Philip S},
  journal={arXiv preprint arXiv:2307.16230},
  year={2023}
}

@article{mao2024watermark,
  title={A Watermark for Low-entropy and Unbiased Generation in Large Language Models},
  author={Mao, Minjia and Wei, Dongjun and Chen, Zeyu and Fang, Xiao and Chau, Michael},
  journal={arXiv preprint arXiv:2405.14604},
  year={2024}
}

@article{wu2023dipmark,
  title={Dipmark: A stealthy, efficient and resilient watermark for large language models},
  author={Wu, Yihan and Hu, Zhengmian and Zhang, Hongyang and Huang, Heng},
  journal={arXiv preprint arXiv:2310.07710},
  year={2023}
}

@article{zhao2023provable,
  title={Provable robust watermarking for ai-generated text},
  author={Zhao, Xuandong and Ananth, Prabhanjan and Li, Lei and Wang, Yu-Xiang},
  journal={arXiv preprint arXiv:2306.17439},
  year={2023}
}

