@article{lee2019comprehensive,
  title={A comprehensive review on current advances in peptide drug development and design},
  author={Lee, Andy Chi-Lung and Harris, Janelle Louise and Khanna, Kum Kum and Hong, Ji-Hong},
  journal={International journal of molecular sciences},
  volume={20},
  number={10},
  pages={2383},
  year={2019},
  publisher={MDPI}
}

@article{petsalaki2008peptide,
  title={Peptide-mediated interactions in biological systems: new discoveries and applications},
  author={Petsalaki, Evangelia and Russell, Robert B},
  journal={Current opinion in biotechnology},
  volume={19},
  number={4},
  pages={344--350},
  year={2008},
  publisher={Elsevier}
}

@article{muttenthaler2021trends,
  title={Trends in peptide drug discovery},
  author={Muttenthaler, Markus and King, Glenn F and Adams, David J and Alewood, Paul F},
  journal={Nature reviews Drug discovery},
  volume={20},
  number={4},
  pages={309--325},
  year={2021},
  publisher={Nature Publishing Group UK London}
}

@article{henninot2018current,
  title={The current state of peptide drug discovery: back to the future?},
  author={Henninot, Antoine and Collins, James C and Nuss, John M},
  journal={Journal of medicinal chemistry},
  volume={61},
  number={4},
  pages={1382--1414},
  year={2018},
  publisher={ACS Publications}
}

@article{bhardwaj2016accurate,
  title={Accurate de novo design of hyperstable constrained peptides},
  author={Bhardwaj, Gaurav and Mulligan, Vikram Khipple and Bahl, Christopher D and Gilmore, Jason M and Harvey, Peta J and Cheneval, Olivier and Buchko, Garry W and Pulavarti, Surya VSRK and Kaas, Quentin and Eletsky, Alexander and others},
  journal={Nature},
  volume={538},
  number={7625},
  pages={329--335},
  year={2016},
  publisher={Nature Publishing Group UK London}
}

@article{corso2022diffdock,
  title={Diffdock: Diffusion steps, twists, and turns for molecular docking},
  author={Corso, Gabriele and St{\"a}rk, Hannes and Jing, Bowen and Barzilay, Regina and Jaakkola, Tommi},
  journal={arXiv preprint arXiv:2210.01776},
  year={2022}
}

@article{watson2023novo,
  title={De novo design of protein structure and function with RFdiffusion},
  author={Watson, Joseph L and Juergens, David and Bennett, Nathaniel R and Trippe, Brian L and Yim, Jason and Eisenach, Helen E and Ahern, Woody and Borst, Andrew J and Ragotte, Robert J and Milles, Lukas F and others},
  journal={Nature},
  volume={620},
  number={7976},
  pages={1089--1100},
  year={2023},
  publisher={Nature Publishing Group UK London}
}

@article{li2024full,
  title={Full-Atom Peptide Design based on Multi-modal Flow Matching},
  author={Li, Jiahan and Cheng, Chaoran and Wu, Zuofan and Guo, Ruihan and Luo, Shitong and Ren, Zhizhou and Peng, Jian and Ma, Jianzhu},
  journal={arXiv preprint arXiv:2406.00735},
  year={2024}
}

@article{CIEMNY20181530,
title = {Proteinâ€“peptide docking: opportunities and challenges},
journal = {Drug Discovery Today},
volume = {23},
number = {8},
pages = {1530-1537},
year = {2018},
issn = {1359-6446},
author = {Maciej Ciemny and Mateusz Kurcinski and Karol Kamel and Andrzej Kolinski and Nawsad Alam and Ora Schueler-Furman and Sebastian Kmiecik}
}

@article{dauparas2022robust,
  title={Robust deep learning--based protein sequence design using ProteinMPNN},
  author={Dauparas, Justas and Anishchenko, Ivan and Bennett, Nathaniel and Bai, Hua and Ragotte, Robert J and Milles, Lukas F and Wicky, Basile IM and Courbet, Alexis and de Haas, Rob J and Bethel, Neville and others},
  journal={Science},
  volume={378},
  number={6615},
  pages={49--56},
  year={2022},
  publisher={American Association for the Advancement of Science}
}

@article{trippe2022diffusion,
  title={Diffusion probabilistic modeling of protein backbones in 3d for the motif-scaffolding problem},
  author={Trippe, Brian L and Yim, Jason and Tischer, Doug and Baker, David and Broderick, Tamara and Barzilay, Regina and Jaakkola, Tommi},
  journal={arXiv preprint arXiv:2206.04119},
  year={2022}
}

@article{anand2022protein,
  title={Protein structure and sequence generation with equivariant denoising diffusion probabilistic models},
  author={Anand, Namrata and Achim, Tudor},
  journal={arXiv preprint arXiv:2205.15019},
  year={2022}
}

@article{lin2024ppflow,
  title={PPFLOW: Target-Aware Peptide Design with Torsional Flow Matching},
  author={Lin, Haitao and Zhang, Odin and Zhao, Huifeng and Jiang, Dejun and Wu, Lirong and Liu, Zicheng and Huang, Yufei and Li, Stan Z},
  journal={bioRxiv},
  pages={2024--03},
  year={2024},
  publisher={Cold Spring Harbor Laboratory}
}

@article{london2013peptide,
  title={Peptide docking and structure-based characterization of peptide binding: from knowledge to know-how},
  author={London, Nir and Raveh, Barak and Schueler-Furman, Ora},
  journal={Current opinion in structural biology},
  volume={23},
  number={6},
  pages={894--902},
  year={2013},
  publisher={Elsevier}
}

@article{lipman2022flow,
  title={Flow matching for generative modeling},
  author={Lipman, Yaron and Chen, Ricky TQ and Ben-Hamu, Heli and Nickel, Maximilian and Le, Matt},
  journal={arXiv preprint arXiv:2210.02747},
  year={2022}
}

@article{bennett2023improving,
  title={Improving de novo protein binder design with deep learning},
  author={Bennett, Nathaniel R and Coventry, Brian and Goreshnik, Inna and Huang, Buwei and Allen, Aza and Vafeados, Dionne and Peng, Ying Po and Dauparas, Justas and Baek, Minkyung and Stewart, Lance and others},
  journal={Nature Communications},
  volume={14},
  number={1},
  pages={2625},
  year={2023},
  publisher={Nature Publishing Group UK London}
}

@article{craik2013future,
  title={The future of peptide-based drugs},
  author={Craik, David J and Fairlie, David P and Liras, Spiros and Price, David},
  journal={Chemical biology \& drug design},
  volume={81},
  number={1},
  pages={136--147},
  year={2013},
  publisher={Wiley Online Library}
}

@article{fosgerau2015peptide,
  title={Peptide therapeutics: current status and future directions},
  author={Fosgerau, Keld and Hoffmann, Torsten},
  journal={Drug discovery today},
  volume={20},
  number={1},
  pages={122--128},
  year={2015},
  publisher={Elsevier}
}

@article{wen2019pepbdb,
  title={PepBDB: a comprehensive structural database of biological peptide--protein interactions},
  author={Wen, Zeyu and He, Jiahua and Tao, Huanyu and Huang, Sheng-You},
  journal={Bioinformatics},
  volume={35},
  number={1},
  pages={175--177},
  year={2019},
  publisher={Oxford University Press}
}

@article{wei2024q,
  title={Q-biolip: A comprehensive resource for quaternary structure-based protein--ligand interactions},
  author={Wei, Hong and Wang, Wenkai and Peng, Zhenling and Yang, Jianyi},
  journal={Genomics, Proteomics \& Bioinformatics},
  volume={22},
  number={1},
  year={2024},
  publisher={Oxford Academic}
}

@incollection{rohl2004protein,
  title={Protein structure prediction using Rosetta},
  author={Rohl, Carol A and Strauss, Charlie EM and Misura, Kira MS and Baker, David},
  booktitle={Methods in enzymology},
  volume={383},
  pages={66--93},
  year={2004},
  publisher={Elsevier}
}

@article{zhang2005tm,
  title={TM-align: a protein structure alignment algorithm based on the TM-score},
  author={Zhang, Yang and Skolnick, Jeffrey},
  journal={Nucleic acids research},
  volume={33},
  number={7},
  pages={2302--2309},
  year={2005},
  publisher={Oxford University Press}
}

@article{yan2020hdock,
  title={The HDOCK server for integrated protein--protein docking},
  author={Yan, Yumeng and Tao, Huanyu and He, Jiahua and Huang, Sheng-You},
  journal={Nature protocols},
  volume={15},
  number={5},
  pages={1829--1852},
  year={2020},
  publisher={Nature Publishing Group UK London}
}

@article{luo2023rotamer,
  title={Rotamer density estimator is an unsupervised learner of the effect of mutations on protein-protein interaction},
  author={Luo, Shitong and Su, Yufeng and Wu, Zuofan and Su, Chenpeng and Peng, Jian and Ma, Jianzhu},
  journal={bioRxiv},
  pages={2023--02},
  year={2023},
  publisher={Cold Spring Harbor Laboratory}
}

@article{leman2020macromolecular,
  title={Macromolecular modeling and design in Rosetta: recent methods and frameworks},
  author={Leman, Julia Koehler and Weitzner, Brian D and Lewis, Steven M and Adolf-Bryfogle, Jared and Alam, Nawsad and Alford, Rebecca F and Aprahamian, Melanie and Baker, David and Barlow, Kyle A and Barth, Patrick and others},
  journal={Nature methods},
  volume={17},
  number={7},
  pages={665--680},
  year={2020},
  publisher={Nature Publishing Group US New York}
}

@article{krivov2009improved,
  title={Improved prediction of protein side-chain conformations with SCWRL4},
  author={Krivov, Georgii G and Shapovalov, Maxim V and Dunbrack Jr, Roland L},
  journal={Proteins: Structure, Function, and Bioinformatics},
  volume={77},
  number={4},
  pages={778--795},
  year={2009},
  publisher={Wiley Online Library}
}

@article{liu2022flow,
  title={Flow straight and fast: Learning to generate and transfer data with rectified flow},
  author={Liu, Xingchao and Gong, Chengyue and Liu, Qiang},
  journal={arXiv preprint arXiv:2209.03003},
  year={2022}
}

@article{stafford2022atomnet,
  title={AtomNet PoseRanker: Enriching ligand pose quality for dynamic proteins in virtual high-throughput screens},
  author={Stafford, Kate A and Anderson, Brandon M and Sorenson, Jon and Van Den Bedem, Henry},
  journal={Journal of Chemical Information and Modeling},
  volume={62},
  number={5},
  pages={1178--1189},
  year={2022},
  publisher={ACS Publications}
}

@article{wang2021onionnet,
  title={OnionNet-2: a convolutional neural network model for predicting protein-ligand binding affinity based on residue-atom contacting shells},
  author={Wang, Zechen and Zheng, Liangzhen and Liu, Yang and Qu, Yuanyuan and Li, Yong-Qiang and Zhao, Mingwen and Mu, Yuguang and Li, Weifeng},
  journal={Frontiers in chemistry},
  volume={9},
  pages={753002},
  year={2021},
  publisher={Frontiers Media SA}
}

@article{shi2022graphsite,
  title={Graphsite: ligand binding site classification with deep graph learning},
  author={Shi, Wentao and Singha, Manali and Pu, Limeng and Srivastava, Gopal and Ramanujam, Jagannathan and Brylinski, Michal},
  journal={Biomolecules},
  volume={12},
  number={8},
  pages={1053},
  year={2022},
  publisher={MDPI}
}

@article{yang2022mgraphdta,
  title={MGraphDTA: deep multiscale graph neural network for explainable drug--target binding affinity prediction},
  author={Yang, Ziduo and Zhong, Weihe and Zhao, Lu and Chen, Calvin Yu-Chian},
  journal={Chemical science},
  volume={13},
  number={3},
  pages={816--833},
  year={2022},
  publisher={Royal Society of Chemistry}
}

@article{wong2022benchmarking,
  title={Benchmarking AlphaFold-enabled molecular docking predictions for antibiotic discovery},
  author={Wong, Felix and Krishnan, Aarti and Zheng, Erica J and St{\"a}rk, Hannes and Manson, Abigail L and Earl, Ashlee M and Jaakkola, Tommi and Collins, James J},
  journal={Molecular systems biology},
  volume={18},
  number={9},
  pages={e11081},
  year={2022}
}

@article{johansson2022improving,
  title={Improving peptide-protein docking with AlphaFold-Multimer using forced sampling},
  author={Johansson-{\AA}khe, Isak and Wallner, Bj{\"o}rn},
  journal={Frontiers in bioinformatics},
  volume={2},
  pages={959160},
  year={2022},
  publisher={Frontiers Media SA}
}

@article{yang2022protein,
  title={Protein--ligand docking in the machine-learning era},
  author={Yang, Chao and Chen, Eric Anthony and Zhang, Yingkai},
  journal={Molecules},
  volume={27},
  number={14},
  pages={4568},
  year={2022},
  publisher={MDPI}
}

@article{kramer1999evaluation,
  title={Evaluation of the FLEXX incremental construction algorithm for protein--ligand docking},
  author={Kramer, Bernd and Rarey, Matthias and Lengauer, Thomas},
  journal={Proteins: Structure, Function, and Bioinformatics},
  volume={37},
  number={2},
  pages={228--241},
  year={1999},
  publisher={Wiley Online Library}
}

@article{totrov1997flexible,
  title={Flexible protein--ligand docking by global energy optimization in internal coordinates},
  author={Totrov, Maxim and Abagyan, Ruben},
  journal={Proteins: Structure, Function, and Bioinformatics},
  volume={29},
  number={S1},
  pages={215--220},
  year={1997},
  publisher={Wiley Online Library}
}

@article{evans2021protein,
  title={Protein complex prediction with AlphaFold-Multimer},
  author={Evans, Richard and Oâ€™Neill, Michael and Pritzel, Alexander and Antropova, Natasha and Senior, Andrew and Green, Tim and {\v{Z}}{\'\i}dek, Augustin and Bates, Russ and Blackwell, Sam and Yim, Jason and others},
  journal={biorxiv},
  pages={2021--10},
  year={2021},
  publisher={Cold Spring Harbor Laboratory}
}

@inproceedings{wang2024multi,
  title={A multi-modal contrastive diffusion model for therapeutic peptide generation},
  author={Wang, Yongkang and Liu, Xuan and Huang, Feng and Xiong, Zhankun and Zhang, Wen},
  booktitle={Proceedings of the AAAI Conference on Artificial Intelligence},
  volume={38},
  number={1},
  pages={3--11},
  year={2024}
}

@article{chen2024amp,
  title={AMP-diffusion: Integrating latent diffusion with protein language models for antimicrobial peptide generation},
  author={Chen, Tianlai and Vure, Pranay and Pulugurta, Rishab and Chatterjee, Pranam},
  journal={bioRxiv},
  pages={2024--03},
  year={2024},
  publisher={Cold Spring Harbor Laboratory}
}

@article{beal2015esm,
  title={ESM 2.0: State of the art and future potential of experience sampling methods in organizational research},
  author={Beal, Daniel J},
  journal={Annu. Rev. Organ. Psychol. Organ. Behav.},
  volume={2},
  number={1},
  pages={383--407},
  year={2015},
  publisher={Annual Reviews}
}

@article{yim2023fast,
  title={Fast protein backbone generation with SE (3) flow matching},
  author={Yim, Jason and Campbell, Andrew and Foong, Andrew YK and Gastegger, Michael and Jim{\'e}nez-Luna, Jos{\'e} and Lewis, Sarah and Satorras, Victor Garcia and Veeling, Bastiaan S and Barzilay, Regina and Jaakkola, Tommi and others},
  journal={arXiv preprint arXiv:2310.05297},
  year={2023}
}

@article{bose2023se,
  title={Se (3)-stochastic flow matching for protein backbone generation},
  author={Bose, Avishek Joey and Akhound-Sadegh, Tara and Huguet, Guillaume and Fatras, Kilian and Rector-Brooks, Jarrid and Liu, Cheng-Hao and Nica, Andrei Cristian and Korablyov, Maksym and Bronstein, Michael and Tong, Alexander},
  journal={arXiv preprint arXiv:2310.02391},
  year={2023}
}

@article{zhang2024diffpack,
  title={Diffpack: A torsional diffusion model for autoregressive protein side-chain packing},
  author={Zhang, Yangtian and Zhang, Zuobai and Zhong, Bozitao and Misra, Sanchit and Tang, Jian},
  journal={Advances in Neural Information Processing Systems},
  volume={36},
  year={2024}
}

@inproceedings{lee2019set,
  title={Set transformer: A framework for attention-based permutation-invariant neural networks},
  author={Lee, Juho and Lee, Yoonho and Kim, Jungtaek and Kosiorek, Adam and Choi, Seungjin and Teh, Yee Whye},
  booktitle={International conference on machine learning},
  pages={3744--3753},
  year={2019},
  organization={PMLR}
}

@article{charoenkwan2021bert4bitter,
  title={BERT4Bitter: a bidirectional encoder representations from transformers (BERT)-based model for improving the prediction of bitter peptides},
  author={Charoenkwan, Phasit and Nantasenamat, Chanin and Hasan, Md Mehedi and Manavalan, Balachandran and Shoombuatong, Watshara},
  journal={Bioinformatics},
  volume={37},
  number={17},
  pages={2556--2562},
  year={2021},
  publisher={Oxford University Press}
}

@article{lin2023evolutionary,
  title={Evolutionary-scale prediction of atomic-level protein structure with a language model},
  author={Lin, Zeming and Akin, Halil and Rao, Roshan and Hie, Brian and Zhu, Zhongkai and Lu, Wenting and Smetanin, Nikita and Verkuil, Robert and Kabeli, Ori and Shmueli, Yaniv and others},
  journal={Science},
  volume={379},
  number={6637},
  pages={1123--1130},
  year={2023},
  publisher={American Association for the Advancement of Science}
}

@book{teschl2021ordinary,
  title={Ordinary differential equations and dynamical systems},
  author={Teschl, Gerald},
  volume={140},
  year={2021},
  publisher={Gao deng jiao yu chu ban she}
}

@article{yang2023diffusion,
  title={Diffusion models: A comprehensive survey of methods and applications},
  author={Yang, Ling and Zhang, Zhilong and Song, Yang and Hong, Shenda and Xu, Runsheng and Zhao, Yue and Zhang, Wentao and Cui, Bin and Yang, Ming-Hsuan},
  journal={ACM Computing Surveys},
  volume={56},
  number={4},
  pages={1--39},
  year={2023},
  publisher={ACM New York, NY, USA}
}

@article{leach2022denoising,
  title={Denoising diffusion probabilistic models on so (3) for rotational alignment},
  author={Leach, Adam and Schmon, Sebastian M and Degiacomi, Matteo T and Willcocks, Chris G},
  year={2022}
}