@article{beal2015esm,
  title={ESM 2.0: State of the art and future potential of experience sampling methods in organizational research},
  author={Beal, Daniel J},
  journal={Annu. Rev. Organ. Psychol. Organ. Behav.},
  volume={2},
  number={1},
  pages={383--407},
  year={2015},
  publisher={Annual Reviews}
}

@article{bose2023se,
  title={Se (3)-stochastic flow matching for protein backbone generation},
  author={Bose, Avishek Joey and Akhound-Sadegh, Tara and Huguet, Guillaume and Fatras, Kilian and Rector-Brooks, Jarrid and Liu, Cheng-Hao and Nica, Andrei Cristian and Korablyov, Maksym and Bronstein, Michael and Tong, Alexander},
  journal={arXiv preprint arXiv:2310.02391},
  year={2023}
}

@article{chen2024amp,
  title={AMP-diffusion: Integrating latent diffusion with protein language models for antimicrobial peptide generation},
  author={Chen, Tianlai and Vure, Pranay and Pulugurta, Rishab and Chatterjee, Pranam},
  journal={bioRxiv},
  pages={2024--03},
  year={2024},
  publisher={Cold Spring Harbor Laboratory}
}

@article{evans2021protein,
  title={Protein complex prediction with AlphaFold-Multimer},
  author={Evans, Richard and Oâ€™Neill, Michael and Pritzel, Alexander and Antropova, Natasha and Senior, Andrew and Green, Tim and {\v{Z}}{\'\i}dek, Augustin and Bates, Russ and Blackwell, Sam and Yim, Jason and others},
  journal={biorxiv},
  pages={2021--10},
  year={2021},
  publisher={Cold Spring Harbor Laboratory}
}

@article{johansson2022improving,
  title={Improving peptide-protein docking with AlphaFold-Multimer using forced sampling},
  author={Johansson-{\AA}khe, Isak and Wallner, Bj{\"o}rn},
  journal={Frontiers in bioinformatics},
  volume={2},
  pages={959160},
  year={2022},
  publisher={Frontiers Media SA}
}

@article{kramer1999evaluation,
  title={Evaluation of the FLEXX incremental construction algorithm for protein--ligand docking},
  author={Kramer, Bernd and Rarey, Matthias and Lengauer, Thomas},
  journal={Proteins: Structure, Function, and Bioinformatics},
  volume={37},
  number={2},
  pages={228--241},
  year={1999},
  publisher={Wiley Online Library}
}

@article{li2024full,
  title={Full-Atom Peptide Design based on Multi-modal Flow Matching},
  author={Li, Jiahan and Cheng, Chaoran and Wu, Zuofan and Guo, Ruihan and Luo, Shitong and Ren, Zhizhou and Peng, Jian and Ma, Jianzhu},
  journal={arXiv preprint arXiv:2406.00735},
  year={2024}
}

@article{lin2024ppflow,
  title={PPFLOW: Target-Aware Peptide Design with Torsional Flow Matching},
  author={Lin, Haitao and Zhang, Odin and Zhao, Huifeng and Jiang, Dejun and Wu, Lirong and Liu, Zicheng and Huang, Yufei and Li, Stan Z},
  journal={bioRxiv},
  pages={2024--03},
  year={2024},
  publisher={Cold Spring Harbor Laboratory}
}

@article{luo2023rotamer,
  title={Rotamer density estimator is an unsupervised learner of the effect of mutations on protein-protein interaction},
  author={Luo, Shitong and Su, Yufeng and Wu, Zuofan and Su, Chenpeng and Peng, Jian and Ma, Jianzhu},
  journal={bioRxiv},
  pages={2023--02},
  year={2023},
  publisher={Cold Spring Harbor Laboratory}
}

@article{shi2022graphsite,
  title={Graphsite: ligand binding site classification with deep graph learning},
  author={Shi, Wentao and Singha, Manali and Pu, Limeng and Srivastava, Gopal and Ramanujam, Jagannathan and Brylinski, Michal},
  journal={Biomolecules},
  volume={12},
  number={8},
  pages={1053},
  year={2022},
  publisher={MDPI}
}

@article{stafford2022atomnet,
  title={AtomNet PoseRanker: Enriching ligand pose quality for dynamic proteins in virtual high-throughput screens},
  author={Stafford, Kate A and Anderson, Brandon M and Sorenson, Jon and Van Den Bedem, Henry},
  journal={Journal of Chemical Information and Modeling},
  volume={62},
  number={5},
  pages={1178--1189},
  year={2022},
  publisher={ACS Publications}
}

@article{totrov1997flexible,
  title={Flexible protein--ligand docking by global energy optimization in internal coordinates},
  author={Totrov, Maxim and Abagyan, Ruben},
  journal={Proteins: Structure, Function, and Bioinformatics},
  volume={29},
  number={S1},
  pages={215--220},
  year={1997},
  publisher={Wiley Online Library}
}

@article{wang2021onionnet,
  title={OnionNet-2: a convolutional neural network model for predicting protein-ligand binding affinity based on residue-atom contacting shells},
  author={Wang, Zechen and Zheng, Liangzhen and Liu, Yang and Qu, Yuanyuan and Li, Yong-Qiang and Zhao, Mingwen and Mu, Yuguang and Li, Weifeng},
  journal={Frontiers in chemistry},
  volume={9},
  pages={753002},
  year={2021},
  publisher={Frontiers Media SA}
}

@inproceedings{wang2024multi,
  title={A multi-modal contrastive diffusion model for therapeutic peptide generation},
  author={Wang, Yongkang and Liu, Xuan and Huang, Feng and Xiong, Zhankun and Zhang, Wen},
  booktitle={Proceedings of the AAAI Conference on Artificial Intelligence},
  volume={38},
  number={1},
  pages={3--11},
  year={2024}
}

@article{watson2023novo,
  title={De novo design of protein structure and function with RFdiffusion},
  author={Watson, Joseph L and Juergens, David and Bennett, Nathaniel R and Trippe, Brian L and Yim, Jason and Eisenach, Helen E and Ahern, Woody and Borst, Andrew J and Ragotte, Robert J and Milles, Lukas F and others},
  journal={Nature},
  volume={620},
  number={7976},
  pages={1089--1100},
  year={2023},
  publisher={Nature Publishing Group UK London}
}

@article{wong2022benchmarking,
  title={Benchmarking AlphaFold-enabled molecular docking predictions for antibiotic discovery},
  author={Wong, Felix and Krishnan, Aarti and Zheng, Erica J and St{\"a}rk, Hannes and Manson, Abigail L and Earl, Ashlee M and Jaakkola, Tommi and Collins, James J},
  journal={Molecular systems biology},
  volume={18},
  number={9},
  pages={e11081},
  year={2022}
}

@article{yang2022mgraphdta,
  title={MGraphDTA: deep multiscale graph neural network for explainable drug--target binding affinity prediction},
  author={Yang, Ziduo and Zhong, Weihe and Zhao, Lu and Chen, Calvin Yu-Chian},
  journal={Chemical science},
  volume={13},
  number={3},
  pages={816--833},
  year={2022},
  publisher={Royal Society of Chemistry}
}

@article{yang2022protein,
  title={Protein--ligand docking in the machine-learning era},
  author={Yang, Chao and Chen, Eric Anthony and Zhang, Yingkai},
  journal={Molecules},
  volume={27},
  number={14},
  pages={4568},
  year={2022},
  publisher={MDPI}
}

@article{yim2023fast,
  title={Fast protein backbone generation with SE (3) flow matching},
  author={Yim, Jason and Campbell, Andrew and Foong, Andrew YK and Gastegger, Michael and Jim{\'e}nez-Luna, Jos{\'e} and Lewis, Sarah and Satorras, Victor Garcia and Veeling, Bastiaan S and Barzilay, Regina and Jaakkola, Tommi and others},
  journal={arXiv preprint arXiv:2310.05297},
  year={2023}
}

@article{zhang2024diffpack,
  title={Diffpack: A torsional diffusion model for autoregressive protein side-chain packing},
  author={Zhang, Yangtian and Zhang, Zuobai and Zhong, Bozitao and Misra, Sanchit and Tang, Jian},
  journal={Advances in Neural Information Processing Systems},
  volume={36},
  year={2024}
}

