@article{briakou2021evaluating,
  title={Evaluating the evaluation metrics for style transfer: A case study in multilingual formality transfer},
  author={Briakou, Eleftheria and Agrawal, Sweta and Tetreault, Joel and Carpuat, Marine},
  journal={arXiv preprint arXiv:2110.10668},
  year={2021}
}

@article{briakou2021review,
  title={A review of human evaluation for style transfer},
  author={Briakou, Eleftheria and Agrawal, Sweta and Zhang, Ke and Tetreault, Joel and Carpuat, Marine},
  journal={arXiv preprint arXiv:2106.04747},
  year={2021}
}

@article{hu2022text,
 author = {Zhiqiang Hu and
Roy Ka{-}Wei Lee and
Charu C. Aggarwal and
Aston Zhang},
 bibsource = {dblp computer science bibliography, https://dblp.org},
 biburl = {https://dblp.org/rec/journals/sigkdd/HuLAZ22.bib},
 doi = {10.1145/3544903.3544906},
 journal = {{SIGKDD} Explor.},
 number = {1},
 pages = {14--45},
 timestamp = {Thu, 07 Jul 2022 01:00:00 +0200},
 title = {Text Style Transfer: {A} Review and Experimental Evaluation},
 url = {https://doi.org/10.1145/3544903.3544906},
 volume = {24},
 year = {2022}
}

@article{jin2022deep,
 author = {Di Jin and Zhijing Jin and Zhiting Hu and
Olga Vechtomova and Rada Mihalcea},
 biburl = {https://dblp.org/rec/journals/coling/JinJHVM22.bib},
 doi = {10.1162/coli\_a\_00426},
 journal = {Comput. Linguistics},
 number = {1},
 pages = {155--205},
 title = {Deep Learning for Text Style Transfer: {A} Survey},
 url = {https://doi.org/10.1162/coli\_a\_00426},
 volume = {48},
 year = {2022}
}

@misc{mukherjee2024textstyletransferintroductory,title={Text Style Transfer: An Introductory Overview},author={Sourabrata Mukherjee and Ondrej Du≈°ek},year={2024},eprint={2407.14822},archivePrefix={arXiv},primaryClass={cs.CL},url={https://arxiv.org/abs/2407.14822},}

@inproceedings{papineni2002bleu,
 author = {Kishore Papineni and
Salim Roukos and
Todd Ward and
Wei{-}Jing Zhu},
 bibsource = {dblp computer science bibliography, https://dblp.org},
 biburl = {https://dblp.org/rec/conf/acl/PapineniRWZ02.bib},
 booktitle = {Proc.~ACL},
 pages = {311--318},
 timestamp = {Fri, 06 Aug 2021 01:00:00 +0200},
 title = {{Bleu:} a {Method} for {Automatic} {Evaluation} of {Machine} {Translation}},
 xxxdoi = {10.3115/1073083.1073135},
 xxxpublisher = {{ACL}},
 xxxurl = {https://aclanthology.org/P02-1040/},
 year = {2002}
}

@inproceedings{prabhumoye2018style,
 author = {Shrimai Prabhumoye and
Yulia Tsvetkov and
Ruslan Salakhutdinov and
Alan W. Black},
 bibsource = {dblp computer science bibliography, https://dblp.org},
 biburl = {https://dblp.org/rec/conf/acl/TsvetkovBSP18.bib},
 booktitle = {Proc.~{ACL}},
 pages = {866--876},
 timestamp = {Fri, 06 Aug 2021 01:00:00 +0200},
 title = {{Style} {Transfer} {Through} {Back-Translation}},
 xxxdoi = {10.18653/v1/P18-1080},
 xxxeditor = {Iryna Gurevych and
Yusuke Miyao},
 xxxpublisher = {Association for Computational Linguistics},
 xxxurl = {https://aclanthology.org/P18-1080/},
 year = {2018}
}

@techreport{radford2019language,
 author = {Radford, Alec and Wu, Jeff and Child, Rewon and Luan, David and Amodei, Dario and Sutskever, Ilya},
 title = {Language Models are Unsupervised Multitask Learners},
 type = {Tech.~report, {Open AI}},
 year = {2019}
}

@inproceedings{rahutomo2012semantic,
 author = {Rahutomo, Faisal and Kitasuka, Teruaki and
Aritsugi, Masayoshi},
 booktitle = {The 7th international student conference on advanced
science and technology ICAST},
 number = {1},
 pages = {1},
 title = {Semantic Cosine Similarity},
 volume = {4},
 year = {2012}
}

@inproceedings{reimers2019sentence,
 author = {Nils Reimers and
Iryna Gurevych},
 bibsource = {dblp computer science bibliography, https://dblp.org},
 biburl = {https://dblp.org/rec/conf/emnlp/ReimersG19.bib},
 booktitle = {Proc.~{EMNLP-IJCNLP}},
 pages = {3980--3990},
 timestamp = {Thu, 07 Apr 2022 09:14:07 +0200},
 title = {{Sentence-BERT:} {Sentence} {Embeddings} using {Siamese} {BERT-Networks}},
 xxxdoi = {10.18653/v1/D19-1410},
 xxxeditor = {Kentaro Inui and
Jing Jiang and
Vincent Ng and
Xiaojun Wan},
 xxxpublisher = {Association for Computational Linguistics},
 xxxurl = {https://doi.org/10.18653/v1/D19-1410},
 year = {2019}
}

@inproceedings{shen2017style,
 author = {Tianxiao Shen and
Tao Lei and
Regina Barzilay and
Tommi S. Jaakkola},
 bibsource = {dblp computer science bibliography, https://dblp.org},
 biburl = {https://dblp.org/rec/conf/nips/ShenLBJ17.bib},
 booktitle = {Proc.~NeurIPS},
 pages = {6830--6841},
 timestamp = {Thu, 21 Jan 2021 13:58:27 +0100},
 title = {{Style} {Transfer} from {Non-Parallel} {Text} by {Cross-Alignment}},
 xxxeditor = {Isabelle Guyon and
Ulrike von Luxburg and
Samy Bengio and
Hanna M. Wallach and
Rob Fergus and
S. V. N. Vishwanathan and
Roman Garnett},
 xxxurl = {https://proceedings.neurips.cc/paper/2017/hash/2d2c8394e31101a261abf1784302bf75-Abstract.html},
 year = {2017}
}

@inproceedings{tikhonov2019style,author = {Alexey Tikhonov and Viacheslav Shibaev and Aleksander Nagaev and Aigul Nugmanova and Ivan P. Yamshchikov},bibsource = {dblp computer science bibliography, https://dblp.org},biburl = {https://dblp.org/rec/conf/emnlp/TikhonovSNNY19.bib},booktitle = {Proceedings of the 2019 Conference on Empirical Methods in NaturalLanguage Processing and the 9th International Joint Conference onNatural Language Processing, {EMNLP-IJCNLP} 2019, Hong Kong, China,November 3-7, 2019},doi = {10.18653/v1/D19-1406},editor = {Kentaro Inui and Jing Jiang and Vincent Ng and Xiaojun Wan},pages = {3934--3943},publisher = {Association for Computational Linguistics},timestamp = {Thu, 07 Apr 2022 09:14:07 +0200},title = {Style Transfer for Texts: Retrain, Report Errors, Compare with Rewrites},url = {https://doi.org/10.18653/v1/D19-1406},year = {2019},}

@inproceedings{yamshchikov2021style,
  title={Style-transfer and paraphrase: Looking for a sensible semantic similarity metric},
  author={Yamshchikov, Ivan P and Shibaev, Viacheslav and Khlebnikov, Nikolay and Tikhonov, Alexey},
  booktitle={Proceedings of the AAAI Conference on Artificial Intelligence},
  volume={35},
  number={16},
  pages={14213--14220},
  year={2021}
}

@inproceedings{yang2018unsupervised,author = {Zichao Yang and Zhiting Hu and Chris Dyer and Eric P. Xing and Taylor Berg{-}Kirkpatrick},bibsource = {dblp computer science bibliography, https://dblp.org},biburl = {https://dblp.org/rec/conf/nips/YangHDXB18.bib},booktitle = {Advances in Neural Information Processing Systems 31: Annual Conferenceon Neural Information Processing Systems 2018, NeurIPS 2018, December3-8, 2018, Montr{\'{e}}al, Canada},editor = {Samy Bengio and Hanna M. Wallach and Hugo Larochelle and Kristen Grauman and Nicol{\`{o}} Cesa{-}Bianchi and Roman Garnett},pages = {7298--7309},timestamp = {Mon, 16 May 2022 15:41:51 +0200},title = {Unsupervised Text Style Transfer using Language Models as Discriminators},url = {https://proceedings.neurips.cc/paper/2018/hash/398475c83b47075e8897a083e97eb9f0-Abstract.html},year = {2018},}

