@book{mitchell1997machine,
  title={Machine learning},
  author={Mitchell, Tom M},
  volume={1},
  number={9},
  year={1997},
  publisher={McGraw-hill New York}
}

@article{sutton1999reinforcement,
  title={Reinforcement learning: An introduction},
  author={Sutton, Richard S and Barto, Andrew G},
  journal={Robotica},
  volume={17},
  number={2},
  pages={229--235},
  year={1999}
}

@inproceedings{nikishin2022primacy,
  title={The primacy bias in deep reinforcement learning},
  author={Nikishin, Evgenii and Schwarzer, Max and Dâ€™Oro, Pierluca and Bacon, Pierre-Luc and Courville, Aaron},
  booktitle={International conference on machine learning},
  pages={16828--16847},
  year={2022},
  organization={PMLR}
}

@article{farebrother2018generalization,
  title={Generalization and regularization in dqn},
  author={Farebrother, Jesse and Machado, Marlos C and Bowling, Michael},
  journal={arXiv preprint arXiv:1810.00123},
  year={2018}
}




@inproceedings{abbas2023loss,
  title={Loss of plasticity in continual deep reinforcement learning},
  author={Abbas, Zaheer and Zhao, Rosie and Modayil, Joseph and White, Adam and Machado, Marlos C},
  booktitle={Conference on Lifelong Learning Agents},
  pages={620--636},
  year={2023},
  organization={PMLR}
}

@article{obando2024value,
  title={In value-based deep reinforcement learning, a pruned network is a good network},
  author={Obando-Ceron, Johan and Courville, Aaron and Castro, Pablo Samuel},
  journal={Architecture},
  volume={4},
  pages={4--5},
  year={2024}
}

@article{li2023efficient,
  title={Efficient deep reinforcement learning requires regulating overfitting},
  author={Li, Qiyang and Kumar, Aviral and Kostrikov, Ilya and Levine, Sergey},
  journal={arXiv preprint arXiv:2304.10466},
  year={2023}
}

@inproceedings{lyle2022learning,
  title={Learning dynamics and generalization in deep reinforcement learning},
  author={Lyle, Clare and Rowland, Mark and Dabney, Will and Kwiatkowska, Marta and Gal, Yarin},
  booktitle={International Conference on Machine Learning},
  pages={14560--14581},
  year={2022},
  organization={PMLR}
}

@article{lyle2022understanding,
  title={Understanding and preventing capacity loss in reinforcement learning},
  author={Lyle, Clare and Rowland, Mark and Dabney, Will},
  journal={arXiv preprint arXiv:2204.09560},
  year={2022}
}

@inproceedings{d2022sample,
  title={Sample-efficient reinforcement learning by breaking the replay ratio barrier},
  author={D'Oro, Pierluca and Schwarzer, Max and Nikishin, Evgenii and Bacon, Pierre-Luc and Bellemare, Marc G and Courville, Aaron},
  booktitle={Deep Reinforcement Learning Workshop NeurIPS 2022},
  year={2022}
}

@article{li2024eliminating,
  title={Eliminating Primacy Bias in Online Reinforcement Learning by Self-Distillation},
  author={Li, Jingchen and Shi, Haobin and Wu, Huarui and Zhao, Chunjiang and Hwang, Kao-Shing},
  journal={IEEE Transactions on Neural Networks and Learning Systems},
  year={2024},
  publisher={IEEE}
}
@article{qiao2023primacy,
  title={The primacy bias in Model-based RL},
  author={Qiao, Zhongjian and Lyu, Jiafei and Li, Xiu},
  journal={arXiv preprint arXiv:2310.15017},
  year={2023}
}

@inproceedings{chohard,
  title={Hard Tasks First: Multi-Task Reinforcement Learning Through Task Scheduling},
  author={Cho, Myungsik and Park, Jongeui and Lee, Suyoung and Sung, Youngchul},
  booktitle={Forty-first International Conference on Machine Learning}
}

@article{asadi2024resetting,
  title={Resetting the optimizer in deep rl: An empirical study},
  author={Asadi, Kavosh and Fakoor, Rasool and Sabach, Shoham},
  journal={Advances in Neural Information Processing Systems},
  volume={36},
  year={2024}
}
@inproceedings{achille2018critical,
  title={Critical learning periods in deep networks},
  author={Achille, Alessandro and Rovere, Matteo and Soatto, Stefano},
  booktitle={International Conference on Learning Representations},
  year={2018}
}

@article{dohare2023maintaining,
  title={Maintaining plasticity in deep continual learning},
  author={Dohare, Shibhansh and Hernandez-Garcia, J Fernando and Rahman, Parash and Mahmood, A Rupam and Sutton, Richard S},
  journal={arXiv preprint arXiv:2306.13812},
  year={2023}
}
@inproceedings{lyle2023understanding,
  title={Understanding plasticity in neural networks},
  author={Lyle, Clare and Zheng, Zeyu and Nikishin, Evgenii and Pires, Bernardo Avila and Pascanu, Razvan and Dabney, Will},
  booktitle={International Conference on Machine Learning},
  pages={23190--23211},
  year={2023},
  organization={PMLR}
}

@article{juliani2024study,
  title={A Study of Plasticity Loss in On-Policy Deep Reinforcement Learning},
  author={Juliani, Arthur and Ash, Jordan T},
  journal={arXiv preprint arXiv:2405.19153},
  year={2024}
}

@article{jiangplasticity,
  title={Plasticity-Driven Sparsity Training for Deep Reinforcement Learning},
  author={Jiang, Li and Ding, Yichuan and Liu, Xue and Zhan, Xianyuan}
}
@article{kirkpatrick2017overcoming,
  title={Overcoming catastrophic forgetting in neural networks},
  author={Kirkpatrick, James and Pascanu, Razvan and Rabinowitz, Neil and Veness, Joel and Desjardins, Guillaume and Rusu, Andrei A and Milan, Kieran and Quan, John and Ramalho, Tiago and Grabska-Barwinska, Agnieszka and others},
  journal={Proceedings of the national academy of sciences},
  volume={114},
  number={13},
  pages={3521--3526},
  year={2017},
  publisher={National Acad Sciences}
}
@article{marouf2023weighted,
  title={Weighted Ensemble Models Are Strong Continual Learners},
  author={Marouf, Imad Eddine and Roy, Subhankar and Tartaglione, Enzo and Lathuili{\`e}re, St{\'e}phane},
  journal={arXiv preprint arXiv:2312.08977},
  year={2023}
}
@article{sabatelli2021transferability,
  title={On the transferability of deep-q networks},
  author={Sabatelli, Matthia and Geurts, Pierre},
  journal={arXiv preprint arXiv:2110.02639},
  year={2021}
}
@article{ahncatastrophic,
  title={Catastrophic Negative Transfer: An Overlooked Problem in Continual Reinforcement Learning},
  author={Ahn, Hongjoon and Hyeon, Jinu and Oh, Youngmin and Hwang, Bosun and Moon, Taesup}
}
@inproceedings{karakida2019universal,
  title={Universal statistics of fisher information in deep neural networks: Mean field approach},
  author={Karakida, Ryo and Akaho, Shotaro and Amari, Shun-ichi},
  booktitle={The 22nd International Conference on Artificial Intelligence and Statistics},
  pages={1032--1041},
  year={2019},
  organization={PMLR}
}
@inproceedings{jastrzebski2021catastrophic,
  title={Catastrophic fisher explosion: Early phase fisher matrix impacts generalization},
  author={Jastrzebski, Stanislaw and Arpit, Devansh and Astrand, Oliver and Kerg, Giancarlo B and Wang, Huan and Xiong, Caiming and Socher, Richard and Cho, Kyunghyun and Geras, Krzysztof J},
  booktitle={International Conference on Machine Learning},
  pages={4772--4784},
  year={2021},
  organization={PMLR}
}
@article{hochreiter1997flat,
  title={Flat minima},
  author={Hochreiter, Sepp and Schmidhuber, J{\"u}rgen},
  journal={Neural computation},
  volume={9},
  number={1},
  pages={1--42},
  year={1997},
  publisher={MIT Press One Rogers Street, Cambridge, MA 02142-1209}
}
@inproceedings{martens2015optimizing,
  title={Optimizing neural networks with kronecker-factored approximate curvature},
  author={Martens, James and Grosse, Roger},
  booktitle={International conference on machine learning},
  pages={2408--2417},
  year={2015},
  organization={PMLR}
}

@article{george2018fast,
  title={Fast approximate natural gradient descent in a kronecker factored eigenbasis},
  author={George, Thomas and Laurent, C{\'e}sar and Bouthillier, Xavier and Ballas, Nicolas and Vincent, Pascal},
  journal={Advances in Neural Information Processing Systems},
  volume={31},
  year={2018}
}
@article{george2021nngeometry,
  title={NNGeometry: easy and fast fisher information matrices and neural tangent kernels in PyTorch},
  author={George, Thomas},
  year={2021}
}
@article{kakade2001natural,
  title={A natural policy gradient},
  author={Kakade, Sham M},
  journal={Advances in neural information processing systems},
  volume={14},
  year={2001}
}
@article{pascanu2013revisiting,
  title={Revisiting natural gradient for deep networks},
  author={Pascanu, R},
  journal={arXiv preprint arXiv:1301.3584},
  year={2013}
}
@inproceedings{rame2022fishr,
  title={Fishr: Invariant gradient variances for out-of-distribution generalization},
  author={Rame, Alexandre and Dancette, Corentin and Cord, Matthieu},
  booktitle={International Conference on Machine Learning},
  pages={18347--18377},
  year={2022},
  organization={PMLR}
}
@article{luber2023structural,
  title={Structural neural additive models: Enhanced interpretable machine learning},
  author={Luber, Mattias and Thielmann, Anton and S{\"a}fken, Benjamin},
  journal={arXiv preprint arXiv:2302.09275},
  year={2023}
}
@article{Xu2023MachineUA,
  title={Machine Unlearning: A Survey},
  author={Heng Xu and Tianqing Zhu and Lefeng Zhang and Wanlei Zhou and P. Yu},
  journal={ACM Computing Surveys},
  year={2023},
  volume={56},
  pages={1 - 36},
  url={https://api.semanticscholar.org/CorpusID:259089053}
}
@inproceedings{golatkar2020forgetting,
  title={Forgetting outside the box: Scrubbing deep networks of information accessible from input-output observations},
  author={Golatkar, Aditya and Achille, Alessandro and Soatto, Stefano},
  booktitle={Computer Vision--ECCV 2020: 16th European Conference, Glasgow, UK, August 23--28, 2020, Proceedings, Part XXIX 16},
  pages={383--398},
  year={2020},
  organization={Springer}
}

@inproceedings{golatkar2020eternal,
  title={Eternal sunshine of the spotless net: Selective forgetting in deep networks},
  author={Golatkar, Aditya and Achille, Alessandro and Soatto, Stefano},
  booktitle={Proceedings of the IEEE/CVF Conference on Computer Vision and Pattern Recognition},
  pages={9304--9312},
  year={2020}
}
@article{ramkumar2024effectiveness,
  title={The Effectiveness of Random Forgetting for Robust Generalization},
  author={Ramkumar, Vijaya Raghavan T and Zonooz, Bahram and Arani, Elahe},
  journal={arXiv preprint arXiv:2402.11733},
  year={2024}
}
@article{nikishin2024deep,
  title={Deep reinforcement learning with plasticity injection},
  author={Nikishin, Evgenii and Oh, Junhyuk and Ostrovski, Georg and Lyle, Clare and Pascanu, Razvan and Dabney, Will and Barreto, Andr{\'e}},
  journal={Advances in Neural Information Processing Systems},
  volume={36},
  year={2024}
}
@inproceedings{sokar2023dormant,
  title={The dormant neuron phenomenon in deep reinforcement learning},
  author={Sokar, Ghada and Agarwal, Rishabh and Castro, Pablo Samuel and Evci, Utku},
  booktitle={International Conference on Machine Learning},
  pages={32145--32168},
  year={2023},
  organization={PMLR}
}
@inproceedings{haarnoja2018soft,
  title={Soft actor-critic: Off-policy maximum entropy deep reinforcement learning with a stochastic actor},
  author={Haarnoja, Tuomas and Zhou, Aurick and Abbeel, Pieter and Levine, Sergey},
  booktitle={International conference on machine learning},
  pages={1861--1870},
  year={2018},
  organization={PMLR}
}

@article{haarnoja2018softa,
  title={Soft actor-critic algorithms and applications},
  author={Haarnoja, Tuomas and Zhou, Aurick and Hartikainen, Kristian and Tucker, George and Ha, Sehoon and Tan, Jie and Kumar, Vikash and Zhu, Henry and Gupta, Abhishek and Abbeel, Pieter and others},
  journal={arXiv preprint arXiv:1812.05905},
  year={2018}
}
@book{amari2016information,
  title={Information geometry and its applications},
  author={Amari, Shun-ichi},
  volume={194},
  year={2016},
  publisher={Springer}
}

@article{amari1998natural,
  title={Natural gradient works efficiently in learning},
  author={Amari, Shun-Ichi},
  journal={Neural computation},
  volume={10},
  number={2},
  pages={251--276},
  year={1998},
  publisher={MIT Press}
}

@article{tassa2018deepmind,
  title={Deepmind control suite},
  author={Tassa, Yuval and Doron, Yotam and Muldal, Alistair and Erez, Tom and Li, Yazhe and Casas, Diego de Las and Budden, David and Abdolmaleki, Abbas and Merel, Josh and Lefrancq, Andrew and others},
  journal={arXiv preprint arXiv:1801.00690},
  year={2018}
}
@article{candan2014unified,
  title={A unified framework for derivation and implementation of Savitzky--Golay filters},
  author={Candan, {\c{C}}a{\u{g}}atay and Inan, Hakan},
  journal={Signal Processing},
  volume={104},
  pages={203--211},
  year={2014},
  publisher={Elsevier}
}
@inproceedings{macqueen1967some,
  title={Some methods for classification and analysis of multivariate observations},
  author={MacQueen, J},
  booktitle={Proceedings of 5-th Berkeley Symposium on Mathematical Statistics and Probability/University of California Press},
  year={1967}
}
@article{tang2024deep,
  title={Deep reinforcement learning for robotics: A survey of real-world successes},
  author={Tang, Chen and Abbatematteo, Ben and Hu, Jiaheng and Chandra, Rohan and Mart{\'\i}n-Mart{\'\i}n, Roberto and Stone, Peter},
  journal={arXiv preprint arXiv:2408.03539},
  year={2024}
}
@article{shao2019survey,
  title={A survey of deep reinforcement learning in video games},
  author={Shao, Kun and Tang, Zhentao and Zhu, Yuanheng and Li, Nannan and Zhao, Dongbin},
  journal={arXiv preprint arXiv:1912.10944},
  year={2019}
}

@article{hurtado2022deep,
  title={Deep reinforcement learning for resource management on network slicing: A survey},
  author={Hurtado S{\'a}nchez, Johanna Andrea and Casilimas, Katherine and Caicedo Rendon, Oscar Mauricio},
  journal={Sensors},
  volume={22},
  number={8},
  pages={3031},
  year={2022},
  publisher={MDPI}
}

@article{afsar2022reinforcement,
  title={Reinforcement learning based recommender systems: A survey},
  author={Afsar, M Mehdi and Crump, Trafford and Far, Behrouz},
  journal={ACM Computing Surveys},
  volume={55},
  number={7},
  pages={1--38},
  year={2022},
  publisher={ACM New York, NY}
}
@article{ebbinghaus2013memory,
  title={Memory: A contribution to experimental psychology},
  author={Ebbinghaus, Hermann},
  journal={Annals of neurosciences},
  volume={20},
  number={4},
  pages={155},
  year={1913},
  publisher={SAGE Publications}
}
@article{deese1957serial,
  title={Serial effects in recall of unorganized and sequentially organized verbal material.},
  author={Deese, James and Kaufman, Roger A},
  journal={Journal of experimental psychology},
  volume={54},
  number={3},
  pages={180},
  year={1957},
  publisher={American Psychological Association}
}
@article{murdock1962serial,
  title={The serial position effect of free recall.},
  author={Murdock Jr, Bennet B},
  journal={Journal of experimental psychology},
  volume={64},
  number={5},
  pages={482},
  year={1962},
  publisher={American Psychological Association}
}
@article{onifade2011recall,
  title={RECALL AND THE SERIAL POSITION EFFECT: THE ROLE OF PRIMACY AND RECENCY ON ACCOUNTING STUDENTS'PERFORMANCE},
  author={Onifade, Emmanuel O and Jackson, Duane M and Chang, Tina R and Thorne, Jerry and Allen, Cheryl},
  journal={Academy of Educational Leadership Journal},
  volume={15},
  number={3},
  pages={65},
  year={2011},
  publisher={Allied Business Academies}
}
@article{peters1997consumer,
  title={Consumer memory for television advertising: A field study of duration, serial position, and competition effects},
  author={Peters, Rik GM and Bijmolt, Tammo HA},
  journal={Journal of Consumer Research},
  volume={23},
  number={4},
  pages={362--372},
  year={1997},
  publisher={The University of Chicago Press}
}
@inproceedings{barnes1992digitized,
  title={Digitized speech's serial position effect},
  author={Barnes, G Michael},
  booktitle={Posters and Short Talks of the 1992 SIGCHI Conference on Human Factors in Computing Systems},
  pages={87--88},
  year={1992}
}
@article{lin1992self,
  title={Self-improving reactive agents based on reinforcement learning, planning and teaching},
  author={Lin, Long-Ji},
  journal={Machine learning},
  volume={8},
  pages={293--321},
  year={1992},
  publisher={Springer}
}
@article{van2018deep,
  title={Deep reinforcement learning and the deadly triad},
  author={Van Hasselt, Hado and Doron, Yotam and Strub, Florian and Hessel, Matteo and Sonnerat, Nicolas and Modayil, Joseph},
  journal={arXiv preprint arXiv:1812.02648},
  year={2018}
}

@article{weng2022tianshou,
  title={Tianshou: A highly modularized deep reinforcement learning library},
  author={Weng, Jiayi and Chen, Huayu and Yan, Dong and You, Kaichao and Duburcq, Alexis and Zhang, Minghao and Su, Yi and Su, Hang and Zhu, Jun},
  journal={Journal of Machine Learning Research},
  volume={23},
  number={267},
  pages={1--6},
  year={2022}
}
