@article{Xu2023MachineUA,
  title={Machine Unlearning: A Survey},
  author={Heng Xu and Tianqing Zhu and Lefeng Zhang and Wanlei Zhou and P. Yu},
  journal={ACM Computing Surveys},
  year={2023},
  volume={56},
  pages={1 - 36},
  url={https://api.semanticscholar.org/CorpusID:259089053}
}

@inproceedings{abbas2023loss,
  title={Loss of plasticity in continual deep reinforcement learning},
  author={Abbas, Zaheer and Zhao, Rosie and Modayil, Joseph and White, Adam and Machado, Marlos C},
  booktitle={Conference on Lifelong Learning Agents},
  pages={620--636},
  year={2023},
  organization={PMLR}
}

@article{asadi2024resetting,
  title={Resetting the optimizer in deep rl: An empirical study},
  author={Asadi, Kavosh and Fakoor, Rasool and Sabach, Shoham},
  journal={Advances in Neural Information Processing Systems},
  volume={36},
  year={2024}
}

@inproceedings{chohard,
  title={Hard Tasks First: Multi-Task Reinforcement Learning Through Task Scheduling},
  author={Cho, Myungsik and Park, Jongeui and Lee, Suyoung and Sung, Youngchul},
  booktitle={Forty-first International Conference on Machine Learning}
}

@inproceedings{d2022sample,
  title={Sample-efficient reinforcement learning by breaking the replay ratio barrier},
  author={D'Oro, Pierluca and Schwarzer, Max and Nikishin, Evgenii and Bacon, Pierre-Luc and Bellemare, Marc G and Courville, Aaron},
  booktitle={Deep Reinforcement Learning Workshop NeurIPS 2022},
  year={2022}
}

@article{george2018fast,
  title={Fast approximate natural gradient descent in a kronecker factored eigenbasis},
  author={George, Thomas and Laurent, C{\'e}sar and Bouthillier, Xavier and Ballas, Nicolas and Vincent, Pascal},
  journal={Advances in Neural Information Processing Systems},
  volume={31},
  year={2018}
}

@inproceedings{golatkar2020eternal,
  title={Eternal sunshine of the spotless net: Selective forgetting in deep networks},
  author={Golatkar, Aditya and Achille, Alessandro and Soatto, Stefano},
  booktitle={Proceedings of the IEEE/CVF Conference on Computer Vision and Pattern Recognition},
  pages={9304--9312},
  year={2020}
}

@inproceedings{golatkar2020forgetting,
  title={Forgetting outside the box: Scrubbing deep networks of information accessible from input-output observations},
  author={Golatkar, Aditya and Achille, Alessandro and Soatto, Stefano},
  booktitle={Computer Vision--ECCV 2020: 16th European Conference, Glasgow, UK, August 23--28, 2020, Proceedings, Part XXIX 16},
  pages={383--398},
  year={2020},
  organization={Springer}
}

@article{hochreiter1997flat,
  title={Flat minima},
  author={Hochreiter, Sepp and Schmidhuber, J{\"u}rgen},
  journal={Neural computation},
  volume={9},
  number={1},
  pages={1--42},
  year={1997},
  publisher={MIT Press One Rogers Street, Cambridge, MA 02142-1209}
}

@inproceedings{jastrzebski2021catastrophic,
  title={Catastrophic fisher explosion: Early phase fisher matrix impacts generalization},
  author={Jastrzebski, Stanislaw and Arpit, Devansh and Astrand, Oliver and Kerg, Giancarlo B and Wang, Huan and Xiong, Caiming and Socher, Richard and Cho, Kyunghyun and Geras, Krzysztof J},
  booktitle={International Conference on Machine Learning},
  pages={4772--4784},
  year={2021},
  organization={PMLR}
}

@article{kakade2001natural,
  title={A natural policy gradient},
  author={Kakade, Sham M},
  journal={Advances in neural information processing systems},
  volume={14},
  year={2001}
}

@article{li2023efficient,
  title={Efficient deep reinforcement learning requires regulating overfitting},
  author={Li, Qiyang and Kumar, Aviral and Kostrikov, Ilya and Levine, Sergey},
  journal={arXiv preprint arXiv:2304.10466},
  year={2023}
}

@article{li2024eliminating,
  title={Eliminating Primacy Bias in Online Reinforcement Learning by Self-Distillation},
  author={Li, Jingchen and Shi, Haobin and Wu, Huarui and Zhao, Chunjiang and Hwang, Kao-Shing},
  journal={IEEE Transactions on Neural Networks and Learning Systems},
  year={2024},
  publisher={IEEE}
}

@article{luber2023structural,
  title={Structural neural additive models: Enhanced interpretable machine learning},
  author={Luber, Mattias and Thielmann, Anton and S{\"a}fken, Benjamin},
  journal={arXiv preprint arXiv:2302.09275},
  year={2023}
}

@inproceedings{lyle2022learning,
  title={Learning dynamics and generalization in deep reinforcement learning},
  author={Lyle, Clare and Rowland, Mark and Dabney, Will and Kwiatkowska, Marta and Gal, Yarin},
  booktitle={International Conference on Machine Learning},
  pages={14560--14581},
  year={2022},
  organization={PMLR}
}

@article{lyle2022understanding,
  title={Understanding and preventing capacity loss in reinforcement learning},
  author={Lyle, Clare and Rowland, Mark and Dabney, Will},
  journal={arXiv preprint arXiv:2204.09560},
  year={2022}
}

@inproceedings{martens2015optimizing,
  title={Optimizing neural networks with kronecker-factored approximate curvature},
  author={Martens, James and Grosse, Roger},
  booktitle={International conference on machine learning},
  pages={2408--2417},
  year={2015},
  organization={PMLR}
}

@inproceedings{nikishin2022primacy,
  title={The primacy bias in deep reinforcement learning},
  author={Nikishin, Evgenii and Schwarzer, Max and Dâ€™Oro, Pierluca and Bacon, Pierre-Luc and Courville, Aaron},
  booktitle={International conference on machine learning},
  pages={16828--16847},
  year={2022},
  organization={PMLR}
}

@article{nikishin2024deep,
  title={Deep reinforcement learning with plasticity injection},
  author={Nikishin, Evgenii and Oh, Junhyuk and Ostrovski, Georg and Lyle, Clare and Pascanu, Razvan and Dabney, Will and Barreto, Andr{\'e}},
  journal={Advances in Neural Information Processing Systems},
  volume={36},
  year={2024}
}

@article{obando2024value,
  title={In value-based deep reinforcement learning, a pruned network is a good network},
  author={Obando-Ceron, Johan and Courville, Aaron and Castro, Pablo Samuel},
  journal={Architecture},
  volume={4},
  pages={4--5},
  year={2024}
}

@article{pascanu2013revisiting,
  title={Revisiting natural gradient for deep networks},
  author={Pascanu, R},
  journal={arXiv preprint arXiv:1301.3584},
  year={2013}
}

@article{qiao2023primacy,
  title={The primacy bias in Model-based RL},
  author={Qiao, Zhongjian and Lyu, Jiafei and Li, Xiu},
  journal={arXiv preprint arXiv:2310.15017},
  year={2023}
}

@inproceedings{rame2022fishr,
  title={Fishr: Invariant gradient variances for out-of-distribution generalization},
  author={Rame, Alexandre and Dancette, Corentin and Cord, Matthieu},
  booktitle={International Conference on Machine Learning},
  pages={18347--18377},
  year={2022},
  organization={PMLR}
}

@article{ramkumar2024effectiveness,
  title={The Effectiveness of Random Forgetting for Robust Generalization},
  author={Ramkumar, Vijaya Raghavan T and Zonooz, Bahram and Arani, Elahe},
  journal={arXiv preprint arXiv:2402.11733},
  year={2024}
}

@inproceedings{sokar2023dormant,
  title={The dormant neuron phenomenon in deep reinforcement learning},
  author={Sokar, Ghada and Agarwal, Rishabh and Castro, Pablo Samuel and Evci, Utku},
  booktitle={International Conference on Machine Learning},
  pages={32145--32168},
  year={2023},
  organization={PMLR}
}

@article{van2018deep,
  title={Deep reinforcement learning and the deadly triad},
  author={Van Hasselt, Hado and Doron, Yotam and Strub, Florian and Hessel, Matteo and Sonnerat, Nicolas and Modayil, Joseph},
  journal={arXiv preprint arXiv:1812.02648},
  year={2018}
}

