@inproceedings{liu2023vectormapnet,
  title={Vectormapnet: End-to-end vectorized hd map learning},
  author={Liu, Yicheng and Yuan, Tianyuan and Wang, Yue and Wang, Yilun and Zhao, Hang},
  booktitle={International Conference on Machine Learning},
  pages={22352--22369},
  year={2023},
  organization={PMLR}
}
@inproceedings{li2022hdmapnet,
  title={Hdmapnet: An online hd map construction and evaluation framework},
  author={Li, Qi and Wang, Yue and Wang, Yilun and Zhao, Hang},
  booktitle={2022 International Conference on Robotics and Automation (ICRA)},
  pages={4628--4634},
  year={2022},
  organization={IEEE}
}
@inproceedings{liu2023petrv2,
  title={Petrv2: A unified framework for 3d perception from multi-camera images},
  author={Liu, Yingfei and Yan, Junjie and Jia, Fan and Li, Shuailin and Gao, Aqi and Wang, Tiancai and Zhang, Xiangyu},
  booktitle={Proceedings of the IEEE/CVF International Conference on Computer Vision},
  pages={3262--3272},
  year={2023}
}
@inproceedings{liu2023vision,
  title={Vision-based uneven bev representation learning with polar rasterization and surface estimation},
  author={Liu, Zhi and Chen, Shaoyu and Guo, Xiaojie and Wang, Xinggang and Cheng, Tianheng and Zhu, Hongmei and Zhang, Qian and Liu, Wenyu and Zhang, Yi},
  booktitle={Conference on Robot Learning},
  pages={437--446},
  year={2023},
  organization={PMLR}
}

@article{liao2022maptr,
  title={Maptr: Structured modeling and learning for online vectorized hd map construction},
  author={Liao, Bencheng and Chen, Shaoyu and Wang, Xinggang and Cheng, Tianheng and Zhang, Qian and Liu, Wenyu and Huang, Chang},
  journal={arXiv preprint arXiv:2208.14437},
  year={2022}
}

@article{liao2023maptrv2,
  title={Maptrv2: An end-to-end framework for online vectorized hd map construction},
  author={Liao, Bencheng and Chen, Shaoyu and Zhang, Yunchi and Jiang, Bo and Zhang, Qian and Liu, Wenyu and Huang, Chang and Wang, Xinggang},
  journal={arXiv preprint arXiv:2308.05736},
  year={2023}
}
@article{liu2024leveraging,
  title={Leveraging Enhanced Queries of Point Sets for Vectorized Map Construction},
  author={Liu, Zihao and Zhang, Xiaoyu and Liu, Guangwei and Zhao, Ji and Xu, Ningyi},
  journal={arXiv preprint arXiv:2402.17430},
  year={2024}
}
@article{li2023lanesegnet,
  title={Lanesegnet: Map learning with lane segment perception for autonomous driving},
  author={Li, Tianyu and Jia, Peijin and Wang, Bangjun and Chen, Li and Jiang, Kun and Yan, Junchi and Li, Hongyang},
  journal={arXiv preprint arXiv:2312.16108},
  year={2023}
}
@article{li2024enhancing,
  title={Enhancing 3D Lane Detection and Topology Reasoning with 2D Lane Priors},
  author={Li, Han and Huang, Zehao and Wang, Zitian and Rong, Wenge and Wang, Naiyan and Liu, Si},
  journal={arXiv preprint arXiv:2406.03105},
  year={2024}
}
@article{ma2024roadpainter,
  title={RoadPainter: Points Are Ideal Navigators for Topology transformER},
  author={Ma, Zhongxing and Liang, Shuang and Wen, Yongkun and Lu, Weixin and Wan, Guowei},
  journal={arXiv preprint arXiv:2407.15349},
  year={2024}
}
@article{liao2023lane,
  title={Lane graph as path: Continuity-preserving path-wise modeling for online lane graph construction},
  author={Liao, Bencheng and Chen, Shaoyu and Jiang, Bo and Cheng, Tianheng and Zhang, Qian and Liu, Wenyu and Huang, Chang and Wang, Xinggang},
  journal={arXiv preprint arXiv:2303.08815},
  year={2023}
}
@inproceedings{can2021structured,
  title={Structured bird's-eye-view traffic scene understanding from onboard images},
  author={Can, Yigit Baran and Liniger, Alexander and Paudel, Danda Pani and Van Gool, Luc},
  booktitle={Proceedings of the IEEE/CVF International Conference on Computer Vision},
  pages={15661--15670},
  year={2021}
}
@article{wu2023topomlp,
  title={Topomlp: An simple yet strong pipeline for driving topology reasoning},
  author={Wu, Dongming and Chang, Jiahao and Jia, Fan and Liu, Yingfei and Wang, Tiancai and Shen, Jianbing},
  journal={arXiv preprint arXiv:2310.06753},
  year={2023}
}
@article{li2023graph,
  title={Graph-based topology reasoning for driving scenes},
  author={Li, Tianyu and Chen, Li and Wang, Huijie and Li, Yang and Yang, Jiazhi and Geng, Xiangwei and Jiang, Shengyin and Wang, Yuting and Xu, Hang and Xu, Chunjing and others},
  journal={arXiv preprint arXiv:2304.05277},
  year={2023}
}
@inproceedings{peng2024lanegraph2seq,
  title={LaneGraph2Seq: Lane Topology Extraction with Language Model via Vertex-Edge Encoding and Connectivity Enhancement},
  author={Peng, Renyuan and Cai, Xinyue and Xu, Hang and Lu, Jiachen and Wen, Feng and Zhang, Wei and Zhang, Li},
  booktitle={Proceedings of the AAAI Conference on Artificial Intelligence},
  volume={38},
  number={5},
  pages={4497--4505},
  year={2024}
}
@inproceedings{lu2023translating,
  title={Translating Images to Road Network: A Non-Autoregressive Sequence-to-Sequence Approach},
  author={Lu, Jiachen and Peng, Renyuan and Cai, Xinyue and Xu, Hang and Li, Hongyang and Wen, Feng and Zhang, Wei and Zhang, Li},
  booktitle={Proceedings of the IEEE/CVF International Conference on Computer Vision},
  pages={23--33},
  year={2023}
}
@inproceedings{carion2020end,
  title={End-to-end object detection with transformers},
  author={Carion, Nicolas and Massa, Francisco and Synnaeve, Gabriel and Usunier, Nicolas and Kirillov, Alexander and Zagoruyko, Sergey},
  booktitle={European conference on computer vision},
  pages={213--229},
  year={2020},
  organization={Springer}
}
@article{chen2021pix2seq,
  title={Pix2seq: A language modeling framework for object detection},
  author={Chen, Ting and Saxena, Saurabh and Li, Lala and Fleet, David J and Hinton, Geoffrey},
  journal={arXiv preprint arXiv:2109.10852},
  year={2021}
}
@article{chen2022unified,
  title={A unified sequence interface for vision tasks},
  author={Chen, Ting and Saxena, Saurabh and Li, Lala and Lin, Tsung-Yi and Fleet, David J and Hinton, Geoffrey E},
  journal={Advances in Neural Information Processing Systems},
  volume={35},
  pages={31333--31346},
  year={2022}
}
@article{devlin2018bert,
  title={BERT: Pre-training of Deep Bidirectional Transformers for Language Understanding},
  author={Devlin, Jacob and Chang, Ming-Wei and Lee, Kenton and Toutanova, Kristina},
  journal={arXiv preprint arXiv:1810.04805},
  year={2018}
}
@article{vaswani2017attention,
  title={Attention is all you need},
  author={Vaswani, Ashish},
  journal={arXiv preprint arXiv:1706.03762},
  year={2017}
}
@inproceedings{he2016deep,
  title={Deep residual learning for image recognition},
  author={He, Kaiming and Zhang, Xiangyu and Ren, Shaoqing and Sun, Jian},
  booktitle={Proceedings of the IEEE conference on computer vision and pattern recognition},
  pages={770--778},
  year={2016}
}
@inproceedings{lin2017feature,
  title={Feature pyramid networks for object detection},
  author={Lin, Tsung-Yi and Doll{\'a}r, Piotr and Girshick, Ross and He, Kaiming and Hariharan, Bharath and Belongie, Serge},
  booktitle={Proceedings of the IEEE conference on computer vision and pattern recognition},
  pages={2117--2125},
  year={2017}
}
@inproceedings{li2022bevformer,
  title={Bevformer: Learning birdâ€™s-eye-view representation from multi-camera images via spatiotemporal transformers},
  author={Li, Zhiqi and Wang, Wenhai and Li, Hongyang and Xie, Enze and Sima, Chonghao and Lu, Tong and Qiao, Yu and Dai, Jifeng},
  booktitle={European conference on computer vision},
  pages={1--18},
  year={2022},
  organization={Springer}
}
@inproceedings{lin2017focal,
  title={Focal loss for dense object detection},
  author={Lin, Tsung-Yi and Goyal, Priya and Girshick, Ross and He, Kaiming and Doll{\'a}r, Piotr},
  booktitle={Proceedings of the IEEE international conference on computer vision},
  pages={2980--2988},
  year={2017}
}
@article{wang2024openlane,
  title={Openlane-v2: A topology reasoning benchmark for unified 3d hd mapping},
  author={Wang, Huijie and Li, Tianyu and Li, Yang and Chen, Li and Sima, Chonghao and Liu, Zhenbo and Wang, Bangjun and Jia, Peijin and Wang, Yuting and Jiang, Shengyin and others},
  journal={Advances in Neural Information Processing Systems},
  volume={36},
  year={2024}
}
@article{wilson2023argoverse,
  title={Argoverse 2: Next generation datasets for self-driving perception and forecasting},
  author={Wilson, Benjamin and Qi, William and Agarwal, Tanmay and Lambert, John and Singh, Jagjeet and Khandelwal, Siddhesh and Pan, Bowen and Kumar, Ratnesh and Hartnett, Andrew and Pontes, Jhony Kaesemodel and others},
  journal={arXiv preprint arXiv:2301.00493},
  year={2023}
}
@inproceedings{caesar2020nuscenes,
  title={nuscenes: A multimodal dataset for autonomous driving},
  author={Caesar, Holger and Bankiti, Varun and Lang, Alex H and Vora, Sourabh and Liong, Venice Erin and Xu, Qiang and Krishnan, Anush and Pan, Yu and Baldan, Giancarlo and Beijbom, Oscar},
  booktitle={Proceedings of the IEEE/CVF conference on computer vision and pattern recognition},
  pages={11621--11631},
  year={2020}
}
@inproceedings{deng2009imagenet,
  title={Imagenet: A large-scale hierarchical image database},
  author={Deng, Jia and Dong, Wei and Socher, Richard and Li, Li-Jia and Li, Kai and Fei-Fei, Li},
  booktitle={2009 IEEE conference on computer vision and pattern recognition},
  pages={248--255},
  year={2009},
  organization={Ieee}
}
@inproceedings{diederik2015adam,
  author={Diederik P. Kingma and Jimmy Ba},
  title={Adam: A Method for Stochastic Optimization},
  year={2015},
  booktitle={ICLR }
}
@article{zhu2020deformable,
  title={Deformable detr: Deformable transformers for end-to-end object detection},
  author={Zhu, Xizhou and Su, Weijie and Lu, Lewei and Li, Bin and Wang, Xiaogang and Dai, Jifeng},
  journal={arXiv preprint arXiv:2010.04159},
  year={2020}
}