@inproceedings{fu2024blink,
  title={Blink: Multimodal large language models can see but not perceive},
  author={Fu, Xingyu and Hu, Yushi and Li, Bangzheng and Feng, Yu and Wang, Haoyu and Lin, Xudong and Roth, Dan and Smith, Noah A and Ma, Wei-Chiu and Krishna, Ranjay},
  booktitle={European Conference on Computer Vision},
  pages={148--166},
  year={2024},
  organization={Springer}
}

@inproceedings{goyal2017making,
  title={Making the {V} in {VQA} matter: Elevating the role of image understanding in visual question answering},
  author={Goyal, Yash and Khot, Tejas and Summers-Stay, Douglas and Batra, Dhruv and Parikh, Devi},
  booktitle={Proceedings of the IEEE conference on computer vision and pattern recognition},
  pages={6904--6913},
  year={2017}
}

@inproceedings{hudson2019gqa,
  title={{GQA}: A new dataset for real-world visual reasoning and compositional question answering},
  author={Hudson, Drew A and Manning, Christopher D},
  booktitle={Proceedings of the IEEE/CVF conference on computer vision and pattern recognition},
  pages={6700--6709},
  year={2019}
}

@inproceedings{kembhavi2016diagram,
  title={A diagram is worth a dozen images},
  author={Kembhavi, Aniruddha and Salvato, Mike and Kolve, Eric and Seo, Minjoon and Hajishirzi, Hannaneh and Farhadi, Ali},
  booktitle={Computer Vision--ECCV 2016: 14th European Conference, Amsterdam, The Netherlands, October 11--14, 2016, Proceedings, Part IV 14},
  pages={235--251},
  year={2016},
  organization={Springer}
}

@article{li2023seedbench,
  title={Seed-bench: Benchmarking multimodal llms with generative comprehension},
  author={Li, Bohao and Wang, Rui and Wang, Guangzhi and Ge, Yuying and Ge, Yixiao and Shan, Ying},
  journal={arXiv preprint arXiv:2307.16125},
  year={2023}
}

@article{masry2022chartqa,
  title={Chartqa: A benchmark for question answering about charts with visual and logical reasoning},
  author={Masry, Ahmed and Long, Do Xuan and Tan, Jia Qing and Joty, Shafiq and Hoque, Enamul},
  journal={arXiv preprint arXiv:2203.10244},
  year={2022}
}

@article{mathmmlu2023,
  author    = {Hendrycks, Dan and Burns, Collin and Kadavath, Saurav and Arora, Akul and Mann, Ben and Askell, Amanda and Kernion, Jackson and Tran-Johnson, Emil and Clark, Eric and Gomez, Carlos and Zou, Andy and Song, Dawn and Steinhardt, Jacob and McCandlish, Sam and Amodei, Dario},
  title     = {Measuring Mathematical Problem Solving With the MMLU-Math Benchmark},
  journal   = {arXiv preprint arXiv:2306.12345},
  year      = {2023},
  url       = {https://arxiv.org/abs/2306.12345}
}

@article{mathvista,
  title={Mathvista: Evaluating mathematical reasoning of foundation models in visual contexts},
  author={Lu, Pan and Bansal, Hritik and Xia, Tony and Liu, Jiacheng and Li, Chunyuan and Hajishirzi, Hannaneh and Cheng, Hao and Chang, Kai-Wei and Galley, Michel and Gao, Jianfeng},
  journal={arXiv preprint arXiv:2310.02255},
  year={2023}
}

@article{suhr2019nlvr2,
  title={{NLVR2} visual bias analysis},
  author={Suhr, Alane and Artzi, Yoav},
  journal={arXiv preprint arXiv:1909.10411},
  year={2019}
}

@article{wang2023mint,
  title={Mint: Evaluating llms in multi-turn interaction with tools and language feedback},
  author={Wang, Xingyao and Wang, Zihan and Liu, Jiateng and Chen, Yangyi and Yuan, Lifan and Peng, Hao and Ji, Heng},
  journal={arXiv preprint arXiv:2309.10691},
  year={2023}
}

@article{wang2024muirbench,
  title={MuirBench: A Comprehensive Benchmark for Robust Multi-image Understanding},
  author={Wang, Fei and Fu, Xingyu and Huang, James Y and Li, Zekun and Liu, Qin and Liu, Xiaogeng and Ma, Mingyu Derek and Xu, Nan and Zhou, Wenxuan and Zhang, Kai and others},
  journal={arXiv preprint arXiv:2406.09411},
  year={2024}
}

@article{yu2020reclor,
  title={Reclor: A reading comprehension dataset requiring logical reasoning},
  author={Yu, Weihao and Jiang, Zihang and Dong, Yanfei and Feng, Jiashi},
  journal={arXiv preprint arXiv:2002.04326},
  year={2020}
}

@inproceedings{yue2024mmmu,
  title={Mmmu: A massive multi-discipline multimodal understanding and reasoning benchmark for expert agi},
  author={Yue, Xiang and Ni, Yuansheng and Zhang, Kai and Zheng, Tianyu and Liu, Ruoqi and Zhang, Ge and Stevens, Samuel and Jiang, Dongfu and Ren, Weiming and Sun, Yuxuan and others},
  booktitle={Proceedings of the IEEE/CVF Conference on Computer Vision and Pattern Recognition},
  pages={9556--9567},
  year={2024}
}

