@article{Eraser,
    author = {Savage, Stefan and Burrows, Michael and Nelson, Greg and Sobalvarro, Patrick and Anderson, Thomas},
    title = {{Eraser: A Dynamic Data Race Detector for Multithreaded Programs}},
    year = {1997},
    journal={ACM Transactions on Computer Systems (TOCS)},
    volume = {15},
    number = {4},
    issn = {0734-2071},
    doi = {10.1145/265924.265927},
    pages = {391–411},
}

@inproceedings{astree1,
author = {Min\'{e}, Antoine},
title = {Relational Thread-Modular Static Value Analysis by Abstract Interpretation},
year = {2014},
isbn = {9783642540127},
publisher = {Springer-Verlag},
address = {Berlin, Heidelberg},
url = {https://doi.org/10.1007/978-3-642-54013-4_3},
booktitle = {Proceedings of the 15th International Conference on Verification, Model Checking, and Abstract Interpretation - Volume 8318},
pages = {39–58},
numpages = {20},
keywords = {abstract interpretation, concurrency, embedded programs, rely-guarantee methods, safety, static analysis, verification},
location = {San Diego, CA, USA},
series = {VMCAI 2014}
}

@inproceedings{astree2,
author = {Kästner, Daniel and Miné, Antoine and Mauborgne, Laurent and Rival, X. and Feret, Jérôme and Cousot, Patrick and Wilhelm, Stephan and Ferdiand, Christian},
year = {2016},
month = {01},
pages = {},
title = {Taking Static Analysis to the Next Level: Proving the Absence of Run-Time Errors and Data Races with Astrée},
booktitle={In ERTS’16, 2016.}
}

@inproceedings{bigfoot17,
  author    = {D.~Rhodes and C.~Flanagan and S.~Freund},
  title     = "{BigFoot: Static Check Placement for Dynamic Race Detection}",
  booktitle = {Proc. of PLDI'17},
  publisher = {ACM},
  year      = {2017},
}

@article{contestframework03,
 author = {Edelstein, Orit and Farchi, Eitan and Goldin, Evgeny and Nir, Yarden and Ratsaby, Gil and Ur, Shmuel}, 
 title = "{Framework for Testing Multi-threaded Java Programs}",
 journal = {Concurrency and Computation: Practice and Experience},
 number = {3-5},
 volume = {15},
 year = {2003},
 publisher = {Elsevier},
}

@article{deagle,
author = {Fan, Hongyu and Sun, Zhihang and He, Fei},
title = {{Satisfiability Modulo Ordering Consistency Theory for SC, TSO, and PSO Memory Models}},
year = {2023},
issue_date = {March 2023},
publisher = {Association for Computing Machinery},
address = {New York, NY, USA},
volume = {45},
number = {1},
issn = {0164-0925},
url = {https://doi.org/10.1145/3579835},
journal = {ACM Trans. Program. Lang. Syst.},
month = mar,
articleno = {6},
numpages = {37},
keywords = {Program verification, satisfiability modulo theory, weak memory models, concurrency}
}

@inproceedings{fasttrack09,
  author    = {C.~Flanagan and S.~Freund},
  title     = "{FastTrack: Efficient and Precise Dynamic Race Detection}",
  booktitle = {Proc. of PLDI'09},
  publisher = {ACM},
  year      = {2009},
}

@inproceedings{goblint,
author = {Vojdani, Vesal and Apinis, Kalmer and R\~{o}tov, Vootele and Seidl, Helmut and Vene, Varmo and Vogler, Ralf},
title = {Static race detection for device drivers: the Goblint approach},
year = {2016},
isbn = {9781450338455},
publisher = {Association for Computing Machinery},
address = {New York, NY, USA},
url = {https://doi.org/10.1145/2970276.2970337},
booktitle = {Proceedings of the 31st IEEE/ACM International Conference on Automated Software Engineering},
pages = {391–402},
numpages = {12},
keywords = {race condition, abstract interpretation, Concurrency},
location = {Singapore, Singapore},
series = {ASE '16}
}

@inproceedings{goldilocks07,
 author = {Elmas, Tayfun and Qadeer, Shaz and Tasiran, Serdar},
 title = "{Goldilocks: A Race and Transaction-aware Java Runtime}",
 booktitle = {Proc. of PLDI'07},
 year = {2007},
 publisher = {ACM},
}

@inproceedings{lal-reps-08,
  author    = {A.~Lal and T.~Reps},
  title     = "{Reducing Concurrent Analysis Under a~Context Bound
                to Sequential Analysis}",
  booktitle = {Proc. of CAV'08},
  publisher = {Springer},
  year      = {2008},
}

@inproceedings{lazy-seq-16,
  author    = {T.~Nguyen and B.~Fischer and S.~Torre and G.~Parlato},
  title     = "{Lazy Sequentialization for the Safety Verif. of
                Unbound. Concur. Programs}",
  booktitle = {Proc. of ATVA'16},
  publisher = {Springer},
  series    = {LNCS},
  volume    = {9938},
  year      = {2016},
}

@article{noise15,
  author    = {J.~Fiedor and V.~Hrub\'{a} and B.~K\v{r}ena and Z.~Letko and
               S.~Ur and T.~Vojnar},
  title     = "{Advances in Noise-Based Testing of Concurrent Software}",
  pages     = {272--309},
  journal   = {Softw. Test. Verif. Reliab.},
  volume    = {25},
  number    = {3},
  publisher = {Wiley},
  year      = {2015},
}

@inproceedings{o2,
  author    = {B.~Liu and P.~Liu and Y.~Li and C.-C.~Tsai and D.~Da Silva 
               and J.~Huang},
  title     = "{When Threads Meet Events: Efficient and Precise Static Race
                Detection with Origins}",
  booktitle = {Proc. of PLDI'21},
  publisher = {ACM},
  year      = {2021},
}

@inproceedings{racerx,
    author = {Engler, Dawson and Ashcraft, Ken},
    title = {{RacerX: Effective, static detection of race conditions and deadlocks}},
    booktitle = {Proc. of SOSP'03}
}

@inproceedings{schedspec12,
  author    = {J.~Wu and Y.~Tang and H.~Hu and H.~Cui and J.~Yang},
  title     = "{Sound and Precise Analysis of Parallel Programs through Schedule
                Specialization}",
  booktitle = {Proc. of PLDI'12},
  publisher = {ACM},
  year      = {2012},
}

