@InProceedings{EVA,
author="Blazy, Sandrine
and B{\"u}hler, David
and Yakobowski, Boris",
title={{Structuring Abstract Interpreters Through State and Value Abstractions}},
booktitle="Verification, Model Checking, and Abstract Interpretation",
year="2017",
pages="112--130",
isbn="978-3-319-52234-0"
}

@manual{mthread,
  author={Yakobowski, Boris and Bonichon, Richard},
  title ={The Mthread plugin}
}

@InProceedings{cil,
author="Necula, George C.
and McPeak, Scott
and Rahul, Shree P.
and Weimer, Westley",
title={{CIL: Intermediate Language and Tools for Analysis and Transformation of C Programs}},
booktitle="Compiler Construction",
year="2002",
pages="213--228",
isbn="978-3-540-45937-8"
}

@inproceedings{Steensgaard,
    author = {Steensgaard, Bjarne},
    title = {{Points-to Analysis in Almost Linear Time}},
    year = {1996},
    isbn = {0897917693},
    url = {https://doi.org/10.1145/237721.237727},
    booktitle = {Proceedings of the 23rd ACM SIGPLAN-SIGACT Symposium on Principles of Programming Languages},
    pages = {32–41},
    series = {POPL '96}
}

@Misc{Alias,
    author = {Blanchard, Allan and 
              Correnson, Loïc and
              Le Gall, Tristan and
              Rochel, Jan and
              Signoles, Julien},
    title = {{Alias, Efficient May-alias and Points-to Analysis}},
    howpublished = {\url{https://www.frama-c.com/fc-plugins/alias.html}},
    year = {}
}

@article{Eraser,
    author = {Savage, Stefan and Burrows, Michael and Nelson, Greg and Sobalvarro, Patrick and Anderson, Thomas},
    title = {{Eraser: A Dynamic Data Race Detector for Multithreaded Programs}},
    year = {1997},
    journal={ACM Transactions on Computer Systems (TOCS)},
    volume = {15},
    number = {4},
    issn = {0734-2071},
    doi = {10.1145/265924.265927},
    pages = {391–411},
}

@article{Erhard2024,
    author = {Erhard, Julian and Saan, Simmo and Tilscher, Sarah and Schwarz, Michael and Holter, Karoliine and Vojdani, Vesal and Seidl, Helmut},
    title = {{Interactive Abstract Interpretation: Reanalyzing Multithreaded C Programs for Cheap}},
    journal = {International Journal on Software Tools for Technology Transfer},
    year = {2024},
    issn = {14332779},
    doi = {10.1007/s10009-024-00768-9},
    }

@inproceedings{Frama-C,
    author = {Cuoq, Pascal and Kirchner, Florent and Kosmatov, Nikolai and Prevosto, Virgile and Signoles, Julien and Yakobowski, Boris},
    title = {{Frama-C: A Software Analysis Perspective}},
    year = {2012},
    isbn = {9783642338250},
    publisher = {Springer-Verlag},
    doi = {10.1007/978-3-642-33826-7_16},
    booktitle = {Proceedings of the 10th International Conference on Software Engineering and Formal Methods},
    pages = {233–247},
    series = {SEFM'12}
}

@inproceedings{Bourdoncle1993EfficientCI,
    title={{Efficient Chaotic Iteration Strategies with Widenings}},
    author={François Bourdoncle},
    booktitle={Formal Methods in Programming and Their Applications},
    year={1993}
}

@article{ocamlgraph,
    author = {Conchon, Sylvain and Filliâtre, Jean-Christophe and Signoles, Julien},
    year = {2007},
    month = {04},
    title = {{Designing a Generic Graph Library using ML Functors}},
}

@inproceedings{racerx,
    author = {Engler, Dawson and Ashcraft, Ken},
    title = {{RacerX: Effective, static detection of race conditions and deadlocks}},
    booktitle = {Proc. of SOSP'03}
}

@article{RacerD,
author = {Blackshear, Sam and Gorogiannis, Nikos and O'Hearn, Peter W. and Sergey, Ilya},
title = {RacerD: compositional static race detection},
year = {2018},
issue_date = {November 2018},
publisher = {Association for Computing Machinery},
address = {New York, NY, USA},
volume = {2},
number = {OOPSLA},
url = {https://doi.org/10.1145/3276514},
journal = {Proc. ACM Program. Lang.},
}

   @article{anaconda,
        author = {Fiedor, Jan and Vojnar, Tomas},
        year = {2012},
        pages = {},
        title = {Noise-based testing and analysis of multi-threaded C/C++ programs on the binary level},
        journal = {2012 10th Workshop on Parallel and Distributed Systems: Testing, Analysis, and Debugging, PADTAD 2012 - Proceedings}
    }
    
    @article{contest,
        title={Framework for testing multi-threaded Java programs},
         author={Edelstein, Orit and Farchi, Eitan and Goldin, Evgeny and Nir, Yarden and Ratsaby, Gil and Ur, Shmuel},
        journal={Concurrency and Computation: Practice and Experience},
        volume={15},
        number={3-5},
        pages={485--499},
        year={2003},
        publisher={Wiley Online Library}
}

@article{benchexec,
  title={{Reliable Benchmarking: Requirements and Solutions}},
  author={Dirk Beyer and Stefan L{\"o}we and Philipp Wendler},
  journal={International Journal on Software Tools for Technology Transfer},
  year={2017},
  volume={21},
}

@InProceedings{dartagnan,
author="Gavrilenko, Natalia
and Ponce-de-Le{\'o}n, Hern{\'a}n
and Furbach, Florian
and Heljanko, Keijo
and Meyer, Roland",
editor="Dillig, Isil
and Tasiran, Serdar",
title="BMC for Weak Memory Models: Relation Analysis for Compact SMT Encodings",
booktitle="Computer Aided Verification",
year="2019",
publisher="Springer International Publishing",
address="Cham",
pages="355--365",
isbn="978-3-030-25540-4"
}

@InProceedings{SVCOMP25,
  author    = {D.~Beyer and J.~Strejček},
  title     = {Report on {SV-COMP 2025}},
  booktitle = {Proc.\ TACAS},
  year      = {2025},
  publisher = {Springer},
  series    = {LNCS~},
  pages     = {},
  doi       = {},
}

@article{noise15,
  author    = {J.~Fiedor and V.~Hrub\'{a} and B.~K\v{r}ena and Z.~Letko and
               S.~Ur and T.~Vojnar},
  title     = "{Advances in Noise-Based Testing of Concurrent Software}",
  pages     = {272--309},
  journal   = {Softw. Test. Verif. Reliab.},
  volume    = {25},
  number    = {3},
  publisher = {Wiley},
  year      = {2015},
}

@inproceedings{goldilocks07,
 author = {Elmas, Tayfun and Qadeer, Shaz and Tasiran, Serdar},
 title = "{Goldilocks: A Race and Transaction-aware Java Runtime}",
 booktitle = {Proc. of PLDI'07},
 year = {2007},
 publisher = {ACM},
}

@inproceedings{fasttrack09,
  author    = {C.~Flanagan and S.~Freund},
  title     = "{FastTrack: Efficient and Precise Dynamic Race Detection}",
  booktitle = {Proc. of PLDI'09},
  publisher = {ACM},
  year      = {2009},
}

@inproceedings{bigfoot17,
  author    = {D.~Rhodes and C.~Flanagan and S.~Freund},
  title     = "{BigFoot: Static Check Placement for Dynamic Race Detection}",
  booktitle = {Proc. of PLDI'17},
  publisher = {ACM},
  year      = {2017},
}

@article{contestframework03,
 author = {Edelstein, Orit and Farchi, Eitan and Goldin, Evgeny and Nir, Yarden and Ratsaby, Gil and Ur, Shmuel}, 
 title = "{Framework for Testing Multi-threaded Java Programs}",
 journal = {Concurrency and Computation: Practice and Experience},
 number = {3-5},
 volume = {15},
 year = {2003},
 publisher = {Elsevier},
}

@inproceedings{lazy-seq-16,
  author    = {T.~Nguyen and B.~Fischer and S.~Torre and G.~Parlato},
  title     = "{Lazy Sequentialization for the Safety Verif. of
                Unbound. Concur. Programs}",
  booktitle = {Proc. of ATVA'16},
  publisher = {Springer},
  series    = {LNCS},
  volume    = {9938},
  year      = {2016},
}

@inproceedings{lal-reps-08,
  author    = {A.~Lal and T.~Reps},
  title     = "{Reducing Concurrent Analysis Under a~Context Bound
                to Sequential Analysis}",
  booktitle = {Proc. of CAV'08},
  publisher = {Springer},
  year      = {2008},
}

@inproceedings{schedspec12,
  author    = {J.~Wu and Y.~Tang and H.~Hu and H.~Cui and J.~Yang},
  title     = "{Sound and Precise Analysis of Parallel Programs through Schedule
                Specialization}",
  booktitle = {Proc. of PLDI'12},
  publisher = {ACM},
  year      = {2012},
}

@Manual{eva-user-manual,
        author =  "Bühler, David and Cuoq, Pascal and Yakobowski, Boris ",
        title =  "{The Eva plug-in}",
        subtitle =  "{For Frama-C 30.0 (Zinc)}",
      howpublished = "online",
      institution =  "CEA LIST",
      cited =        "2024-12-20",
      url =          "https://frama-c.com/download/frama-c-eva-manual.pdf",
    }

@inproceedings{o2,
  author    = {B.~Liu and P.~Liu and Y.~Li and C.-C.~Tsai and D.~Da Silva 
               and J.~Huang},
  title     = "{When Threads Meet Events: Efficient and Precise Static Race
                Detection with Origins}",
  booktitle = {Proc. of PLDI'21},
  publisher = {ACM},
  year      = {2021},
}


@inproceedings{goblint,
author = {Vojdani, Vesal and Apinis, Kalmer and R\~{o}tov, Vootele and Seidl, Helmut and Vene, Varmo and Vogler, Ralf},
title = {Static race detection for device drivers: the Goblint approach},
year = {2016},
isbn = {9781450338455},
publisher = {Association for Computing Machinery},
address = {New York, NY, USA},
url = {https://doi.org/10.1145/2970276.2970337},
booktitle = {Proceedings of the 31st IEEE/ACM International Conference on Automated Software Engineering},
pages = {391–402},
numpages = {12},
keywords = {race condition, abstract interpretation, Concurrency},
location = {Singapore, Singapore},
series = {ASE '16}
}

@inproceedings{astree1,
author = {Min\'{e}, Antoine},
title = {Relational Thread-Modular Static Value Analysis by Abstract Interpretation},
year = {2014},
isbn = {9783642540127},
publisher = {Springer-Verlag},
address = {Berlin, Heidelberg},
url = {https://doi.org/10.1007/978-3-642-54013-4_3},
booktitle = {Proceedings of the 15th International Conference on Verification, Model Checking, and Abstract Interpretation - Volume 8318},
pages = {39–58},
numpages = {20},
keywords = {abstract interpretation, concurrency, embedded programs, rely-guarantee methods, safety, static analysis, verification},
location = {San Diego, CA, USA},
series = {VMCAI 2014}
}

@inproceedings{astree2,
author = {Kästner, Daniel and Miné, Antoine and Mauborgne, Laurent and Rival, X. and Feret, Jérôme and Cousot, Patrick and Wilhelm, Stephan and Ferdiand, Christian},
year = {2016},
month = {01},
pages = {},
title = {Taking Static Analysis to the Next Level: Proving the Absence of Run-Time Errors and Data Races with Astrée},
booktitle={In ERTS’16, 2016.}
}

@InProceedings{automizer,
author="Dietsch, Daniel
and Heizmann, Matthias
and Klumpp, Dominik
and Naouar, Mehdi
and Podelski, Andreas
and Sch{\"a}tzle, Claus",
editor="Henglein, Fritz
and Shoham, Sharon
and Vizel, Yakir",
title="Verification of Concurrent Programs Using Petri Net Unfoldings",
booktitle="Verification, Model Checking, and Abstract Interpretation",
year="2021",
publisher="Springer International Publishing",
address="Cham",
pages="174--195",
isbn="978-3-030-67067-2"
}

@InProceedings{gemcutter,
author="Klumpp, Dominik
and Dietsch, Daniel
and Heizmann, Matthias
and Sch{\"u}ssele, Frank
and Ebbinghaus, Marcel
and Farzan, Azadeh
and Podelski, Andreas",
editor="Fisman, Dana
and Rosu, Grigore",
title="Ultimate GemCutter and the Axes of Generalization",
booktitle="Tools and Algorithms for the Construction and Analysis of Systems",
year="2022",
publisher="Springer International Publishing",
address="Cham",
pages="479--483",
isbn="978-3-030-99527-0"
}


@article{deagle,
author = {Fan, Hongyu and Sun, Zhihang and He, Fei},
title = {{Satisfiability Modulo Ordering Consistency Theory for SC, TSO, and PSO Memory Models}},
year = {2023},
issue_date = {March 2023},
publisher = {Association for Computing Machinery},
address = {New York, NY, USA},
volume = {45},
number = {1},
issn = {0164-0925},
url = {https://doi.org/10.1145/3579835},
journal = {ACM Trans. Program. Lang. Syst.},
month = mar,
articleno = {6},
numpages = {37},
keywords = {Program verification, satisfiability modulo theory, weak memory models, concurrency}
}

