@article{Ackley1985boltzmannmachines,
  author    = {David H. Ackley and Geoffrey E. Hinton and Terrence J. Sejnowski},
  title     = {A learning algorithm for Boltzmann machines},
  journal   = {Cognitive Science},
  volume    = {9},
  number    = {1},
  pages     = {147--169},
  year      = {1985}
}

@inproceedings{Hofmann2024boosting,
  title={Energy-based Hopfield Boosting for Out-of-Distribution Detection},
  author={Claus Hofmann and Simon Schmid and Bernhard Lehner and Daniel Klotz and Sepp Hochreiter},
  booktitle={Proc. ICML AMHN Workshop},
  year={2024},
}

@inproceedings{NEURIPS2021_1fb36c4c,
    author    = {Salvatori, Tommaso and Song, Yuhang and Hong, Yujian and Sha, Lei and Frieder, Simon and Xu, Zhenghua and Bogacz, Rafal and Lukasiewicz, Thomas},
    booktitle = NeurIPS,
    pages     = {3874--3886},
    title     = {Associative Memories via Predictive Coding},
    year      = {2021}
}

@inproceedings{chen2024tagfog,
  title={TagFog: Textual Anchor Guidance and Fake Outlier Generation for Visual Out-of-Distribution Detection},
  author={Jiankang Chen and Tong Zhang and Wei-Shi Zheng and Ruixuan Wang},
  booktitle=AAAI,
  pages={1100--1109},
  year={2024},
}

@article{demircigil17hugecapacity,
    title     = {On a model of associative memory with huge storage capacity},
    author    = {Demircigil, Mete and Heusel, Judith and L{\"o}we, Matthias and Upgang, Sven and Vermet, Franck},
    journal   = {Springer Journal of Statistical Physics},
    volume    = {168},
    number    = {2},
    pages     = {288--299},
    year      = {2017},
}

@article{furst2021cloob,
    title   = {CLOOB: Modern Hopfield Networks with InfoLOOB Outperform CLIP},
    author  = {F{\"u}rst, Andreas and Rumetshofer, Elisabeth and Tran, Viet and Ramsauer, Hubert and Tang, Fei and Lehner, Johannes and Kreil, David and Kopp, Michael and Klambauer, G{\"u}nter and Bitto-Nemling, Angela and others},
    journal = {arXiv preprint arXiv:2110.11316},
    year    = {2021}
}

@inproceedings{hendrycks2017msp,
  title={A baseline for detecting misclassified and out-of-distribution examples in neural networks},
  author={Hendrycks, Dan and Gimpel, Kevin},
  booktitle=ICLR,
  year={2017},
}

@article{hopfield82,
    author  = {John Joseph Hopfield},
    title   = {Neural networks and physical systems with emergent collective computational abilities.},
    journal = {Proceedings of the National Academy of Sciences},
    volume  = {79},
    number  = {8},
    pages   = {2554-2558},
    year    = {1982},
}

@article{hopfield88,
    author  = {J J Hopfield },
    title   = {Neurons with graded response have collective computational properties like those of two-state neurons.},
    journal = {Proceedings of the National Academy of Sciences},
    volume  = {81},
    number  = {10},
    pages   = {3088-3092},
    year    = {1984},
}

@inproceedings{krotov16dense,
    author    = {Krotov, Dmitry and Hopfield, John J.},
    booktitle = NeurIPS,
    title     = {Dense Associative Memory for Pattern Recognition},
    year      = {2016}
}

@inproceedings{krotov2021large,
    title     = {Large Associative Memory Problem in Neurobiology and Machine Learning},
    author    = {Dmitry Krotov and John J. Hopfield},
    booktitle =ICLR,
    year      = {2021}
}

@inproceedings{liang2018odin,
  title={Enhancing The Reliability of Out-of-distribution Image Detection in Neural Networks},
  author={Liang, Shiyu and Li, Yixuan and Srikant, R.},
  booktitle=ICLR,
  year={2018},
}

@inproceedings{liu2020energy,
  title={Energy-based out-of-distribution detection},
  author={Liu, Weitang and Wang, Xiaoyun and Owens, John and Li, Yixuan},
  booktitle=NeurIPS,
  volume={33},
  pages={21464--21475},
  year={2020}
}

@article{lstm,
    author  = {Hochreiter, Sepp and Schmidhuber, Jürgen},
    title   = {{Long Short-Term Memory}},
    journal = {Neural Computation},
    volume  = {9},
    number  = {8},
    pages   = {1735-1780},
    year    = {1997},
    month   = {11}
}

@article{millidge2022universal,
    title   = {Universal Hopfield Networks: A General Framework for Single-Shot Associative Memory Models},
    author  = {Millidge, Beren and Salvatori, Tommaso and Song, Yuhang and Lukasiewicz, Thomas and Bogacz, Rafal},
    journal = {arXiv preprint arXiv:2202.04557},
    year    = {2022}
}

@inproceedings{ota2023learning,
  title={Learning with Partial Forgetting in Modern Hopfield Networks},
  author={Toshihiro Ota and Ikuro Sato and Rei Kawakami and Masayuki Tanaka and Nakamasa Inoue},
  booktitle=AISTATS,
  pages={6661--6673},
  year={2023},
}

@inproceedings{ramsauer21hopfieldallyouneed,
    title     = {Hopfield Networks is All You Need},
    author    = {Hubert Ramsauer and Bernhard Sch{\"a}fl and Johannes Lehner and Philipp Seidl and Michael Widrich and Lukas Gruber and Markus Holzleitner and Thomas Adler and David Kreil and Michael K Kopp and G{\"u}nter Klambauer and Johannes Brandstetter and Sepp Hochreiter},
    booktitle = ICLR,
    year      = {2021}
}

@article{schafl2021hopular,
    title  = {Hopular: Modern Hopfield Networks for Tabular Data},
    author = {Sch{\"a}fl, Bernhard and Gruber, Lukas and Bitto-Nemling, Angela and Hochreiter, Sepp},
    journal={arXiv preprint arXiv:2206.00664},
    year   = {2021}
}

@article{seidl2022improving,
    title     = {Improving Few-and Zero-Shot Reaction Template Prediction Using Modern Hopfield Networks},
    author    = {Seidl, Philipp and Renz, Philipp and Dyubankova, Natalia and Neves, Paulo and Verhoeven, Jonas and Wegner, Jörg K and Segler, Marwin and Hochreiter, Sepp and Klambauer, Günter},
    journal   = {Journal of Chemical Information and Modeling},
    year      = {2022},
    publisher = {ACS Publications}
}

@inproceedings{shen2023posthoc,
  title={Post-hoc Uncertainty Learning Using a Dirichlet Meta-Model},
  author={Maohao Shen and Yuheng Bu and Prasanna Sattigeri and Soumya Ghosh and Subhro Das and Gregory Wornell},
  booktitle=AAAI,
  pages={9772--9781},
  year={2023},
}

@inproceedings{sun2021react,
  title={React: Out-of-distribution detection with rectified activations},
  author={Sun, Yiyou and Guo, Chuan and Li, Yixuan},
  booktitle=NeurIPS,
  volume={34},
  pages={144--157},
  year={2021}
}

@inproceedings{sun2022dice,
  title={DICE: Leveraging Sparsification for Out-of-Distribution Detection},
  author={Sun, Yiyou and Li, Yixuan},
  booktitle=ECCV,
  pages={691--708},
  year={2022}
}

@inproceedings{widrich2021modern,
    title     = {Modern Hopfield Networks for Return Decomposition for Delayed Rewards},
    author    = {Widrich, Michael and Hofmarcher, Markus and Patil, Vihang Prakash and Bitto-Nemling, Angela and Hochreiter, Sepp},
    booktitle = {Deep RL Workshop NeurIPS 2021},
    year      = {2021}
}

@inproceedings{widrich20modern,
    author    = {Widrich, Michael and Sch\"{a}fl, Bernhard and Pavlovi\'{c}, Milena and Ramsauer, Hubert and Gruber, Lukas and Holzleitner, Markus and Brandstetter, Johannes and Sandve, Geir Kjetil and Greiff, Victor and Hochreiter, Sepp and Klambauer, G\"{u}nter},
    booktitle = NeurIPS,
    pages     = {18832--18845},
    title     = {Modern Hopfield Networks and Attention for Immune Repertoire Classification},
    volume    = {33},
    year      = {2020}
}

@inproceedings{zhang23she,
  title = {Out-of-Distribution Detection based on In-Distribution Data Patterns Memorization with Modern Hopfield Energy},
  author = {Zhang, Jinsong and Fu, Qiang and Chen, Xu and Du, Lun and Li, Zelin and Wang, Gang and Liu, Xiaoguang and Han, Shi and Zhang, Dongmei},
  booktitle = ICLR,
  year = {2023},
}

