@String(CVPR = {Proc. IEEE/CVF Conference on Computer Vision and Pattern Recognition (CVPR)})
@String(ICCV = {Proc. IEEE/CVF International Conference on Computer Vision (ICCV)})
@String(ECCV = {Proc. European Conference on Computer Vision (ECCV)})
@String(ECCVW = {Proc. European Conference on Computer Vision Workshops (ECCVW)})
@String(BMVC = {Proc. British Machine Vision Conference (BMVC)})
@String(ICLR = {Proc. International Conference on Learning Representations (ICLR)})
@String(ICML = {Proc. International Conference on Machine Learning (ICML)})
@String(IJCV = {International Journal of Computer Vision (IJCV)})
@String(ACL = {Proc. Annual Meeting of the Association for Computational Linguistics (ACL)})
@String(ACLFindings = {Proc. Findings of the Association for Computational Linguistics (ACL Findings)})
@String(EMNLP = {Proc. Conference on Empirical Methods in Natural Language Processing (EMNLP)})
@String(EMNLPFindings = {Proc. Findings of Empirical Methods in Natural Language Processing (EMNLP Findings)})
@String(EMNLPIJCNLP = {Proc. Conference on Empirical Methods in Natural Language Processing and International Joint Conference on Natural Language Processing (EMNLP-IJCNLP)}),
@String(NAACL = {Proc. Annual Conference of the North American Chapter of the Association for Computational Linguistics (NAACL)})
@String(TPAMI = {IEEE Transactions on Pattern Analysis and Machine Intelligence (TPAMI)})
@String(NeurIPS = {Proc. Annual Conference on Neural Information Processing Systems (NeurIPS)})
@String(ACMMM = {Proc. ACM International Conference on Multimedia (ACMMM)})
@String(WACV = {Proc. IEEE Conference on Winter Conference on Applications of Computer Vision (WACV)})
@String(AAAI = {Proc. AAAI Conference on Artificial Intelligence})
@String(AISTATS = {Proc. International Conference on Artificial Intelligence and Statistics})

%%%%%%%%%%%%%%%%%%%%%%%%%%
@inproceedings{krotov2021large,
    title     = {Large Associative Memory Problem in Neurobiology and Machine Learning},
    author    = {Dmitry Krotov and John J. Hopfield},
    booktitle =ICLR,
    year      = {2021}
}

@inproceedings{krotov16dense,
    author    = {Krotov, Dmitry and Hopfield, John J.},
    booktitle = NeurIPS,
    title     = {Dense Associative Memory for Pattern Recognition},
    year      = {2016}
}

@article{hopfield82,
    author  = {John Joseph Hopfield},
    title   = {Neural networks and physical systems with emergent collective computational abilities.},
    journal = {Proceedings of the National Academy of Sciences},
    volume  = {79},
    number  = {8},
    pages   = {2554-2558},
    year    = {1982},
}

@inproceedings{widrich20modern,
    author    = {Widrich, Michael and Sch\"{a}fl, Bernhard and Pavlovi\'{c}, Milena and Ramsauer, Hubert and Gruber, Lukas and Holzleitner, Markus and Brandstetter, Johannes and Sandve, Geir Kjetil and Greiff, Victor and Hochreiter, Sepp and Klambauer, G\"{u}nter},
    booktitle = NeurIPS,
    pages     = {18832--18845},
    title     = {Modern Hopfield Networks and Attention for Immune Repertoire Classification},
    volume    = {33},
    year      = {2020}
}

@inproceedings{ramsauer21hopfieldallyouneed,
    title     = {Hopfield Networks is All You Need},
    author    = {Hubert Ramsauer and Bernhard Sch{\"a}fl and Johannes Lehner and Philipp Seidl and Michael Widrich and Lukas Gruber and Markus Holzleitner and Thomas Adler and David Kreil and Michael K Kopp and G{\"u}nter Klambauer and Johannes Brandstetter and Sepp Hochreiter},
    booktitle = ICLR,
    year      = {2021}
}

@inproceedings{vaswani17transformer,
    author    = {Vaswani, Ashish and Shazeer, Noam and Parmar, Niki and Uszkoreit, Jakob and Jones, Llion and Gomez, Aidan N and Kaiser, \L ukasz and Polosukhin, Illia},
    booktitle = NeurIPS,
    title     = {Attention is All you Need},
    year      = {2017}
}

@inproceedings{zhang23she,
  title = {Out-of-Distribution Detection based on In-Distribution Data Patterns Memorization with Modern Hopfield Energy},
  author = {Zhang, Jinsong and Fu, Qiang and Chen, Xu and Du, Lun and Li, Zelin and Wang, Gang and Liu, Xiaoguang and Han, Shi and Zhang, Dongmei},
  booktitle = ICLR,
  year = {2023},
}

@article{demircigil17hugecapacity,
    title     = {On a model of associative memory with huge storage capacity},
    author    = {Demircigil, Mete and Heusel, Judith and L{\"o}we, Matthias and Upgang, Sven and Vermet, Franck},
    journal   = {Springer Journal of Statistical Physics},
    volume    = {168},
    number    = {2},
    pages     = {288--299},
    year      = {2017},
}

@inproceedings{tang13sfnn,
  title={Learning Stochastic Feedforward Neural Networks},
  author={Tang, Charlie and Salakhutdinov, Russ R},
  booktitle=NeurIPS,
  year={2013},
}

%%%%%%%%%%%%%%%%%%%%%%%%%%%%%%











@article{agliari2020tolerance,
    title     = {Tolerance versus synaptic noise in dense associative memories},
    author    = {Agliari, Elena and De Marzo, Giordano},
    journal   = {The European Physical Journal Plus},
    volume    = {135},
    number    = {11},
    pages     = {1--22},
    year      = {2020},
    publisher = {Springer}
}

@article{BARRA2018205,
    title   = {A new mechanical approach to handle generalized Hopfield neural networks},
    journal = {Neural Networks},
    volume  = {106},
    pages   = {205-222},
    year    = {2018},
    author  = {Adriano Barra and Matteo Beccaria and Alberto Fachechi}
}

@article{krotov2018dense,
    title     = {Dense associative memory is robust to adversarial inputs},
    author    = {Krotov, Dmitry and Hopfield, John},
    journal   = {Neural computation},
    volume    = {30},
    number    = {12},
    pages     = {3151--3167},
    year      = {2018},
    publisher = {MIT Press One Rogers Street, Cambridge, MA 02142-1209, USA journals-info~…}
}


@article{hopfield88,
    author  = {J J Hopfield },
    title   = {Neurons with graded response have collective computational properties like those of two-state neurons.},
    journal = {Proceedings of the National Academy of Sciences},
    volume  = {81},
    number  = {10},
    pages   = {3088-3092},
    year    = {1984},
}


% ---------- Application of modern Hopfield networks ----------
@article{furst2021cloob,
    title   = {CLOOB: Modern Hopfield Networks with InfoLOOB Outperform CLIP},
    author  = {F{\"u}rst, Andreas and Rumetshofer, Elisabeth and Tran, Viet and Ramsauer, Hubert and Tang, Fei and Lehner, Johannes and Kreil, David and Kopp, Michael and Klambauer, G{\"u}nter and Bitto-Nemling, Angela and others},
    journal = {arXiv preprint arXiv:2110.11316},
    year    = {2021}
}

@inproceedings{widrich2021modern,
    title     = {Modern Hopfield Networks for Return Decomposition for Delayed Rewards},
    author    = {Widrich, Michael and Hofmarcher, Markus and Patil, Vihang Prakash and Bitto-Nemling, Angela and Hochreiter, Sepp},
    booktitle = {Deep RL Workshop NeurIPS 2021},
    year      = {2021}
}

@article{schafl2021hopular,
    title  = {Hopular: Modern Hopfield Networks for Tabular Data},
    author = {Sch{\"a}fl, Bernhard and Gruber, Lukas and Bitto-Nemling, Angela and Hochreiter, Sepp},
    journal={arXiv preprint arXiv:2206.00664},
    year   = {2021}
}

@inproceedings{NEURIPS2021_1fb36c4c,
    author    = {Salvatori, Tommaso and Song, Yuhang and Hong, Yujian and Sha, Lei and Frieder, Simon and Xu, Zhenghua and Bogacz, Rafal and Lukasiewicz, Thomas},
    booktitle = NeurIPS,
    pages     = {3874--3886},
    title     = {Associative Memories via Predictive Coding},
    year      = {2021}
}

@article{seidl2022improving,
    title     = {Improving Few-and Zero-Shot Reaction Template Prediction Using Modern Hopfield Networks},
    author    = {Seidl, Philipp and Renz, Philipp and Dyubankova, Natalia and Neves, Paulo and Verhoeven, Jonas and Wegner, Jörg K and Segler, Marwin and Hochreiter, Sepp and Klambauer, Günter},
    journal   = {Journal of Chemical Information and Modeling},
    year      = {2022},
    publisher = {ACS Publications}
}

@article{millidge2022universal,
    title   = {Universal Hopfield Networks: A General Framework for Single-Shot Associative Memory Models},
    author  = {Millidge, Beren and Salvatori, Tommaso and Song, Yuhang and Lukasiewicz, Thomas and Bogacz, Rafal},
    journal = {arXiv preprint arXiv:2202.04557},
    year    = {2022}
}


% ---------- Recent Hopfield-type models ----------
@inproceedings{NEURIPS2021_bacadc62,
    author    = {Tyulmankov, Danil and Fang, Ching and Vadaparty, Annapurna and Yang, Guangyu Robert},
    booktitle = {Advances in Neural Information Processing Systems},
    editor    = {M. Ranzato and A. Beygelzimer and Y. Dauphin and P.S. Liang and J. Wortman Vaughan},
    pages     = {22247--22258},
    publisher = {Curran Associates, Inc.},
    title     = {Biological learning in key-value memory networks},
    volume    = {34},
    year      = {2021}
}

@inproceedings{smart2020mapping,
    title     = {On the mapping between Hopfield networks and Restricted Boltzmann Machines},
    author    = {Smart, Matthew and Zilman, Anton},
    booktitle = {International Conference on Learning Representations},
    year      = {2020}
}

@article{tang2021remark,
    title   = {A remark on a paper of Krotov and Hopfield [arXiv: 2008.06996]},
    author  = {Tang, Fei and Kopp, Michael},
    journal = {arXiv preprint arXiv:2105.15034},
    year    = {2021}
}

@article{krotov2021hierarchical,
    title   = {Hierarchical Associative Memory},
    author  = {Krotov, Dmitry},
    journal = {arXiv preprint arXiv:2107.06446},
    year    = {2021}
}

% ---------- Biological memory models ----------
@article{10.3389/fnbeh.2020.632019,
    author  = {Miry, Omid and Li, Jie and Chen, Lu},
    title   = {The Quest for the Hippocampal Memory Engram: From Theories to Experimental Evidence},
    journal = {Frontiers in Behavioral Neuroscience},
    volume  = {14},
    year    = {2021},
}

@article{doi:10.1126/science.aaw4325,
    author  = {Sheena A. Josselyn  and Susumu Tonegawa },
    title   = {Memory engrams: Recalling the past and imagining the future},
    journal = {Science},
    volume  = {367},
    number  = {6473},
    pages   = {eaaw4325},
    year    = {2020},
}

@article{Poo2016,
    author  = {Mm Poo and Michele Pignatelli and Tomás J. Ryan and Susumu Tonegawa and Tobias Bonhoeffer and Kelsey C. Martin and Andrii Rudenko and Li-Huei Tsai and Richard W. Tsien and Gord Fishell and Caitlin Mullins and J. Tiago Gonçalves and Matthew Shtrahman and Stephen T. Johnston and Fred H. Gage and Yang Dan and John Long and György Buzsáki and Charles Stevens },
    title   = {What is memory? The present state of the engram},
    journal = {BMC Biol},
    volume  = {14},
    number  = {40},
    year    = {2016},
}

@article{wu2018learning,
    title   = {Learning attractor dynamics for generative memory},
    author  = {Wu, Yan and Wayne, Gregory and Gregor, Karol and Lillicrap, Timothy},
    journal = {Advances in Neural Information Processing Systems},
    volume  = {31},
    year    = {2018}
}

@article{PEREIRA2018227,
    title    = {Attractor Dynamics in Networks with Learning Rules Inferred from In Vivo Data},
    journal  = {Neuron},
    volume   = {99},
    number   = {1},
    pages    = {227-238.e4},
    year     = {2018},
    author   = {Ulises Pereira and Nicolas Brunel},
    keywords = {learning, memory, attractor dynamics, synaptic plasticity, inferior temporal cortex, network model, chaotic dynamics}
}

@article{Seeholzer2019,
    author  = {Alexander Seeholzer and Moritz Deger and Wulfram Gerstner},
    title   = {Stability of working memory in continuous attractor networks under the control of short-term plasticity},
    journal = {PLoS Comput Biol},
    volume  = {15},
    number  = {4},
    year    = {2019},
}

@article{Spalla2021,
    author  = {Davide Spalla and Isabel Maria Cornacchia and Alessandro Treves},
    title   = {Continuous attractors for dynamic memories},
    journal = {Elife},
    year    = {2021},
}

@article{Sabandal2021,
    author  = {John Martin Sabandal and Jacob A. Berry and Ronald L. Davis},
    title   = {Dopamine-based mechanism for transient forgetting},
    journal = {Nature},
    volume  = {591},
    number  = {7850},
    pages   = {426-430},
    year    = {2021},
}

@article{Hirashima2012,
    author  = {Masaya Hirashima and Daichi Nozaki},
    title   = {Learning with slight forgetting optimizes sensorimotor transformation in redundant motor systems},
    journal = {PLoS Comput Biol},
    volume  = {8},
    number  = {6},
    year    = {2012},
}


% ---------- Classic memory models in machine learning ----------
@article{graves2014neural,
    title   = {Neural turing machines},
    author  = {Graves, Alex and Wayne, Greg and Danihelka, Ivo},
    journal = {arXiv preprint arXiv:1410.5401},
    year    = {2014}
}

% ---------- Transformers ----------


% ViT
@InProceedings{DosovitskiyICLR2021,
    author = {Dosovitskiy, A. and Beyer, L. and Kolesnikov, A. and Weissenborn, D. and Zhai, X. and Unterthiner, T. and Dehghani, M. and Minderer, M. and Heigold, G. and Gelly, S. and Uszkoreit, J. and Houlsby, N.},
    title = {{An Image is Worth 16x16 Words: Transformers for Image Recognition at Scale}},
    booktitle = {International Conference on Learning Representation (ICLR)},
    year = {2021}
}

% DeiT
@InProceedings{TouvronICML2021,
    author = {Touvron, H. and Cord, M. and Douze, M. and Massa, F. and Sablayrolles, A. and Jégou, H.},
    title = {{Training data-efficient image transformers \& distillation through attention}},
    booktitle = {International Conference on Machine Learning (ICML)},
    year = {2021}
}

% timm
@misc{rw2019timm,
  author = {Ross Wightman},
  title = {PyTorch Image Models},
  year = {2019},
  publisher = {GitHub},
  journal = {GitHub repository},
  howpublished = {\url{https://github.com/rwightman/pytorch-image-models}}
}

% cmv
@article{emerson2017,
  title={Immunosequencing identifies signatures of cytomegalovirus exposure history and {HLA-mediated} effects on the {T} cell repertoire},
  author={Emerson, Ryan O and DeWitt, William S and Vignali, Marissa and Gravley, Jenna and Hu, Joyce K and Osborne, Edward J and Desmarais, Cindy and Klinger, Mark and Carlson, Christopher S and Hansen, John A and others},
  journal={Nature Genetics},
  volume={49},
  number={5},
  pages={659},
  year={2017},
  publisher={Nature Publishing Group}
}


@InProceedings{Krizhevsky2009,
author = {Alex Krizhevsky},
title = {Learning multiple layers of features from tiny images},
booktitle = {Technical report, CIFAR},
year = {2009}
}

% Adam
@InProceedings{kingma2015adam,
author = {Kingma, Diederick P and Ba, Jimmy},
title = {Adam: A method for stochastic optimization},
booktitle = {International Conference on Learning Representations (ICLR) },
year = {2015}
}

% AdamW
@inproceedings{
loshchilov2018decoupled,
title={Decoupled Weight Decay Regularization},
author={Ilya Loshchilov and Frank Hutter},
booktitle={International Conference on Learning Representations},
year={2019},
}






@inproceedings{NIPS2016_eaae339c,
    author    = {Krotov, Dmitry and Hopfield, John J.},
    booktitle = {Advances in Neural Information Processing Systems},
    editor    = {D. Lee and M. Sugiyama and U. Luxburg and I. Guyon and R. Garnett},
    pages     = {},
    publisher = {Curran Associates, Inc.},
    title     = {Dense Associative Memory for Pattern Recognition},
    volume    = {29},
    year      = {2016}
}


% ---------- Recent Hopfield-type models ----------
@inproceedings{NEURIPS2021_bacadc62,
    author    = {Tyulmankov, Danil and Fang, Ching and Vadaparty, Annapurna and Yang, Guangyu Robert},
    booktitle = {Advances in Neural Information Processing Systems},
    editor    = {M. Ranzato and A. Beygelzimer and Y. Dauphin and P.S. Liang and J. Wortman Vaughan},
    pages     = {22247--22258},
    publisher = {Curran Associates, Inc.},
    title     = {Biological learning in key-value memory networks},
    volume    = {34},
    year      = {2021}
}

@inproceedings{smart2020mapping,
    title     = {On the mapping between Hopfield networks and Restricted Boltzmann Machines},
    author    = {Smart, Matthew and Zilman, Anton},
    booktitle = {International Conference on Learning Representations},
    year      = {2020}
}

@article{tang2021remark,
    title   = {A remark on a paper of Krotov and Hopfield [arXiv: 2008.06996]},
    author  = {Tang, Fei and Kopp, Michael},
    journal = {arXiv preprint arXiv:2105.15034},
    year    = {2021}
}

@article{krotov2021hierarchical,
    title   = {Hierarchical Associative Memory},
    author  = {Krotov, Dmitry},
    journal = {arXiv preprint arXiv:2107.06446},
    year    = {2021}
}

% ---------- Biological memory models ----------
@article{10.3389/fnbeh.2020.632019,
    author  = {Miry, Omid and Li, Jie and Chen, Lu},
    title   = {The Quest for the Hippocampal Memory Engram: From Theories to Experimental Evidence},
    journal = {Frontiers in Behavioral Neuroscience},
    volume  = {14},
    year    = {2021},
}

@article{doi:10.1126/science.aaw4325,
    author  = {Sheena A. Josselyn  and Susumu Tonegawa },
    title   = {Memory engrams: Recalling the past and imagining the future},
    journal = {Science},
    volume  = {367},
    number  = {6473},
    pages   = {eaaw4325},
    year    = {2020},
}

@article{Poo2016,
    author  = {Mm Poo and Michele Pignatelli and Tomás J. Ryan and Susumu Tonegawa and Tobias Bonhoeffer and Kelsey C. Martin and Andrii Rudenko and Li-Huei Tsai and Richard W. Tsien and Gord Fishell and Caitlin Mullins and J. Tiago Gonçalves and Matthew Shtrahman and Stephen T. Johnston and Fred H. Gage and Yang Dan and John Long and György Buzsáki and Charles Stevens },
    title   = {What is memory? The present state of the engram},
    journal = {BMC Biol},
    volume  = {14},
    number  = {40},
    year    = {2016},
}

@article{wu2018learning,
    title   = {Learning attractor dynamics for generative memory},
    author  = {Wu, Yan and Wayne, Gregory and Gregor, Karol and Lillicrap, Timothy},
    journal = {Advances in Neural Information Processing Systems},
    volume  = {31},
    year    = {2018}
}

@article{PEREIRA2018227,
    title    = {Attractor Dynamics in Networks with Learning Rules Inferred from In Vivo Data},
    journal  = {Neuron},
    volume   = {99},
    number   = {1},
    pages    = {227-238.e4},
    year     = {2018},
    author   = {Ulises Pereira and Nicolas Brunel},
    keywords = {learning, memory, attractor dynamics, synaptic plasticity, inferior temporal cortex, network model, chaotic dynamics}
}

@article{Seeholzer2019,
    author  = {Alexander Seeholzer and Moritz Deger and Wulfram Gerstner},
    title   = {Stability of working memory in continuous attractor networks under the control of short-term plasticity},
    journal = {PLoS Comput Biol},
    volume  = {15},
    number  = {4},
    year    = {2019},
}

@article{Spalla2021,
    author  = {Davide Spalla and Isabel Maria Cornacchia and Alessandro Treves},
    title   = {Continuous attractors for dynamic memories},
    journal = {Elife},
    year    = {2021},
}

@article{Sabandal2021,
    author  = {John Martin Sabandal and Jacob A. Berry and Ronald L. Davis},
    title   = {Dopamine-based mechanism for transient forgetting},
    journal = {Nature},
    volume  = {591},
    number  = {7850},
    pages   = {426-430},
    year    = {2021},
}

@article{Hirashima2012,
    author  = {Masaya Hirashima and Daichi Nozaki},
    title   = {Learning with slight forgetting optimizes sensorimotor transformation in redundant motor systems},
    journal = {PLoS Comput Biol},
    volume  = {8},
    number  = {6},
    year    = {2012},
}


% ---------- Classic memory models in machine learning ----------
@article{graves2014neural,
    title   = {Neural turing machines},
    author  = {Graves, Alex and Wayne, Greg and Danihelka, Ivo},
    journal = {arXiv preprint arXiv:1410.5401},
    year    = {2014}
}

@article{lstm,
    author  = {Hochreiter, Sepp and Schmidhuber, Jürgen},
    title   = {{Long Short-Term Memory}},
    journal = {Neural Computation},
    volume  = {9},
    number  = {8},
    pages   = {1735-1780},
    year    = {1997},
    month   = {11}
}


% ---------- Transformers ----------
@inproceedings{NIPS2017_3f5ee243,
    author    = {Vaswani, Ashish and Shazeer, Noam and Parmar, Niki and Uszkoreit, Jakob and Jones, Llion and Gomez, Aidan N and Kaiser, \L ukasz and Polosukhin, Illia},
    booktitle = {Advances in Neural Information Processing Systems},
    editor    = {I. Guyon and U. Von Luxburg and S. Bengio and H. Wallach and R. Fergus and S. Vishwanathan and R. Garnett},
    pages     = {},
    publisher = {Curran Associates, Inc.},
    title     = {Attention is All you Need},
    volume    = {30},
    year      = {2017}
}


% ViT
@InProceedings{DosovitskiyICLR2021,
    author = {Dosovitskiy, A. and Beyer, L. and Kolesnikov, A. and Weissenborn, D. and Zhai, X. and Unterthiner, T. and Dehghani, M. and Minderer, M. and Heigold, G. and Gelly, S. and Uszkoreit, J. and Houlsby, N.},
    title = {{An Image is Worth 16x16 Words: Transformers for Image Recognition at Scale}},
    booktitle = {International Conference on Learning Representation (ICLR)},
    year = {2021}
}

% DeiT
@InProceedings{TouvronICML2021,
    author = {Touvron, H. and Cord, M. and Douze, M. and Massa, F. and Sablayrolles, A. and Jégou, H.},
    title = {{Training data-efficient image transformers \& distillation through attention}},
    booktitle = {International Conference on Machine Learning (ICML)},
    year = {2021}
}

% timm
@misc{rw2019timm,
  author = {Ross Wightman},
  title = {PyTorch Image Models},
  year = {2019},
  publisher = {GitHub},
  journal = {GitHub repository},
  howpublished = {\url{https://github.com/rwightman/pytorch-image-models}}
}

% cmv
@article{emerson2017,
  title={Immunosequencing identifies signatures of cytomegalovirus exposure history and {HLA-mediated} effects on the {T} cell repertoire},
  author={Emerson, Ryan O and DeWitt, William S and Vignali, Marissa and Gravley, Jenna and Hu, Joyce K and Osborne, Edward J and Desmarais, Cindy and Klinger, Mark and Carlson, Christopher S and Hansen, John A and others},
  journal={Nature Genetics},
  volume={49},
  number={5},
  pages={659},
  year={2017},
  publisher={Nature Publishing Group}
}


@InProceedings{Krizhevsky2009,
author = {Alex Krizhevsky},
title = {Learning multiple layers of features from tiny images},
booktitle = {Technical report, CIFAR},
year = {2009}
}

% Adam
@InProceedings{kingma2015adam,
author = {Kingma, Diederick P and Ba, Jimmy},
title = {Adam: A method for stochastic optimization},
booktitle = {International Conference on Learning Representations (ICLR) },
year = {2015}
}

% AdamW
@inproceedings{
loshchilov2018decoupled,
title={Decoupled Weight Decay Regularization},
author={Ilya Loshchilov and Frank Hutter},
booktitle={International Conference on Learning Representations},
year={2019},
}



@inproceedings{netzer2011svhn,
  title={Reading digits in natural images with unsupervised feature learning},
  author={Netzer, Yuval and Wang, Tao and Coates, Adam and Bissacco, Alessandro and Wu, Bo and Ng, Andrew Y},
  booktitle=NeurIPS,
  year={2011}
}

@article{yu2015lsun,
  title={{LSUN}: Construction of a Large-scale Image Dataset using Deep Learning with Humans in the Loop},
  author={Yu, Fisher and Seff, Ari and Zhang, Yinda and Song, Shuran and Funkhouser, Thomas and Xiao, Jianxiong},
  journal={arXiv preprint arXiv:1506.03365},
  year={2015}
}

@techreport{Xu2015iSun,
  author = "Pingmei Xu and Krista A. Ehinger and Yinda Zhang and Adam Finkelstein and Sanjeev R. Kulkarni and Jianxiong Xiao",
  title = "{TurkerGaze}: Crowdsourcing Saliency with Webcam based Eye Tracking",
  institution = "arXiv preprint",
  year = "2015",
  month = apr,
  number = "1504.06755"
}


@inproceedings{van2018inaturalist,
  title={The iNaturalist Species Classification and Detection Dataset},
  author={Van Horn, Grant and Mac Aodha, Oisin and Song, Yang and Cui, Yin and Sun, Chen and Shepard, Alex and Adam, Hartwig and Perona, Pietro and Belongie, Serge},
  booktitle=CVPR,
  pages={8769--8778},
  year={2018}
}

@article{zhou2017places,
  title={Places: A 10 Million Image Database for Scene Recognition},
  author={Zhou, Bolei and Lapedriza, Agata and Khosla, Aditya and Oliva, Aude and Torralba, Antonio},
  journal=TPAMI,
  volume={40},
  number={6},
  pages={1452--1464},
  year={2017}
}

@inproceedings{cimpoi2014DTD,
  title={Describing Textures in the Wild},
  author={Cimpoi, Mircea and Maji, Subhransu and Kokkinos, Iasonas and Mohamed, Sammy and Vedaldi, Andrea},
  booktitle=CVPR,
  pages={3606--3613},
  year={2014}
}

@inproceedings{xiao2010sun,
  title={SUN Database: Large-scale Scene Recognition from Abbey to Zoo},
  author={Xiao, Jianxiong and Hays, James and Ehinger, Krista A and Oliva, Aude and Torralba, Antonio},
  booktitle={2010 IEEE Computer Society Conference on Computer Vision and Pattern Recognition (CVPR)},
  pages={3485--3492},
  year={2010},
  organization={IEEE}
}


@inproceedings{deng2009imagenet,
  title={ImageNet: A large-scale hierarchical image database},
  author={Deng, Jia and Dong, Wei and Socher, Richard and Li, Li-Jia and Li, Kai and Fei-Fei, Li},
  booktitle=CVPR,
  pages={248--255},
  year={2009},
}

@techreport{krizhevsky2009cifar,
  title={Learning Multiple Layers of Features from Tiny Images},
  author={Krizhevsky, Alex and Hinton, Geoffrey and others},
  year={2009},
  institution={University of Toronto},
  type={Technical Report},
  number={TR-2009},
  url={https://www.cs.toronto.edu/~kriz/learning-features-2009-TR.pdf}
}


@inproceedings{hendrycks2017msp,
  title={A baseline for detecting misclassified and out-of-distribution examples in neural networks},
  author={Hendrycks, Dan and Gimpel, Kevin},
  booktitle=ICLR,
  year={2017},
}

@inproceedings{liu2020energy,
  title={Energy-based out-of-distribution detection},
  author={Liu, Weitang and Wang, Xiaoyun and Owens, John and Li, Yixuan},
  booktitle=NeurIPS,
  volume={33},
  pages={21464--21475},
  year={2020}
}

@inproceedings{sun2021react,
  title={React: Out-of-distribution detection with rectified activations},
  author={Sun, Yiyou and Guo, Chuan and Li, Yixuan},
  booktitle=NeurIPS,
  volume={34},
  pages={144--157},
  year={2021}
}


@inproceedings{he2016resnet,
  title={Deep residual learning for image recognition},
  author={He, Kaiming and Zhang, Xiangyu and Ren, Shaoqing and Sun, Jian},
  booktitle=CVPR,
  pages={770--778},
  year={2016}
}

@inproceedings{zagoruyko2016wide,
  title={Wide residual networks},
  author={Zagoruyko, Sergey and Komodakis, Nikos},
  booktitle=BMVC,
  pages={87.1--87.12},
  year={2016},
}


@inproceedings{Hofmann2024boosting,
  title={Energy-based Hopfield Boosting for Out-of-Distribution Detection},
  author={Claus Hofmann and Simon Schmid and Bernhard Lehner and Daniel Klotz and Sepp Hochreiter},
  booktitle={Proc. ICML AMHN Workshop},
  year={2024},
}

@article{Ackley1985boltzmannmachines,
  author    = {David H. Ackley and Geoffrey E. Hinton and Terrence J. Sejnowski},
  title     = {A learning algorithm for Boltzmann machines},
  journal   = {Cognitive Science},
  volume    = {9},
  number    = {1},
  pages     = {147--169},
  year      = {1985}
}


@article{hochreiter1997lstm,
  title={Long Short-Term Memory},
  author={Hochreiter, Sepp and Schmidhuber, J{\"u}rgen},
  journal={Neural Computation},
  volume={9},
  number={8},
  pages={1735--1780},
  year={1997},
  publisher={MIT Press}
}


@inproceedings{shen2023posthoc,
  title={Post-hoc Uncertainty Learning Using a Dirichlet Meta-Model},
  author={Maohao Shen and Yuheng Bu and Prasanna Sattigeri and Soumya Ghosh and Subhro Das and Gregory Wornell},
  booktitle=AAAI,
  pages={9772--9781},
  year={2023},
}

@inproceedings{chen2024tagfog,
  title={TagFog: Textual Anchor Guidance and Fake Outlier Generation for Visual Out-of-Distribution Detection},
  author={Jiankang Chen and Tong Zhang and Wei-Shi Zheng and Ruixuan Wang},
  booktitle=AAAI,
  pages={1100--1109},
  year={2024},
}

@InProceedings{Wang2022vim,
  author    = {Wang, Haoqi and Li, Zhizhong and Feng, Litong and Zhang, Wayne},
  title     = {ViM: Out-of-Distribution With Virtual-Logit Matching},
  booktitle = CVPR,
  year      = {2022},
  pages     = {4921-4930}
}
@inproceedings{liang2018odin,
  title={Enhancing The Reliability of Out-of-distribution Image Detection in Neural Networks},
  author={Liang, Shiyu and Li, Yixuan and Srikant, R.},
  booktitle=ICLR,
  year={2018},
}

@inproceedings{sun2022dice,
  title={DICE: Leveraging Sparsification for Out-of-Distribution Detection},
  author={Sun, Yiyou and Li, Yixuan},
  booktitle=ECCV,
  pages={691--708},
  year={2022}
}

@inproceedings{liu2020biologically,
  title={Biologically Plausible Sequence Learning with Spiking Neural Networks},
  author={Zuozhu Liu and Thiparat Chotibut and Christopher Hillar and Shaowei Lin},
  booktitle=AAAI,
  pages={1316--1323},
  year={2020},
}

@inproceedings{ota2023learning,
  title={Learning with Partial Forgetting in Modern Hopfield Networks},
  author={Toshihiro Ota and Ikuro Sato and Rei Kawakami and Masayuki Tanaka and Nakamasa Inoue},
  booktitle=AISTATS,
  pages={6661--6673},
  year={2023},
}

@inproceedings{lu2024learning,
title={Learning with Mixture of Prototypes for Out-of-Distribution Detection},
author={Haodong Lu and Dong Gong and Shuo Wang and Jason Xue and Lina Yao and Kristen Moore},
booktitle={The Twelfth International Conference on Learning Representations},
year={2024},
url={https://openreview.net/forum?id=uNkKaD3MCs}
}
