@ARTICLE{9980408,
  author={Värtinen, Susanna and Hämäläinen, Perttu and Guckelsberger, Christian},
  journal={IEEE Transactions on Games}, 
  title={Generating Role-Playing Game Quests With GPT Language Models}, 
  year={2024},
  volume={16},
  number={1},
  pages={127-139},
  keywords={Games;Computational modeling;Task analysis;Transformers;Generators;Data models;Artificial intelligence;Artificial intelligence;computational storytelling;games;generative models;procedural content generation;quests},
  doi={10.1109/TG.2022.3228480}}

@Article{Celik2022,
author={Celik, Ismail
and Dindar, Muhterem
and Muukkonen, Hanni
and J{\"a}rvel{\"a}, Sanna},
title={The Promises and Challenges of Artificial Intelligence for Teachers: a Systematic Review of Research},
journal={TechTrends},
year={2022},
month={Jul},
day={01},
volume={66},
number={4},
pages={616-630},
issn={1559-7075},
doi={10.1007/s11528-022-00715-y},
url={https://doi.org/10.1007/s11528-022-00715-y}
}

@Article{Shanahan2023,
author={Shanahan, Murray
and McDonell, Kyle
and Reynolds, Laria},
title={Role play with large language models},
journal={Nature},
year={2023},
month={Nov},
day={01},
volume={623},
number={7987},
pages={493-498},
issn={1476-4687},
doi={10.1038/s41586-023-06647-8},
url={https://doi.org/10.1038/s41586-023-06647-8}
}

@inproceedings{bekele2016multimodal,
  title={Multimodal adaptive social interaction in virtual environment (MASI-VR) for children with Autism spectrum disorders (ASD)},
  author={Bekele, Esubalew and Wade, Joshua and Bian, Dayi and Fan, Jing and Swanson, Amy and Warren, Zachary and Sarkar, Nilanjan},
  booktitle={2016 IEEE virtual reality (VR)},
  pages={121--130},
  year={2016},
  organization={IEEE}
}

@article{bozgeyikli2017survey,
  title={A survey on virtual reality for individuals with autism spectrum disorder: design considerations},
  author={Bozgeyikli, Lal and Raij, Andrew and Katkoori, Srinivas and Alqasemi, Redwan},
  journal={IEEE Transactions on Learning Technologies},
  volume={11},
  number={2},
  pages={133--151},
  year={2017},
  publisher={IEEE}
}

@misc{brown2020language,
      title={Language Models are Few-Shot Learners}, 
      author={Tom B. Brown and Benjamin Mann and Nick Ryder and Melanie Subbiah and Jared Kaplan and Prafulla Dhariwal and Arvind Neelakantan and Pranav Shyam and Girish Sastry and Amanda Askell and Sandhini Agarwal and Ariel Herbert-Voss and Gretchen Krueger and Tom Henighan and Rewon Child and Aditya Ramesh and Daniel M. Ziegler and Jeffrey Wu and Clemens Winter and Christopher Hesse and Mark Chen and Eric Sigler and Mateusz Litwin and Scott Gray and Benjamin Chess and Jack Clark and Christopher Berner and Sam McCandlish and Alec Radford and Ilya Sutskever and Dario Amodei},
      year={2020},
      eprint={2005.14165},
      archivePrefix={arXiv},
      primaryClass={cs.CL}
}

@book{burdea2003virtual,
  title={Virtual reality technology},
  author={Burdea, Grigore C and Coiffet, Philippe},
  year={2003},
  publisher={John Wiley \& Sons}
}

@article{carter2005social,
  title={Social development in autism},
  author={Carter, Alice S and Davis, Naomi Ornstein and Klin, Ami and Volkmar, Fred R},
  journal={Handbook of autism and pervasive developmental disorders},
  volume={1},
  pages={312--334},
  year={2005},
  publisher={Wiley Online Library}
}

@article{cheng2015using,
  title={Using a 3D immersive virtual environment system to enhance social understanding and social skills for children with autism spectrum disorders},
  author={Cheng, Yufang and Huang, Cheng-Li and Yang, Chung-Sung},
  journal={Focus on Autism and Other Developmental Disabilities},
  volume={30},
  number={4},
  pages={222--236},
  year={2015},
  publisher={Sage Publications Sage CA: Los Angeles, CA}
}

@article{cho2023evaluating,
  title={Evaluating the efficacy of interactive language therapy based on llm for high-functioning autistic adolescent psychological counseling},
  author={Cho, Yujin and Kim, Mingeon and Kim, Seojin and Kwon, Oyun and Kwon, Ryan Donghan and Lee, Yoonha and Lim, Dohyun},
  journal={arXiv preprint arXiv:2311.09243},
  year={2023}
}

@article{frith1994autism,
  title={Autism and theory of mind in everyday life},
  author={Frith, Uta},
  journal={Social development},
  volume={3},
  number={2},
  pages={108--124},
  year={1994},
  publisher={Wiley Online Library}
}

@misc{gao2023s3,
      title={S3: Social-network Simulation System with Large Language Model-Empowered Agents}, 
      author={Chen Gao and Xiaochong Lan and Zhihong Lu and Jinzhu Mao and Jinghua Piao and Huandong Wang and Depeng Jin and Yong Li},
      year={2023},
      eprint={2307.14984},
      archivePrefix={arXiv},
      primaryClass={cs.SI}
}

@article{gibson1977theory,
  title={The theory of affordances},
  author={Gibson, James J},
  journal={Hilldale, USA},
  volume={1},
  number={2},
  pages={67--82},
  year={1977}
}

@article{halabi2017immersive,
  title={Immersive virtual reality in improving communication skills in children with autism},
  author={Halabi, Osama and Elseoud, Samir A and Alja'am, Jihad M and Alpona, Hena and Al-Hemadi, Moza and Al-Hassan, Dabia},
  year={2017},
  publisher={International Association of Online Engineering}
}

@article{hale2020you,
  title={Are you on my wavelength? Interpersonal coordination in dyadic conversations},
  author={Hale, Joanna and Ward, Jamie A and Buccheri, Francesco and Oliver, Dominic and Hamilton, Antonia F de C},
  journal={Journal of nonverbal behavior},
  volume={44},
  pages={63--83},
  year={2020},
  publisher={Springer}
}

@article{hellendoorn2014understanding,
  title={Understanding social engagement in autism: being different in perceiving and sharing affordances},
  author={Hellendoorn, Annika},
  journal={Frontiers in Psychology},
  volume={5},
  pages={98969},
  year={2014},
  publisher={Frontiers}
}

@article{hobson1989sharing,
  title={On sharing experiences},
  author={Hobson, R Peter},
  journal={Development and psychopathology},
  volume={1},
  number={3},
  pages={197--203},
  year={1989},
  publisher={Cambridge University Press}
}

@article{hobson1990acquiring,
  title={On acquiring knowledge about people and the capacity to pretend: response to Leslie (1987).},
  author={Hobson, R Peter},
  year={1990},
  publisher={American Psychological Association}
}

@article{hobson1991against,
  title={Against the theory of ‘theory of mind’},
  author={Hobson, R Peter},
  journal={British Journal of Developmental Psychology},
  volume={9},
  number={1},
  pages={33--51},
  year={1991},
  publisher={Wiley Online Library}
}

@article{hobson1993emotional,
  title={The emotional origins of social understanding},
  author={Hobson, R Peter},
  journal={Philosophical psychology},
  volume={6},
  number={3},
  pages={227--249},
  year={1993},
  publisher={Taylor \& Francis}
}

@article{kanner1972far,
  title={How far can autistic children go in matters of social adaptation?},
  author={Kanner, Leo and Rodriguez, Alejandro and Ashenden, Barbara},
  journal={Journal of autism and childhood schizophrenia},
  volume={2},
  pages={9--33},
  year={1972},
  publisher={Springer}
}

@misc{li2023metaagents,
      title={MetaAgents: Simulating Interactions of Human Behaviors for LLM-based Task-oriented Coordination via Collaborative Generative Agents}, 
      author={Yuan Li and Yixuan Zhang and Lichao Sun},
      year={2023},
      eprint={2310.06500},
      archivePrefix={arXiv},
      primaryClass={cs.AI}
}

@article{liu2017technology,
  title={Technology-facilitated diagnosis and treatment of individuals with autism spectrum disorder: An engineering perspective},
  author={Liu, Xiongyi and Wu, Qing and Zhao, Wenbing and Luo, Xiong},
  journal={Applied Sciences},
  volume={7},
  number={10},
  pages={1051},
  year={2017},
  publisher={MDPI}
}

@misc{liu2023training,
      title={Training Socially Aligned Language Models on Simulated Social Interactions}, 
      author={Ruibo Liu and Ruixin Yang and Chenyan Jia and Ge Zhang and Denny Zhou and Andrew M. Dai and Diyi Yang and Soroush Vosoughi},
      year={2023},
      eprint={2305.16960},
      archivePrefix={arXiv},
      primaryClass={cs.CL}
}

@inproceedings{lopes2015affordance++,
  title={Affordance++ allowing objects to communicate dynamic use},
  author={Lopes, Pedro and Jonell, Patrik and Baudisch, Patrick},
  booktitle={Proceedings of the 33rd annual acm conference on human factors in computing systems},
  pages={2515--2524},
  year={2015}
}

@article{lorenzo2016design,
  title={Design and application of an immersive virtual reality system to enhance emotional skills for children with autism spectrum disorders},
  author={Lorenzo, Gonzalo and Lled{\'o}, Asunci{\'o}n and Pomares, Jorge and Roig, Rosabel},
  journal={Computers \& Education},
  volume={98},
  pages={192--205},
  year={2016},
  publisher={Elsevier}
}

@article{loveland1991social,
  title={Social affordances and interaction II: Autism and the affordances of the human environment},
  author={Loveland, Katherine A},
  journal={Ecological psychology},
  volume={3},
  number={2},
  pages={99--119},
  year={1991},
  publisher={Taylor \& Francis}
}

@inproceedings{matsentidou2014immersive,
  title={Immersive visualizations in a VR cave environment for the training and enhancement of social skills for children with autism},
  author={Matsentidou, Skevi and Poullis, Charalambos},
  booktitle={2014 international conference on computer vision theory and applications (VISAPP)},
  volume={3},
  pages={230--236},
  year={2014},
  organization={IEEE}
}

@book{norman1988psychology,
  title={The psychology of everyday things.},
  author={Norman, Donald A},
  year={1988},
  publisher={Basic books}
}

@book{norman2013design,
  title={The design of everyday things: Revised and expanded edition},
  author={Norman, Don},
  year={2013},
  publisher={Basic books}
}

@article{osiurak2017affordance,
  title={What is an affordance? 40 years later},
  author={Osiurak, Fran{\c{c}}ois and Rossetti, Yves and Badets, Arnaud},
  journal={Neuroscience \& Biobehavioral Reviews},
  volume={77},
  pages={403--417},
  year={2017},
  publisher={Elsevier}
}

@inproceedings{park2023generative,
  title={Generative agents: Interactive simulacra of human behavior},
  author={Park, Joon Sung and O'Brien, Joseph and Cai, Carrie Jun and Morris, Meredith Ringel and Liang, Percy and Bernstein, Michael S},
  booktitle={Proceedings of the 36th annual acm symposium on user interface software and technology},
  pages={1--22},
  year={2023}
}

@article{ramstead2016cultural,
  title={Cultural affordances: Scaffolding local worlds through shared intentionality and regimes of attention},
  author={Ramstead, Maxwell JD and Veissi{\`e}re, Samuel PL and Kirmayer, Laurence J},
  journal={Frontiers in psychology},
  volume={7},
  pages={206814},
  year={2016},
  publisher={Frontiers}
}

@incollection{schmidt2008dynamics,
  title={Dynamics of interpersonal coordination},
  author={Schmidt, Richard C and Richardson, Michael J},
  booktitle={Coordination: Neural, behavioral and social dynamics},
  pages={281--308},
  year={2008},
  publisher={Springer}
}

@article{schreibman1973overselective,
  title={Overselective response to social stimuli by autistic children},
  author={Schreibman, Laura and Lovaas, O Ivar},
  journal={Journal of Abnormal Child Psychology},
  volume={1},
  number={2},
  pages={152--168},
  year={1973},
  publisher={Springer}
}

@misc{shen2023hugginggpt,
      title={HuggingGPT: Solving AI Tasks with ChatGPT and its Friends in Hugging Face}, 
      author={Yongliang Shen and Kaitao Song and Xu Tan and Dongsheng Li and Weiming Lu and Yueting Zhuang},
      year={2023},
      eprint={2303.17580},
      archivePrefix={arXiv},
      primaryClass={cs.CL}
}

@article{soltiyeva2023my,
  title={My Lovely Granny’s Farm: An immersive virtual reality training system for children with autism spectrum disorder},
  author={Soltiyeva, Aiganym and Oliveira, Wilk and Madina, Alimanova and Adilkhan, Shyngys and Urmanov, Marat and Hamari, Juho},
  journal={Education and Information Technologies},
  volume={28},
  number={12},
  pages={16887--16907},
  year={2023},
  publisher={Springer}
}

@misc{susnjak2022chatgpt,
      title={ChatGPT: The End of Online Exam Integrity?}, 
      author={Teo Susnjak},
      year={2022},
      eprint={2212.09292},
      archivePrefix={arXiv},
      primaryClass={cs.AI}
}

@inproceedings{tzanavari2015effectiveness,
  title={Effectiveness of an Immersive Virtual Environment (CAVE) for teaching pedestrian crossing to children with PDD-NOS},
  author={Tzanavari, Aimilia and Charalambous-Darden, Nefi and Herakleous, Kyriakos and Poullis, Charalambos},
  booktitle={2015 IEEE 15th international conference on advanced learning technologies},
  pages={423--427},
  year={2015},
  organization={IEEE}
}

@misc{yang2023autogpt,
      title={Auto-GPT for Online Decision Making: Benchmarks and Additional Opinions}, 
      author={Hui Yang and Sifu Yue and Yunzhong He},
      year={2023},
      eprint={2306.02224},
      archivePrefix={arXiv},
      primaryClass={cs.AI}
}

