@inproceedings{langley00,
 author    = {P. Langley},
 title     = {Crafting Papers on Machine Learning},
 year      = {2000},
 pages     = {1207--1216},
 editor    = {Pat Langley},
 booktitle     = {Proceedings of the 17th International Conference
              on Machine Learning (ICML 2000)},
 address   = {Stanford, CA},
 publisher = {Morgan Kaufmann}
}

@TechReport{mitchell80,
  author = 	 "T. M. Mitchell",
  title = 	 "The Need for Biases in Learning Generalizations",
  institution =  "Computer Science Department, Rutgers University",
  year = 	 "1980",
  address =	 "New Brunswick, MA",
}

@phdthesis{kearns89,
  author = {M. J. Kearns},
  title =  {Computational Complexity of Machine Learning},
  school = {Department of Computer Science, Harvard University},
  year =   {1989}
}

@Book{MachineLearningI,
  editor = 	 "R. S. Michalski and J. G. Carbonell and T.
		  M. Mitchell",
  title = 	 "Machine Learning: An Artificial Intelligence
		  Approach, Vol. I",
  publisher = 	 "Tioga",
  year = 	 "1983",
  address =	 "Palo Alto, CA"
}

@Book{DudaHart2nd,
  author =       "R. O. Duda and P. E. Hart and D. G. Stork",
  title =        "Pattern Classification",
  publisher =    "John Wiley and Sons",
  edition =      "2nd",
  year =         "2000"
}

@misc{anonymous,
  title= {Suppressed for Anonymity},
  author= {Author, N. N.},
  year= {2021}
}

@InCollection{Newell81,
  author =       "A. Newell and P. S. Rosenbloom",
  title =        "Mechanisms of Skill Acquisition and the Law of
                  Practice", 
  booktitle =    "Cognitive Skills and Their Acquisition",
  pages =        "1--51",
  publisher =    "Lawrence Erlbaum Associates, Inc.",
  year =         "1981",
  editor =       "J. R. Anderson",
  chapter =      "1",
  address =      "Hillsdale, NJ"
}


@Article{Samuel59,
  author = 	 "A. L. Samuel",
  title = 	 "Some Studies in Machine Learning Using the Game of
		  Checkers",
  journal =	 "IBM Journal of Research and Development",
  year =	 "1959",
  volume =	 "3",
  number =	 "3",
  pages =	 "211--229"
}


@article{zrnic2024cross,
  title={Cross-prediction-powered inference},
  author={Zrnic, Tijana and Cand{\`e}s, Emmanuel J},
  journal={Proceedings of the National Academy of Sciences},
  volume={121},
  number={15},
  pages={e2322083121},
  year={2024},
  publisher={National Acad Sciences}
}

@article{pacchiano2024second,
  title={Second Order Bounds for Contextual Bandits with Function Approximation},
  author={Pacchiano, Aldo},
  journal={arXiv preprint arXiv:2409.16197},
  year={2024}
}

@article{lai85asymptotically,
  author = "T. Lai and H. Robbins",
  title = "Asymptotically Efficient Adaptive Allocation Rules",
  journal = "Advances in Applied Mathematics",
  volume = "6",
  number = "1",
  pages = "4-22",
  year = "1985"
}

@article{angelopoulos2023prediction,
  title={Prediction-powered inference},
  author={Angelopoulos, Anastasios N and Bates, Stephen and Fannjiang, Clara and Jordan, Michael I and Zrnic, Tijana},
  journal={Science},
  volume={382},
  number={6671},
  pages={669--674},
  year={2023},
  publisher={American Association for the Advancement of Science}
}

@article{kandasamy2016multi,
  title={The multi-fidelity multi-armed bandit},
  author={Kandasamy, Kirthevasan and Dasarathy, Gautam and Poczos, Barnabas and Schneider, Jeff},
  journal={Advances in neural information processing systems},
  volume={29},
  year={2016}
}

@article{wang2024central,
  title={The Central Role of the Loss Function in Reinforcement Learning},
  author={Wang, Kaiwen and Kallus, Nathan and Sun, Wen},
  journal={arXiv preprint arXiv:2409.12799},
  year={2024}
}

@article{kandasamy2016gaussian,
  title={Gaussian process bandit optimisation with multi-fidelity evaluations},
  author={Kandasamy, Kirthevasan and Dasarathy, Gautam and Oliva, Junier B and Schneider, Jeff and P{\'o}czos, Barnab{\'a}s},
  journal={Advances in neural information processing systems},
  volume={29},
  year={2016}
}

@inproceedings{dani2008stochastic,
  title={Stochastic Linear Optimization under Bandit Feedback.},
  author={Dani, Varsha and Hayes, Thomas P and Kakade, Sham M},
  booktitle={COLT},
  volume={2},
  pages={3},
  year={2008}
}

@article{bubeck2012regret,
  title={Regret analysis of stochastic and nonstochastic multi-armed bandit problems},
  author={Bubeck, S{\'e}bastien and Cesa-Bianchi, Nicolo and others},
  journal={Foundations and Trends{\textregistered} in Machine Learning},
  volume={5},
  number={1},
  pages={1--122},
  year={2012},
  publisher={Now Publishers, Inc.}
}

@article{auer2002nonstochastic,
  title={The nonstochastic multiarmed bandit problem},
  author={Auer, Peter and Cesa-Bianchi, Nicolo and Freund, Yoav and Schapire, Robert E},
  journal={SIAM journal on computing},
  volume={32},
  number={1},
  pages={48--77},
  year={2002},
  publisher={SIAM}
}




@inproceedings{erraqabi2016rewards,
  title={Rewards and errors in multi-arm bandits for interactive education},
  author={Erraqabi, Akram and Lazaric, Alessandro and Valko, Michal and Brunskill, Emma and Liu, Yun-En},
  booktitle={Challenges in Machine Learning: Gaming and Education workshop at Neural Information Processing Systems},
  year={2016}
}
@article{thompson1933likelihood,
  title={On the likelihood that one unknown probability exceeds another in view of the evidence of two samples},
  author={Thompson, William R},
  journal={Biometrika},
  volume={25},
  number={3-4},
  pages={285--294},
  year={1933},
  publisher={Oxford University Press}
}

@article{auer2002using,
  title={Using confidence bounds for exploitation-exploration trade-offs},
  author={Auer, Peter},
  journal={Journal of Machine Learning Research},
  volume={3},
  number={Nov},
  pages={397--422},
  year={2002}
}


@article{auer02finitetime,
  author = "P. Auer and N. Cesa-Bianchi and P. Fischer",
  title = "Finite-time Analysis of the Multiarmed Bandit Problem",
  journal = "Machine Learning",
  volume = "47",
  pages = "235-256",
  year = "2002"
}



@article{rusmevichientong2010linearly,
  title={Linearly parameterized bandits},
  author={Rusmevichientong, Paat and Tsitsiklis, John N},
  journal={Mathematics of Operations Research},
  volume={35},
  number={2},
  pages={395--411},
  year={2010},
  publisher={INFORMS}
}

@article{robbins1952some,
  title={Some aspects of the sequential design of experiments},
  author={Robbins, Herbert},
  year={1952}
}

@book{vovk2005algorithmic,
  title={Algorithmic learning in a random world},
  author={Vovk, Vladimir and Gammerman, Alexander and Shafer, Glenn},
  volume={29},
  year={2005},
  publisher={Springer}
}

@article{romano2019conformalized,
  title={Conformalized quantile regression},
  author={Romano, Yaniv and Patterson, Evan and Candes, Emmanuel},
  journal={Advances in neural information processing systems},
  volume={32},
  year={2019}
}

@article{angelopoulos2023conformal,
  title={Conformal prediction: A gentle introduction},
  author={Angelopoulos, Anastasios N and Bates, Stephen and others},
  journal={Foundations and Trends{\textregistered} in Machine Learning},
  volume={16},
  number={4},
  pages={494--591},
  year={2023},
  publisher={Now Publishers, Inc.}
}

@article{ravuri2021skilful,
  title={Skilful precipitation nowcasting using deep generative models of radar},
  author={Ravuri, Suman and Lenc, Karel and Willson, Matthew and Kangin, Dmitry and Lam, Remi and Mirowski, Piotr and Fitzsimons, Megan and Athanassiadou, Maria and Kashem, Sheleem and Madge, Sam and others},
  journal={Nature},
  volume={597},
  number={7878},
  pages={672--677},
  year={2021},
  publisher={Nature Publishing Group}
}

@article{shi2017deep,
  title={Deep learning for precipitation nowcasting: A benchmark and a new model},
  author={Shi, Xingjian and Gao, Zhihan and Lausen, Leonard and Wang, Hao and Yeung, Dit-Yan and Wong, Wai-kin and Woo, Wang-chun},
  journal={Advances in neural information processing systems},
  volume={30},
  year={2017}
}

@article{wang2015forecasting,
  title={Forecasting elections with non-representative polls},
  author={Wang, Wei and Rothschild, David and Goel, Sharad and Gelman, Andrew},
  journal={International Journal of Forecasting},
  volume={31},
  number={3},
  pages={980--991},
  year={2015},
  publisher={Elsevier}
}

@inproceedings{tumasjan2010predicting,
  title={Predicting elections with twitter: What 140 characters reveal about political sentiment},
  author={Tumasjan, Andranik and Sprenger, Timm and Sandner, Philipp and Welpe, Isabell},
  booktitle={Proceedings of the international AAAI conference on web and social media},
  volume={4},
  number={1},
  pages={178--185},
  year={2010}
}

@article{thirunavukarasu2023large,
  title={Large language models in medicine},
  author={Thirunavukarasu, Arun James and Ting, Darren Shu Jeng and Elangovan, Kabilan and Gutierrez, Laura and Tan, Ting Fang and Ting, Daniel Shu Wei},
  journal={Nature medicine},
  volume={29},
  number={8},
  pages={1930--1940},
  year={2023},
  publisher={Nature Publishing Group US New York}
}
@article{lu2021ai,
  title={AI-based pathology predicts origins for cancers of unknown primary},
  author={Lu, Ming Y and Chen, Tiffany Y and Williamson, Drew FK and Zhao, Melissa and Shady, Maha and Lipkova, Jana and Mahmood, Faisal},
  journal={Nature},
  volume={594},
  number={7861},
  pages={106--110},
  year={2021},
  publisher={Nature Publishing Group UK London}
}
@article{yang2022artificial,
  title={Artificial intelligence-enabled detection and assessment of Parkinsonâ€™s disease using nocturnal breathing signals},
  author={Yang, Yuzhe and Yuan, Yuan and Zhang, Guo and Wang, Hao and Chen, Ying-Cong and Liu, Yingcheng and Tarolli, Christopher G and Crepeau, Daniel and Bukartyk, Jan and Junna, Mithri R and others},
  journal={Nature medicine},
  volume={28},
  number={10},
  pages={2207--2215},
  year={2022},
  publisher={Nature Publishing Group}
}

@article{bommasani2021opportunities,
  title={On the opportunities and risks of foundation models},
  author={Bommasani, Rishi and Hudson, Drew A and Adeli, Ehsan and Altman, Russ and Arora, Simran and von Arx, Sydney and Bernstein, Michael S and Bohg, Jeannette and Bosselut, Antoine and Brunskill, Emma and others},
  journal={arXiv preprint arXiv:2108.07258},
  year={2021}
}

@article{wang2023scientific,
  title={Scientific discovery in the age of artificial intelligence},
  author={Wang, Hanchen and Fu, Tianfan and Du, Yuanqi and Gao, Wenhao and Huang, Kexin and Liu, Ziming and Chandak, Payal and Liu, Shengchao and Van Katwyk, Peter and Deac, Andreea and others},
  journal={Nature},
  volume={620},
  number={7972},
  pages={47--60},
  year={2023},
  publisher={Nature Publishing Group UK London}
}


@article{yang2020provable,
  title={Provable Benefits of Representation Learning in Linear Bandits},
  author={Yang, Jiaqi and Hu, Wei and Lee, Jason D and Du, Simon S},
  journal={arXiv preprint arXiv:2010.06531},
  year={2020}
}

@inproceedings{zanette2021exponential,
  title={Exponential lower bounds for batch reinforcement learning: Batch rl can be exponentially harder than online rl},
  author={Zanette, Andrea},
  booktitle={International Conference on Machine Learning},
  pages={12287--12297},
  year={2021},
  organization={PMLR}
}

@article{chen2022statistical,
  title={On the statistical efficiency of reward-free exploration in non-linear rl},
  author={Chen, Jinglin and Modi, Aditya and Krishnamurthy, Akshay and Jiang, Nan and Agarwal, Alekh},
  journal={Advances in Neural Information Processing Systems},
  volume={35},
  pages={20960--20973},
  year={2022}
}

@inproceedings{jin2020reward,
  title={Reward-free exploration for reinforcement learning},
  author={Jin, Chi and Krishnamurthy, Akshay and Simchowitz, Max and Yu, Tiancheng},
  booktitle={International Conference on Machine Learning},
  pages={4870--4879},
  year={2020},
  organization={PMLR}
}

@article{wang2020reward,
  title={On reward-free reinforcement learning with linear function approximation},
  author={Wang, Ruosong and Du, Simon S and Yang, Lin and Salakhutdinov, Russ R},
  journal={Advances in neural information processing systems},
  volume={33},
  pages={17816--17826},
  year={2020}
}


@article{aziz2021multi,
  title={On multi-armed bandit designs for dose-finding trials},
  author={Aziz, Maryam and Kaufmann, Emilie and Riviere, Marie-Karelle},
  journal={Journal of Machine Learning Research},
  volume={22},
  number={14},
  pages={1--38},
  year={2021}
}


@article{villar2015multi,
  title={Multi-armed bandit models for the optimal design of clinical trials: benefits and challenges},
  author={Villar, Sof{\'\i}a S and Bowden, Jack and Wason, James},
  journal={Statistical science: a review journal of the Institute of Mathematical Statistics},
  volume={30},
  number={2},
  pages={199},
  year={2015},
  publisher={Europe PMC Funders}
}


@inproceedings{wan2022safe,
  title={Safe exploration for efficient policy evaluation and comparison},
  author={Wan, Runzhe and Kveton, Branislav and Song, Rui},
  booktitle={International Conference on Machine Learning},
  pages={22491--22511},
  year={2022},
  organization={PMLR}
}

@inproceedings{zhu2022safe,
  title={Safe optimal design with applications in off-policy learning},
  author={Zhu, Ruihao and Kveton, Branislav},
  booktitle={International Conference on Artificial Intelligence and Statistics},
  pages={2436--2447},
  year={2022},
  organization={PMLR}
}

@inproceedings{ruan2021linear,
  title={Linear bandits with limited adaptivity and learning distributional optimal design},
  author={Ruan, Yufei and Yang, Jiaqi and Zhou, Yuan},
  booktitle={Proceedings of the 53rd Annual ACM SIGACT Symposium on Theory of Computing},
  pages={74--87},
  year={2021}
}


@article{kiefer1960equivalence,
  title={The equivalence of two extremum problems},
  author={Kiefer, Jack and Wolfowitz, Jacob},
  journal={Canadian Journal of Mathematics},
  volume={12},
  pages={363--366},
  year={1960},
  publisher={Cambridge University Press}
}

@inproceedings{lattimore2020learning,
  title={Learning with good feature representations in bandits and in rl with a generative model},
  author={Lattimore, Tor and Szepesvari, Csaba and Weisz, Gellert},
  booktitle={International Conference on Machine Learning},
  pages={5662--5670},
  year={2020},
  organization={PMLR}
}

@inproceedings{esfandiari2021regret,
  title={Regret bounds for batched bandits},
  author={Esfandiari, Hossein and Karbasi, Amin and Mehrabian, Abbas and Mirrokni, Vahab},
  booktitle={Proceedings of the AAAI Conference on Artificial Intelligence},
  volume={35},
  number={8},
  pages={7340--7348},
  year={2021}
}
@inproceedings{degenne2020gamification,
  title={Gamification of pure exploration for linear bandits},
  author={Degenne, R{\'e}my and M{\'e}nard, Pierre and Shang, Xuedong and Valko, Michal},
  booktitle={International Conference on Machine Learning},
  pages={2432--2442},
  year={2020},
  organization={PMLR}
}

@article{fiez2019sequential,
  title={Sequential experimental design for transductive linear bandits},
  author={Fiez, Tanner and Jain, Lalit and Jamieson, Kevin G and Ratliff, Lillian},
  journal={Advances in neural information processing systems},
  volume={32},
  year={2019}
}

@article{jedra2020optimal,
  title={Optimal best-arm identification in linear bandits},
  author={Jedra, Yassir and Proutiere, Alexandre},
  journal={Advances in Neural Information Processing Systems},
  volume={33},
  pages={10007--10017},
  year={2020}
}

@inproceedings{xu2018fully,
  title={A fully adaptive algorithm for pure exploration in linear bandits},
  author={Xu, Liyuan and Honda, Junya and Sugiyama, Masashi},
  booktitle={International Conference on Artificial Intelligence and Statistics},
  pages={843--851},
  year={2018},
  organization={PMLR}
}

@inproceedings{tao2018best,
  title={Best arm identification in linear bandits with linear dimension dependency},
  author={Tao, Chao and Blanco, Sa{\'u}l and Zhou, Yuan},
  booktitle={International Conference on Machine Learning},
  pages={4877--4886},
  year={2018},
  organization={PMLR}
}

@article{soare2014best,
  title={Best-arm identification in linear bandits},
  author={Soare, Marta and Lazaric, Alessandro and Munos, R{\'e}mi},
  journal={Advances in Neural Information Processing Systems},
  volume={27},
  year={2014}
}

@article{bryan2021behavioural,
  title={Behavioural science is unlikely to change the world without a heterogeneity revolution},
  author={Bryan, Christopher J and Tipton, Elizabeth and Yeager, David S},
  journal={Nature human behaviour},
  volume={5},
  number={8},
  pages={980--989},
  year={2021},
  publisher={Nature Publishing Group UK London}
}

@inproceedings{tripa,
 author = {Tripuraneni, Nilesh and Jordan, Michael and Jin, Chi},
 booktitle = {Advances in Neural Information Processing Systems},
 editor = {H. Larochelle and M. Ranzato and R. Hadsell and M. F. Balcan and H. Lin},
 pages = {7852--7862},
 publisher = {Curran Associates, Inc.},
 title = {On the Theory of Transfer Learning: The Importance of Task Diversity},
 url = {https://proceedings.neurips.cc/paper/2020/file/59587bffec1c7846f3e34230141556ae-Paper.pdf},
 volume = {33},
 year = {2020}
}

@article{freedman1975tail,
  title={On tail probabilities for martingales},
  author={Freedman, David A},
  journal={the Annals of Probability},
  pages={100--118},
  year={1975},
  publisher={JSTOR}
}


@article{russo2013eluder,
  title={Eluder dimension and the sample complexity of optimistic exploration},
  author={Russo, Daniel and Van Roy, Benjamin},
  journal={Advances in Neural Information Processing Systems},
  volume={26},
  year={2013}
}

@inproceedings{foster2020beyond,
  title={Beyond ucb: Optimal and efficient contextual bandits with regression oracles},
  author={Foster, Dylan and Rakhlin, Alexander},
  booktitle={International Conference on Machine Learning},
  pages={3199--3210},
  year={2020},
  organization={PMLR}
}

@inproceedings{agrawal2013thompson,
  title={Thompson sampling for contextual bandits with linear payoffs},
  author={Agrawal, Shipra and Goyal, Navin},
  booktitle={International conference on machine learning},
  pages={127--135},
  year={2013},
  organization={PMLR}
}

@inproceedings{abeille2017linear,
  title={Linear thompson sampling revisited},
  author={Abeille, Marc and Lazaric, Alessandro},
  booktitle={Artificial Intelligence and Statistics},
  pages={176--184},
  year={2017},
  organization={PMLR}
}

@inproceedings{tripb,
  author    = {Nilesh Tripuraneni and
               Chi Jin and
               Michael I. Jordan},
  editor    = {Marina Meila and
               Tong Zhang},
  title     = {Provable Meta-Learning of Linear Representations},
  booktitle = {Proceedings of the 38th International Conference on Machine Learning,
               {ICML} 2021, 18-24 July 2021, Virtual Event},
  series    = {Proceedings of Machine Learning Research},
  volume    = {139},
  pages     = {10434--10443},
  publisher = {{PMLR}},
  year      = {2021},
  url       = {http://proceedings.mlr.press/v139/tripuraneni21a.html},
  timestamp = {Wed, 25 Aug 2021 17:11:17 +0200},
  biburl    = {https://dblp.org/rec/conf/icml/TripuraneniJJ21.bib},
  bibsource = {dblp computer science bibliography, https://dblp.org}
}

@inproceedings{moskovitz2022towards,
  title={Towards an Understanding of Default Policies in Multitask Policy Optimization},
  author={Moskovitz, Ted and Arbel, Michael and Parker-Holder, Jack and Pacchiano, Aldo},
  booktitle={International Conference on Artificial Intelligence and Statistics},
  pages={10661--10686},
  year={2022},
  organization={PMLR}
}

@inproceedings{muller2022meta,
  title={Meta Learning MDPs with linear transition models},
  author={M{\"u}ller, Robert and Pacchiano, Aldo},
  booktitle={International Conference on Artificial Intelligence and Statistics},
  pages={5928--5948},
  year={2022},
  organization={PMLR}
}

@article{agarwal2022provable,
  title={Provable Benefits of Representational Transfer in Reinforcement Learning},
  author={Agarwal, Alekh and Song, Yuda and Sun, Wen and Wang, Kaiwen and Wang, Mengdi and Zhang, Xuezhou},
  journal={arXiv preprint arXiv:2205.14571},
  year={2022}
}

@article{lu2022provable,
  title={Provable General Function Class Representation Learning in Multitask Bandits and MDPs},
  author={Lu, Rui and Zhao, Andrew and Du, Simon S and Huang, Gao},
  journal={arXiv preprint arXiv:2205.15701},
  year={2022}
}

@article{cheng2022provable,
  title={Provable Benefit of Multitask Representation Learning in Reinforcement Learning},
  author={Cheng, Yuan and Feng, Songtao and Yang, Jing and Zhang, Hong and Liang, Yingbin},
  journal={arXiv preprint arXiv:2206.05900},
  year={2022}
}

@article{du2021bilinear,
  title={Bilinear classes: A structural framework for provable generalization in rl},
  author={Du, Simon S and Kakade, Sham M and Lee, Jason D and Lovett, Shachar and Mahajan, Gaurav and Sun, Wen and Wang, Ruosong},
  journal={arXiv preprint arXiv:2103.10897},
  year={2021}
}

@inproceedings{yang2020impact,
  title={Impact of representation learning in linear bandits},
  author={Yang, Jiaqi and Hu, Wei and Lee, Jason D and Du, Simon Shaolei},
  booktitle={International Conference on Learning Representations},
  year={2020}
}


@article{abbasi2011improved,
  title={Improved algorithms for linear stochastic bandits},
  author={Abbasi-Yadkori, Yasin and P{\'a}l, D{\'a}vid and Szepesv{\'a}ri, Csaba},
  journal={Advances in neural information processing systems},
  volume={24},
  pages={2312--2320},
  year={2011}
}



@inproceedings{kirschner2018information,
  title={Information directed sampling and bandits with heteroscedastic noise},
  author={Kirschner, Johannes and Krause, Andreas},
  booktitle={Conference On Learning Theory},
  pages={358--384},
  year={2018},
  organization={PMLR}
}

@article{xu2024noise,
  title={Noise-adaptive thompson sampling for linear contextual bandits},
  author={Xu, Ruitu and Min, Yifei and Wang, Tianhao},
  journal={Advances in Neural Information Processing Systems},
  volume={36},
  year={2024}
}

@inproceedings{zhao2023variance,
  title={Variance-dependent regret bounds for linear bandits and reinforcement learning: Adaptivity and computational efficiency},
  author={Zhao, Heyang and He, Jiafan and Zhou, Dongruo and Zhang, Tong and Gu, Quanquan},
  booktitle={The Thirty Sixth Annual Conference on Learning Theory},
  pages={4977--5020},
  year={2023},
  organization={PMLR}
}


@article{zhao2022bandit,
  title={Bandit learning with general function classes: Heteroscedastic noise and variance-dependent regret bounds},
  author={Zhao, Heyang and Zhou, Dongruo and He, Jiafan and Gu, Quanquan},
  year={2022},
journal ={openreview}
}


@article{wang2024more,
  title={More benefits of being distributional: Second-order bounds for reinforcement learning},
  author={Wang, Kaiwen and Oertell, Owen and Agarwal, Alekh and Kallus, Nathan and Sun, Wen},
  journal={arXiv preprint arXiv:2402.07198},
  year={2024}
}
@article{kim2022improved,
  title={Improved regret analysis for variance-adaptive linear bandits and horizon-free linear mixture mdps},
  author={Kim, Yeoneung and Yang, Insoon and Jun, Kwang-Sung},
  journal={Advances in Neural Information Processing Systems},
  volume={35},
  pages={1060--1072},
  year={2022}
}


@inproceedings{zhou2021nearly,
  title={Nearly minimax optimal reinforcement learning for linear mixture markov decision processes},
  author={Zhou, Dongruo and Gu, Quanquan and Szepesvari, Csaba},
  booktitle={Conference on Learning Theory},
  pages={4532--4576},
  year={2021},
  organization={PMLR}
}
@inproceedings{yang2020reinforcement,
  title={Reinforcement learning in feature space: Matrix bandit, kernels, and regret bound},
  author={Yang, Lin and Wang, Mengdi},
  booktitle={International Conference on Machine Learning},
  pages={10746--10756},
  year={2020},
  organization={PMLR}
}


@article{howard2018uniform,
  title={Time-{U}niform, {N}onparametric, {N}onasymptotic {C}onfidence {S}equences},
  author={Howard, Steven R and Ramdas, Aaditya and McAuliffe, Jon and Sekhon, Jasjeet},
  journal={The Annals of Statistics},
  volume={49},
  number={2},
  pages={1055--1080},
  year={2021},
  publisher={Institute of Mathematical Statistics}
}



@inproceedings{bartlett2008high,
  title={High-{P}robability {R}egret {B}ounds for {B}andit {O}nline {L}inear {O}ptimization},
  author={Bartlett, Peter and Dani, Varsha and Hayes, Thomas and Kakade, Sham and Rakhlin, Alexander and Tewari, Ambuj},
  booktitle={Conference on Learning Theory},
  pages={335--342},
  year={2008},
  organization={PMLR}
}


@article{howard2020time,
  title={Time-uniform Chernoff bounds via nonnegative supermartingales},
  author={Howard, Steven R and Ramdas, Aaditya and McAuliffe, Jon and Sekhon, Jasjeet and others},
  journal={Probability Surveys},
  volume={17},
  pages={257--317},
  year={2020},
  publisher={The Institute of Mathematical Statistics and the Bernoulli Society}
}


@inproceedings{agarwal2014taming,
  title={Taming the monster: A fast and simple algorithm for contextual bandits},
  author={Agarwal, Alekh and Hsu, Daniel and Kale, Satyen and Langford, John and Li, Lihong and Schapire, Robert},
  booktitle={International Conference on Machine Learning},
  pages={1638--1646},
  year={2014},
  organization={PMLR}
}

@inproceedings{beygelzimer2011contextual,
  title={Contextual bandit algorithms with supervised learning guarantees},
  author={Beygelzimer, Alina and Langford, John and Li, Lihong and Reyzin, Lev and Schapire, Robert},
  booktitle={Proceedings of the Fourteenth International Conference on Artificial Intelligence and Statistics},
  pages={19--26},
  year={2011},
  organization={JMLR Workshop and Conference Proceedings}
}



@book{wainwright2019high,
  title={High-dimensional statistics: A non-asymptotic viewpoint},
  author={Wainwright, Martin J},
  volume={48},
  year={2019},
  publisher={Cambridge University Press}
}

@article{pacchiano2020regret,
  title={Regret bound balancing and elimination for model selection in bandits and rl},
  author={Pacchiano, Aldo and Dann, Christoph and Gentile, Claudio and Bartlett, Peter},
  journal={arXiv preprint arXiv:2012.13045},
  year={2020}
}


@article{pacchiano2024experiment,
  title={Experiment planning with function approximation},
  author={Pacchiano, Aldo and Lee, Jonathan and Brunskill, Emma},
  journal={Advances in Neural Information Processing Systems},
  volume={36},
  year={2024}
}
@article{dudik2012sample,
  title={Sample-efficient nonstationary policy evaluation for contextual bandits},
  author={Dud{\'\i}k, Miroslav and Erhan, Dumitru and Langford, John and Li, Lihong},
  journal={arXiv preprint arXiv:1210.4862},
  year={2012}
}


@article{foster2021statistical,
  title={The statistical complexity of interactive decision making},
  author={Foster, Dylan J and Kakade, Sham M and Qian, Jian and Rakhlin, Alexander},
  journal={arXiv preprint arXiv:2112.13487},
  year={2021}
}

@inproceedings{neu2020efficient,
  title={Efficient and robust algorithms for adversarial linear contextual bandits},
  author={Neu, Gergely and Olkhovskaya, Julia},
  booktitle={Conference on Learning Theory},
  pages={3049--3068},
  year={2020},
  organization={PMLR}
}

@article{tropp2012user,
  title={User-friendly tail bounds for sums of random matrices},
  author={Tropp, Joel A},
  journal={Foundations of computational mathematics},
  volume={12},
  number={4},
  pages={389--434},
  year={2012},
  publisher={Springer}
}

@book{lattimore_szepesvari_2020, place={Cambridge}, title={Bandit Algorithms}, publisher={Cambridge University Press}, author={Lattimore, Tor and SzepesvÃ¡ri, Csaba}, year={2020}}



@inproceedings{dann2024data,
  title={Data-Driven Online Model Selection With Regret Guarantees},
  author={Dann, Chris and Gentile, Claudio and Pacchiano, Aldo},
  booktitle={International Conference on Artificial Intelligence and Statistics},
  pages={1531--1539},
  year={2024},
  organization={PMLR}
}

@inproceedings{bar2019individual,
  title={Individual Regret in Cooperative Nonstochastic Multi-Armed Bandits},
  author={Bar-On, Yogev and Mansour, Yishay},
  booktitle={Advances in Neural Information Processing Systems},
  pages={3110--3120},
  year={2019}
}

@article{bubeck2020coordination,
  title={Coordination without communication: optimal regret in two players multi-armed bandits},
  author={Bubeck, S{\'e}bastien and Budzinski, Thomas},
  journal={arXiv preprint arXiv:2002.07596},
  year={2020}
}

@article{alatur2019multi,
  title={Multi-player bandits: The adversarial case},
  author={Alatur, Pragnya and Levy, Kfir Y and Krause, Andreas},
  journal={arXiv preprint arXiv:1902.08036},
  year={2019}
}

@article{moradipari2019safe,
  title={Safe Linear Thompson Sampling with Side Information},
  author={Moradipari, Ahmadreza and Amani, Sanae and Alizadeh, Mahnoosh and Thrampoulidis, Christos},
  journal={arXiv},
  pages={arXiv--1911},
  year={2019}
}

@inproceedings{chu2011contextual,
  title={Contextual bandits with linear payoff functions},
  author={Chu, Wei and Li, Lihong and Reyzin, Lev and Schapire, Robert},
  booktitle={Proceedings of the Fourteenth International Conference on Artificial Intelligence and Statistics},
  pages={208--214},
  year={2011}
}

@article{jun2019bilinear,
  title={Bilinear bandits with low-rank structure},
  author={Jun, Kwang-Sung and Willett, Rebecca and Wright, Stephen and Nowak, Robert},
  journal={arXiv preprint arXiv:1901.02470},
  year={2019}
}

@inproceedings{valko2014spectral,
  title={Spectral bandits for smooth graph functions},
  author={Valko, Michal and Munos, R{\'e}mi and Kveton, Branislav and Koc{\'a}k, Tom{\'a}{\v{s}}},
  booktitle={International Conference on Machine Learning},
  pages={46--54},
  year={2014}
}


@article{pacchiano2022neural,
  title={Neural Design for Genetic Perturbation Experiments},
  author={Pacchiano, Aldo and Wulsin, Drausin and Barton, Robert A and Voloch, Luis},
  journal={arXiv preprint arXiv:2207.12805},
  year={2022}
}

@article{langford2007epoch,
  title={The epoch-greedy algorithm for contextual multi-armed bandits},
  author={Langford, John and Zhang, Tong},
  journal={Advances in neural information processing systems},
  volume={20},
  number={1},
  pages={96--1},
  year={2007},
  publisher={Citeseer}
}

@incollection{sutton1992introduction,
  title={Introduction: The challenge of reinforcement learning},
  author={Sutton, Richard S},
  booktitle={Reinforcement Learning},
  pages={1--3},
  year={1992},
  publisher={Springer}
}

@article{martein1987solving,
  title={On solving a linear program with one quadratic constraint},
  author={Martein, Laura and Schaible, Siegfried},
  journal={Rivista di matematica per le scienze economiche e sociali},
  volume={10},
  number={1},
  pages={75--90},
  year={1987},
  publisher={Springer-Verlag}
}

@book{boyd2004convex,
  title={Convex optimization},
  author={Boyd, Stephen and Boyd, Stephen P and Vandenberghe, Lieven},
  year={2004},
  publisher={Cambridge university press}
}

@article{puterman1990markov,
  title={Markov decision processes},
  author={Puterman, Martin L},
  journal={Handbooks in operations research and management science},
  volume={2},
  pages={331--434},
  year={1990},
  publisher={Elsevier}
}

@book{bertsekas2019reinforcement,
  title={Reinforcement learning and optimal control},
  author={Bertsekas, Dimitri P},
  year={2019},
  publisher={Athena Scientific Belmont, MA}
}

@article{dubey2018investigating,
  title={Investigating human priors for playing video games},
  author={Dubey, Rachit and Agrawal, Pulkit and Pathak, Deepak and Griffiths, Thomas L and Efros, Alexei A},
  journal={arXiv preprint arXiv:1802.10217},
  year={2018}
}

@article{guss2021minerl,
  title={The MineRL 2020 Competition on Sample Efficient Reinforcement Learning using Human Priors},
  author={Guss, William H and Castro, Mario Ynocente and Devlin, Sam and Houghton, Brandon and Kuno, Noboru Sean and Loomis, Crissman and Milani, Stephanie and Mohanty, Sharada and Nakata, Keisuke and Salakhutdinov, Ruslan and others},
  journal={arXiv preprint arXiv:2101.11071},
  year={2021}
}

@article{yang2021representation,
  title={Representation Matters: Offline Pretraining for Sequential Decision Making},
  author={Yang, Mengjiao and Nachum, Ofir},
  journal={arXiv preprint arXiv:2102.05815},
  year={2021}
}

@article{ajay2020opal,
  title={Opal: Offline primitive discovery for accelerating offline reinforcement learning},
  author={Ajay, Anurag and Kumar, Aviral and Agrawal, Pulkit and Levine, Sergey and Nachum, Ofir},
  journal={arXiv preprint arXiv:2010.13611},
  year={2020}
}

@article{rybkin2018learning,
  title={Learning what you can do before doing anything},
  author={Rybkin, Oleh and Pertsch, Karl and Derpanis, Konstantinos G and Daniilidis, Kostas and Jaegle, Andrew},
  journal={arXiv preprint arXiv:1806.09655},
  year={2018}
}

@article{pertsch2020accelerating,
  title={Accelerating Reinforcement Learning with Learned Skill Priors},
  author={Pertsch, Karl and Lee, Youngwoon and Lim, Joseph J},
  journal={arXiv preprint arXiv:2010.11944},
  year={2020}
}

@article{agarwal2020flambe,
  title={Flambe: Structural complexity and representation learning of low rank mdps},
  author={Agarwal, Alekh and Kakade, Sham and Krishnamurthy, Akshay and Sun, Wen},
  journal={arXiv preprint arXiv:2006.10814},
  year={2020}
}

@article{kalashnikov2021mt,
  title={MT-Opt: Continuous Multi-Task Robotic Reinforcement Learning at Scale},
  author={Kalashnikov, Dmitry and Varley, Jacob and Chebotar, Yevgen and Swanson, Benjamin and Jonschkowski, Rico and Finn, Chelsea and Levine, Sergey and Hausman, Karol},
  journal={arXiv preprint arXiv:2104.08212},
  year={2021}
}

@inproceedings{yu2020meta,
  title={Meta-world: A benchmark and evaluation for multi-task and meta reinforcement learning},
  author={Yu, Tianhe and Quillen, Deirdre and He, Zhanpeng and Julian, Ryan and Hausman, Karol and Finn, Chelsea and Levine, Sergey},
  booktitle={Conference on Robot Learning},
  pages={1094--1100},
  year={2020},
  organization={PMLR}
}

@article{teh2017distral,
  title={Distral: Robust multitask reinforcement learning},
  author={Teh, Yee Whye and Bapst, Victor and Czarnecki, Wojciech Marian and Quan, John and Kirkpatrick, James and Hadsell, Raia and Heess, Nicolas and Pascanu, Razvan},
  journal={arXiv preprint arXiv:1707.04175},
  year={2017}
}

@inproceedings{d2019sharing,
  title={Sharing knowledge in multi-task deep reinforcement learning},
  author={D'Eramo, Carlo and Tateo, Davide and Bonarini, Andrea and Restelli, Marcello and Peters, Jan},
  booktitle={International Conference on Learning Representations},
  year={2019}
}

@incollection{ben2003exploiting,
  title={Exploiting task relatedness for multiple task learning},
  author={Ben-David, Shai and Schuller, Reba},
  booktitle={Learning theory and kernel machines},
  pages={567--580},
  year={2003},
  publisher={Springer}
}

@article{du2020few,
  title={Few-shot learning via learning the representation, provably},
  author={Du, Simon S and Hu, Wei and Kakade, Sham M and Lee, Jason D and Lei, Qi},
  journal={arXiv preprint arXiv:2002.09434},
  year={2020}
}

@inproceedings{baxter1995learning,
  title={Learning internal representations},
  author={Baxter, Jonathan},
  booktitle={Proceedings of the eighth annual conference on Computational learning theory},
  pages={311--320},
  year={1995}
}
@article{chan2021parallelizing,
  title={Parallelizing contextual bandits},
  author={Chan, Jeffrey and Pacchiano, Aldo and Tripuraneni, Nilesh and Song, Yun S and Bartlett, Peter and Jordan, Michael I},
  journal={arXiv preprint arXiv:2105.10590},
  year={2021}
}
@article{baxter2000model,
  title={A model of inductive bias learning},
  author={Baxter, Jonathan},
  journal={Journal of artificial intelligence research},
  volume={12},
  pages={149--198},
  year={2000}
}

@inproceedings{cutkosky2021dynamic,
  title={Dynamic balancing for model selection in bandits and rl},
  author={Cutkosky, Ashok and Dann, Christoph and Das, Abhimanyu and Gentile, Claudio and Pacchiano, Aldo and Purohit, Manish},
  booktitle={International Conference on Machine Learning},
  pages={2276--2285},
  year={2021},
  organization={PMLR}
}




@inproceedings{lee2021online,
  title={Online model selection for reinforcement learning with function approximation},
  author={Lee, Jonathan and Pacchiano, Aldo and Muthukumar, Vidya and Kong, Weihao and Brunskill, Emma},
  booktitle={International Conference on Artificial Intelligence and Statistics},
  pages={3340--3348},
  year={2021},
  organization={PMLR}
}

@article{pacchiano2020model,
  title={Model selection in contextual stochastic bandit problems},
  author={Pacchiano, Aldo and Phan, My and Abbasi Yadkori, Yasin and Rao, Anup and Zimmert, Julian and Lattimore, Tor and Szepesvari, Csaba},
  journal={Advances in Neural Information Processing Systems},
  volume={33},
  pages={10328--10337},
  year={2020}
}


@inproceedings{agarwal2017corralling,
  title={Corralling a band of bandit algorithms},
  author={Agarwal, Alekh and Luo, Haipeng and Neyshabur, Behnam and Schapire, Robert E},
  booktitle={Conference on Learning Theory},
  pages={12--38},
  year={2017},
  organization={PMLR}
}

@article{zanette2021design,
  title={Design of experiments for stochastic contextual linear bandits},
  author={Zanette, Andrea and Dong, Kefan and Lee, Jonathan N and Brunskill, Emma},
  journal={Advances in Neural Information Processing Systems},
  volume={34},
  pages={22720--22731},
  year={2021}
}

@article{jun2020crush,
  title={Crush optimism with pessimism: Structured bandits beyond asymptotic optimality},
  author={Jun, Kwang-Sung and Zhang, Chicheng},
  journal={Advances in Neural Information Processing Systems},
  volume={33},
  pages={6366--6376},
  year={2020}
}


@inproceedings{agarwal2012contextual,
  title={Contextual bandit learning with predictable rewards},
  author={Agarwal, Alekh and Dud{\'\i}k, Miroslav and Kale, Satyen and Langford, John and Schapire, Robert},
  booktitle={Artificial Intelligence and Statistics},
  pages={19--26},
  year={2012},
  organization={PMLR}
}

@article{simchi2021bypassing,
  title={Bypassing the monster: A faster and simpler optimal algorithm for contextual bandits under realizability},
  author={Simchi-Levi, David and Xu, Yunzong},
  journal={Mathematics of Operations Research},
  year={2021},
  publisher={INFORMS}
}

@inproceedings{foster2018practical,
  title={Practical contextual bandits with regression oracles},
  author={Foster, Dylan and Agarwal, Alekh and Dudik, Miroslav and Luo, Haipeng and Schapire, Robert},
  booktitle={International Conference on Machine Learning},
  pages={1539--1548},
  year={2018},
  organization={PMLR}
}

@article{li2022instance,
  title={Instance-optimal pac algorithms for contextual bandits},
  author={Li, Zhaoqi and Ratliff, Lillian and Jamieson, Kevin G and Jain, Lalit and others},
  journal={Advances in Neural Information Processing Systems},
  volume={35},
  pages={37590--37603},
  year={2022}
}

@article{li2022understanding,
  title={Understanding the Eluder Dimension},
  author={Li, Gene and Kamath, Pritish and Foster, Dylan J and Srebro, Nati},
  journal={Advances in Neural Information Processing Systems},
  volume={35},
  pages={23737--23750},
  year={2022}
}

@article{osband2014model,
  title={Model-based reinforcement learning and the eluder dimension},
  author={Osband, Ian and Van Roy, Benjamin},
  journal={Advances in Neural Information Processing Systems},
  volume={27},
  year={2014}
}

@article{jin2021bellman,
  title={Bellman eluder dimension: New rich classes of rl problems, and sample-efficient algorithms},
  author={Jin, Chi and Liu, Qinghua and Miryoosefi, Sobhan},
  journal={Advances in neural information processing systems},
  volume={34},
  pages={13406--13418},
  year={2021}
}

@article{li2016deep,
  title={Deep reinforcement learning for dialogue generation},
  author={Li, Jiwei and Monroe, Will and Ritter, Alan and Galley, Michel and Gao, Jianfeng and Jurafsky, Dan},
  journal={arXiv preprint arXiv:1606.01541},
  year={2016}
}

@article{lillicrap2015continuous,
  title={Continuous control with deep reinforcement learning},
  author={Lillicrap, Timothy P and Hunt, Jonathan J and Pritzel, Alexander and Heess, Nicolas and Erez, Tom and Tassa, Yuval and Silver, David and Wierstra, Daan},
  journal={arXiv preprint arXiv:1509.02971},
  year={2015}
}

@article{kober2013reinforcement,
  title={Reinforcement learning in robotics: A survey},
  author={Kober, Jens and Bagnell, J Andrew and Peters, Jan},
  journal={The International Journal of Robotics Research},
  volume={32},
  number={11},
  pages={1238--1274},
  year={2013},
  publisher={SAGE Publications Sage UK: London, England}
}


@article{silver2016mastering,
  title={Mastering the game of Go with deep neural networks and tree search},
  author={Silver, David and Huang, Aja and Maddison, Chris J and Guez, Arthur and Sifre, Laurent and Van Den Driessche, George and Schrittwieser, Julian and Antonoglou, Ioannis and Panneershelvam, Veda and Lanctot, Marc and others},
  journal={nature},
  volume={529},
  number={7587},
  pages={484--489},
  year={2016},
  publisher={Nature Publishing Group}
}

@article{mnih2015human,
  title={Human-level control through deep reinforcement learning},
  author={Mnih, Volodymyr and Kavukcuoglu, Koray and Silver, David and Rusu, Andrei A and Veness, Joel and Bellemare, Marc G and Graves, Alex and Riedmiller, Martin and Fidjeland, Andreas K and Ostrovski, Georg and others},
  journal={nature},
  volume={518},
  number={7540},
  pages={529--533},
  year={2015},
  publisher={Nature Publishing Group}
}

@article{tewari2017ads,
  title={From ads to interventions: Contextual bandits in mobile health},
  author={Tewari, Ambuj and Murphy, Susan A},
  journal={Mobile Health: Sensors, Analytic Methods, and Applications},
  pages={495--517},
  year={2017},
  publisher={Springer}
}





@article{agarwal2016making,
  title={Making contextual decisions with low technical debt},
  author={Agarwal, Alekh and Bird, Sarah and Cozowicz, Markus and Hoang, Luong and Langford, John and Lee, Stephen and Li, Jiaji and Melamed, Dan and Oshri, Gal and Ribas, Oswaldo and others},
  journal={arXiv preprint arXiv:1606.03966},
  year={2016}
}
@inproceedings{li2010contextual,
  title={A contextual-bandit approach to personalized news article recommendation},
  author={Li, Lihong and Chu, Wei and Langford, John and Schapire, Robert E},
  booktitle={Proceedings of the 19th international conference on World wide web},
  pages={661--670},
  year={2010}
}

@book{lattimore2020bandit,
  title={Bandit algorithms},
  author={Lattimore, Tor and Szepesv{\'a}ri, Csaba},
  year={2020},
  publisher={Cambridge University Press}
}




@article{lattimore2014bounded,
  title={Bounded regret for finite-armed structured bandits},
  author={Lattimore, Tor and Munos, R{\'e}mi},
  journal={Advances in Neural Information Processing Systems},
  volume={27},
  year={2014}
}

@inproceedings{ben2002theoretical,
  title={A theoretical framework for learning from a pool of disparate data sources},
  author={Ben-David, Shai and Gehrke, Johannes and Schuller, Reba},
  booktitle={Proceedings of the eighth ACM SIGKDD international conference on Knowledge discovery and data mining},
  pages={443--449},
  year={2002}
}

@article{nachum2021provable,
  title={Provable Representation Learning for Imitation with Contrastive Fourier Features},
  author={Nachum, Ofir and Yang, Mengjiao},
  journal={arXiv preprint arXiv:2105.12272},
  year={2021}
}

@article{maurer2006bounds,
  title={Bounds for linear multi-task learning},
  author={Maurer, Andreas},
  journal={The Journal of Machine Learning Research},
  volume={7},
  pages={117--139},
  year={2006},
  publisher={JMLR. org}
}

@inproceedings{hu2021near,
  title={Near-optimal representation learning for linear bandits and linear rl},
  author={Hu, Jiachen and Chen, Xiaoyu and Jin, Chi and Li, Lihong and Wang, Liwei},
  booktitle={International Conference on Machine Learning},
  pages={4349--4358},
  year={2021},
  organization={PMLR}
}


@inproceedings{zimmert2022return,
  title={Return of the bias: Almost minimax optimal high probability bounds for adversarial linear bandits},
  author={Zimmert, Julian and Lattimore, Tor},
  booktitle={Conference on Learning Theory},
  pages={3285--3312},
  year={2022},
  organization={PMLR}
}

@article{christiano2017deep,
  title={Deep reinforcement learning from human preferences},
  author={Christiano, Paul F and Leike, Jan and Brown, Tom and Martic, Miljan and Legg, Shane and Amodei, Dario},
  journal={Advances in neural information processing systems},
  volume={30},
  year={2017}
}

@article{ouyang2022training,
  title={Training language models to follow instructions with human feedback},
  author={Ouyang, Long and Wu, Jeffrey and Jiang, Xu and Almeida, Diogo and Wainwright, Carroll and Mishkin, Pamela and Zhang, Chong and Agarwal, Sandhini and Slama, Katarina and Ray, Alex and others},
  journal={Advances in neural information processing systems},
  volume={35},
  pages={27730--27744},
  year={2022}
}

@article{rafailov2024direct,
  title={Direct preference optimization: Your language model is secretly a reward model},
  author={Rafailov, Rafael and Sharma, Archit and Mitchell, Eric and Manning, Christopher D and Ermon, Stefano and Finn, Chelsea},
  journal={Advances in Neural Information Processing Systems},
  volume={36},
  year={2024}
}

@article{guo2024direct,
  title={Direct language model alignment from online ai feedback},
  author={Guo, Shangmin and Zhang, Biao and Liu, Tianlin and Liu, Tianqi and Khalman, Misha and Llinares, Felipe and Rame, Alexandre and Mesnard, Thomas and Zhao, Yao and Piot, Bilal and others},
  journal={arXiv preprint arXiv:2402.04792},
  year={2024}
}

@article{xie2024exploratory,
  title={Exploratory Preference Optimization: Harnessing Implicit Q*-Approximation for Sample-Efficient RLHF},
  author={Xie, Tengyang and Foster, Dylan J and Krishnamurthy, Akshay and Rosset, Corby and Awadallah, Ahmed and Rakhlin, Alexander},
  journal={arXiv preprint arXiv:2405.21046},
  year={2024}
}

@article{liu2024provably,
  title={Provably mitigating overoptimization in rlhf: Your sft loss is implicitly an adversarial regularizer},
  author={Liu, Zhihan and Lu, Miao and Zhang, Shenao and Liu, Boyi and Guo, Hongyi and Yang, Yingxiang and Blanchet, Jose and Wang, Zhaoran},
  journal={arXiv preprint arXiv:2405.16436},
  year={2024}
}

@article{cen2024value,
  title={Value-Incentivized Preference Optimization: A Unified Approach to Online and Offline RLHF},
  author={Cen, Shicong and Mei, Jincheng and Goshvadi, Katayoon and Dai, Hanjun and Yang, Tong and Yang, Sherry and Schuurmans, Dale and Chi, Yuejie and Dai, Bo},
  journal={arXiv preprint arXiv:2405.19320},
  year={2024}
}

@article{zhang2024self,
  title={Self-exploring language models: Active preference elicitation for online alignment},
  author={Zhang, Shenao and Yu, Donghan and Sharma, Hiteshi and Zhong, Han and Liu, Zhihan and Yang, Ziyi and Wang, Shuohang and Hassan, Hany and Wang, Zhaoran},
  journal={arXiv preprint arXiv:2405.19332},
  year={2024}
}


@article{dong2024rlhf,
  title={Rlhf workflow: From reward modeling to online rlhf},
  author={Dong, Hanze and Xiong, Wei and Pang, Bo and Wang, Haoxiang and Zhao, Han and Zhou, Yingbo and Jiang, Nan and Sahoo, Doyen and Xiong, Caiming and Zhang, Tong},
  journal={arXiv preprint arXiv:2405.07863},
  year={2024}
}

@article{shi2024crucial,
  title={The Crucial Role of Samplers in Online Direct Preference Optimization},
  author={Shi, Ruizhe and Zhou, Runlong and Du, Simon S},
  journal={arXiv preprint arXiv:2409.19605},
  year={2024}
}



@article{ziegler2019fine,
  title={Fine-tuning language models from human preferences},
  author={Ziegler, Daniel M and Stiennon, Nisan and Wu, Jeffrey and Brown, Tom B and Radford, Alec and Amodei, Dario and Christiano, Paul and Irving, Geoffrey},
  journal={arXiv preprint arXiv:1909.08593},
  year={2019}
}

@misc{chatgpt,
  author       = {OpenAI},
  title        = {Introducing ChatGPT},
  year         = {2022},
  url          = {https://openai.com/index/chatgpt/},
  note         = {Accessed: 2024-12-07}
}

Introducing Gemini: our largest and most capable AI model

@misc{claude,
  author       = {Anthropic},
  title        = {Introducing Claude},
  year         = {2022},
  url          ={https://www.anthropic.com/index/introducing-claude},
  note         = {Accessed: 2024-12-07}
}

@misc{gemini,
  author       = {Google},
  title        = {Introducing Gemini: our largest and most capable AI model},
  year         = {2023},
  url          ={https://blog.google/technology/ai/google-gemini-ai/},
  note         = {Accessed: 2024-12-07}
}


@inproceedings{azar2017minimax,
  title={Minimax regret bounds for reinforcement learning},
  author={Azar, Mohammad Gheshlaghi and Osband, Ian and Munos, R{\'e}mi},
  booktitle={International conference on machine learning},
  pages={263--272},
  year={2017},
  organization={PMLR}
}

@article{jin2018q,
  title={Is Q-learning provably efficient?},
  author={Jin, Chi and Allen-Zhu, Zeyuan and Bubeck, Sebastien and Jordan, Michael I},
  journal={Advances in neural information processing systems},
  volume={31},
  year={2018}
}

@book{zhang2023mathematical,
  title={Mathematical analysis of machine learning algorithms},
  author={Zhang, Tong},
  year={2023},
  publisher={Cambridge University Press}
}

@article{das2024provably,
  title={Provably sample efficient rlhf via active preference optimization},
  author={Das, Nirjhar and Chakraborty, Souradip and Pacchiano, Aldo and Chowdhury, Sayak Ray},
  journal={arXiv preprint arXiv:2402.10500},
  year={2024}
}

@article{rosset2024direct,
  title={Direct nash optimization: Teaching language models to self-improve with general preferences},
  author={Rosset, Corby and Cheng, Ching-An and Mitra, Arindam and Santacroce, Michael and Awadallah, Ahmed and Xie, Tengyang},
  journal={arXiv preprint arXiv:2404.03715},
  year={2024}
}

@article{zhong2022gec,
  title={Gec: A unified framework for interactive decision making in mdp, pomdp, and beyond},
  author={Zhong, Han and Xiong, Wei and Zheng, Sirui and Wang, Liwei and Wang, Zhaoran and Yang, Zhuoran and Zhang, Tong},
  journal={arXiv preprint arXiv:2211.01962},
  year={2022}
}

@inproceedings{chen2022human,
  title={Human-in-the-loop: Provably efficient preference-based reinforcement learning with general function approximation},
  author={Chen, Xiaoyu and Zhong, Han and Yang, Zhuoran and Wang, Zhaoran and Wang, Liwei},
  booktitle={International Conference on Machine Learning},
  pages={3773--3793},
  year={2022},
  organization={PMLR}
}

@article{wang2023rlhf,
  title={Is RLHF More Difficult than Standard RL?},
  author={Wang, Yuanhao and Liu, Qinghua and Jin, Chi},
  journal={arXiv preprint arXiv:2306.14111},
  year={2023}
}

@article{ye2024theoretical,
  title={A theoretical analysis of nash learning from human feedback under general kl-regularized preference},
  author={Ye, Chenlu and Xiong, Wei and Zhang, Yuheng and Jiang, Nan and Zhang, Tong},
  journal={arXiv preprint arXiv:2402.07314},
  year={2024}
}


@article{sessa2024bond,
  title={Bond: Aligning llms with best-of-n distillation},
  author={Sessa, Pier Giuseppe and Dadashi, Robert and Hussenot, L{\'e}onard and Ferret, Johan and Vieillard, Nino and Ram{\'e}, Alexandre and Shariari, Bobak and Perrin, Sarah and Friesen, Abe and Cideron, Geoffrey and others},
  journal={arXiv preprint arXiv:2407.14622},
  year={2024}
}


@article{yang2024faster,
  title={Faster WIND: Accelerating Iterative Best-of-$ N $ Distillation for LLM Alignment},
  author={Yang, Tong and Mei, Jincheng and Dai, Hanjun and Wen, Zixin and Cen, Shicong and Schuurmans, Dale and Chi, Yuejie and Dai, Bo},
  journal={arXiv preprint arXiv:2410.20727},
  year={2024}
}

@article{dubois2024length,
  title={Length-Controlled AlpacaEval: A Simple Way to Debias Automatic Evaluators},
  author={Dubois, Yann and Galambosi, Bal{\'a}zs and Liang, Percy and Hashimoto, Tatsunori B},
  journal={arXiv preprint arXiv:2404.04475},
  year={2024}
}



@article{cobbe2021training,
  title={Training verifiers to solve math word problems},
  author={Cobbe, Karl and Kosaraju, Vineet and Bavarian, Mohammad and Chen, Mark and Jun, Heewoo and Kaiser, Lukasz and Plappert, Matthias and Tworek, Jerry and Hilton, Jacob and Nakano, Reiichiro and others},
  journal={arXiv preprint arXiv:2110.14168},
  year={2021}
}

@article{zhong2023agieval,
  title={Agieval: A human-centric benchmark for evaluating foundation models},
  author={Zhong, Wanjun and Cui, Ruixiang and Guo, Yiduo and Liang, Yaobo and Lu, Shuai and Wang, Yanlin and Saied, Amin and Chen, Weizhu and Duan, Nan},
  journal={arXiv preprint arXiv:2304.06364},
  year={2023}
}

@article{nie2019adversarial,
  title={Adversarial NLI: A new benchmark for natural language understanding},
  author={Nie, Yixin and Williams, Adina and Dinan, Emily and Bansal, Mohit and Weston, Jason and Kiela, Douwe},
  journal={arXiv preprint arXiv:1910.14599},
  year={2019}
}


@article{hendrycks2020measuring,
  title={Measuring massive multitask language understanding},
  author={Hendrycks, Dan and Burns, Collin and Basart, Steven and Zou, Andy and Mazeika, Mantas and Song, Dawn and Steinhardt, Jacob},
  journal={arXiv preprint arXiv:2009.03300},
  year={2020}
}

@article{rein2023gpqa,
  title={Gpqa: A graduate-level google-proof q\&a benchmark},
  author={Rein, David and Hou, Betty Li and Stickland, Asa Cooper and Petty, Jackson and Pang, Richard Yuanzhe and Dirani, Julien and Michael, Julian and Bowman, Samuel R},
  journal={arXiv preprint arXiv:2311.12022},
  year={2023}
}


@article{yue2012k,
  title={The k-armed dueling bandits problem},
  author={Yue, Yisong and Broder, Josef and Kleinberg, Robert and Joachims, Thorsten},
  journal={Journal of Computer and System Sciences},
  volume={78},
  number={5},
  pages={1538--1556},
  year={2012},
  publisher={Elsevier}
}

@inproceedings{saha2018battle,
  title={Battle of Bandits.},
  author={Saha, Aadirupa and Gopalan, Aditya},
  booktitle={UAI},
  pages={805--814},
  year={2018}
}

@article{bengs2021preference,
  title={Preference-based online learning with dueling bandits: A survey},
  author={Bengs, Viktor and Busa-Fekete, R{\'o}bert and El Mesaoudi-Paul, Adil and H{\"u}llermeier, Eyke},
  journal={Journal of Machine Learning Research},
  volume={22},
  number={7},
  pages={1--108},
  year={2021}
}


@article{xu2020preference,
  title={Preference-based reinforcement learning with finite-time guarantees},
  author={Xu, Yichong and Wang, Ruosong and Yang, Lin and Singh, Aarti and Dubrawski, Artur},
  journal={Advances in Neural Information Processing Systems},
  volume={33},
  pages={18784--18794},
  year={2020}
}


@inproceedings{novoseller2020dueling,
  title={Dueling posterior sampling for preference-based reinforcement learning},
  author={Novoseller, Ellen and Wei, Yibing and Sui, Yanan and Yue, Yisong and Burdick, Joel},
  booktitle={Conference on Uncertainty in Artificial Intelligence},
  pages={1029--1038},
  year={2020},
  organization={PMLR}
}

@article{pacchiano2021dueling,
  title={Dueling rl: reinforcement learning with trajectory preferences},
  author={Pacchiano, Aldo and Saha, Aadirupa and Lee, Jonathan},
  journal={arXiv preprint arXiv:2111.04850},
  year={2021}
}

@article{wu2023making,
  title={Making rl with preference-based feedback efficient via randomization},
  author={Wu, Runzhe and Sun, Wen},
  journal={arXiv preprint arXiv:2310.14554},
  year={2023}
}

@inproceedings{zhan2023query,
  title={How to Query Human Feedback Efficiently in RL?},
  author={Zhan, Wenhao and Uehara, Masatoshi and Sun, Wen and Lee, Jason D},
  booktitle={ICML 2023 Workshop The Many Facets of Preference-Based Learning}
}

@inproceedings{zhu2023principled,
  title={Principled reinforcement learning with human feedback from pairwise or k-wise comparisons},
  author={Zhu, Banghua and Jordan, Michael and Jiao, Jiantao},
  booktitle={International Conference on Machine Learning},
  pages={43037--43067},
  year={2023},
  organization={PMLR}
}

@inproceedings{zhan2023provable,
  title={Provable offline reinforcement learning with human feedback},
  author={Zhan, Wenhao and Uehara, Masatoshi and Kallus, Nathan and Lee, Jason D and Sun, Wen},
  booktitle={ICML 2023 Workshop The Many Facets of Preference-Based Learning},
  year={2023}
}


@article{touvron2023llama,
  title={Llama 2: Open foundation and fine-tuned chat models},
  author={Touvron, Hugo and Martin, Louis and Stone, Kevin and Albert, Peter and Almahairi, Amjad and Babaei, Yasmine and Bashlykov, Nikolay and Batra, Soumya and Bhargava, Prajjwal and Bhosale, Shruti and others},
  journal={arXiv preprint arXiv:2307.09288},
  year={2023}
}

@article{schulman2017proximal,
  title={Proximal policy optimization algorithms},
  author={Schulman, John and Wolski, Filip and Dhariwal, Prafulla and Radford, Alec and Klimov, Oleg},
  journal={arXiv preprint arXiv:1707.06347},
  year={2017}
}

@article{choshen2019weaknesses,
  title={On the weaknesses of reinforcement learning for neural machine translation},
  author={Choshen, Leshem and Fox, Lior and Aizenbud, Zohar and Abend, Omri},
  journal={arXiv preprint arXiv:1907.01752},
  year={2019}
}

@article{engstrom2020implementation,
  title={Implementation matters in deep policy gradients: A case study on ppo and trpo},
  author={Engstrom, Logan and Ilyas, Andrew and Santurkar, Shibani and Tsipras, Dimitris and Janoos, Firdaus and Rudolph, Larry and Madry, Aleksander},
  journal={arXiv preprint arXiv:2005.12729},
  year={2020}
}


@article{tunstall2023zephyr,
  title={Zephyr: Direct distillation of lm alignment},
  author={Tunstall, Lewis and Beeching, Edward and Lambert, Nathan and Rajani, Nazneen and Rasul, Kashif and Belkada, Younes and Huang, Shengyi and von Werra, Leandro and Fourrier, Cl{\'e}mentine and Habib, Nathan and others},
  journal={arXiv preprint arXiv:2310.16944},
  year={2023}
}


@article{dubois2024alpacafarm,
  title={Alpacafarm: A simulation framework for methods that learn from human feedback},
  author={Dubois, Yann and Li, Chen Xuechen and Taori, Rohan and Zhang, Tianyi and Gulrajani, Ishaan and Ba, Jimmy and Guestrin, Carlos and Liang, Percy S and Hashimoto, Tatsunori B},
  journal={Advances in Neural Information Processing Systems},
  volume={36},
  year={2024}
}

@article{zheng2023judging,
  title={Judging llm-as-a-judge with mt-bench and chatbot arena},
  author={Zheng, Lianmin and Chiang, Wei-Lin and Sheng, Ying and Zhuang, Siyuan and Wu, Zhanghao and Zhuang, Yonghao and Lin, Zi and Li, Zhuohan and Li, Dacheng and Xing, Eric and others},
  journal={Advances in Neural Information Processing Systems},
  volume={36},
  pages={46595--46623},
  year={2023}
}

@article{zhao2023slic,
  title={Slic-hf: Sequence likelihood calibration with human feedback},
  author={Zhao, Yao and Joshi, Rishabh and Liu, Tianqi and Khalman, Misha and Saleh, Mohammad and Liu, Peter J},
  journal={arXiv preprint arXiv:2305.10425},
  year={2023}
}


@inproceedings{azar2024general,
  title={A general theoretical paradigm to understand learning from human preferences},
  author={Azar, Mohammad Gheshlaghi and Guo, Zhaohan Daniel and Piot, Bilal and Munos, Remi and Rowland, Mark and Valko, Michal and Calandriello, Daniele},
  booktitle={International Conference on Artificial Intelligence and Statistics},
  pages={4447--4455},
  year={2024},
  organization={PMLR}
}


@article{wu2024self,
  title={Self-play preference optimization for language model alignment},
  author={Wu, Yue and Sun, Zhiqing and Yuan, Huizhuo and Ji, Kaixuan and Yang, Yiming and Gu, Quanquan},
  journal={arXiv preprint arXiv:2405.00675},
  year={2024}
}


@inproceedings{das2024active,
  title={Active preference optimization for sample efficient RLHF},
  author={Das, Nirjhar and Chakraborty, Souradip and Pacchiano, Aldo and Chowdhury, Sayak Ray},
  booktitle={ICML 2024 Workshop on Theoretical Foundations of Foundation Models},
  year={2024}
}







@article{xu2023some,
  title={Some things are more cringe than others: Preference optimization with the pairwise cringe loss},
  author={Xu, Jing and Lee, Andrew and Sukhbaatar, Sainbayar and Weston, Jason},
  journal={arXiv preprint arXiv:2312.16682},
  year={2023}
}


@inproceedings{xiong2024iterative,
  title={Iterative preference learning from human feedback: Bridging theory and practice for rlhf under kl-constraint},
  author={Xiong, Wei and Dong, Hanze and Ye, Chenlu and Wang, Ziqi and Zhong, Han and Ji, Heng and Jiang, Nan and Zhang, Tong},
  booktitle={Forty-first International Conference on Machine Learning},
  year={2024}
}

@article{xiong2024building,
  title={Building math agents with multi-turn iterative preference learning},
  author={Xiong, Wei and Shi, Chengshuai and Shen, Jiaming and Rosenberg, Aviv and Qin, Zhen and Calandriello, Daniele and Khalman, Misha and Joshi, Rishabh and Piot, Bilal and Saleh, Mohammad and others},
  journal={arXiv preprint arXiv:2409.02392},
  year={2024}
}

@article{bai2025online,
  title={Online Preference Alignment for Language Models via Count-based Exploration},
  author={Bai, Chenjia and Zhang, Yang and Qiu, Shuang and Zhang, Qiaosheng and Xu, Kang and Li, Xuelong},
  journal={arXiv preprint arXiv:2501.12735},
  year={2025}
}

@article{dwaracherla2024efficient,
  title={Efficient exploration for llms},
  author={Dwaracherla, Vikranth and Asghari, Seyed Mohammad and Hao, Botao and Van Roy, Benjamin},
  journal={arXiv preprint arXiv:2402.00396},
  year={2024}
}

@inproceedings{kwon2023efficient,
  title={Efficient memory management for large language model serving with pagedattention},
  author={Kwon, Woosuk and Li, Zhuohan and Zhuang, Siyuan and Sheng, Ying and Zheng, Lianmin and Yu, Cody Hao and Gonzalez, Joseph and Zhang, Hao and Stoica, Ion},
  booktitle={Proceedings of the 29th Symposium on Operating Systems Principles},
  pages={611--626},
  year={2023}
}


@article{sakaguchi2019winogrande,
    title={WinoGrande: An Adversarial Winograd Schema Challenge at Scale},
    author={Sakaguchi, Keisuke and Bras, Ronan Le and Bhagavatula, Chandra and Choi, Yejin},
    journal={arXiv preprint arXiv:1907.10641},
    year={2019}
}

@inproceedings{lin-etal-2022-truthfulqa,
    title = "{T}ruthful{QA}: Measuring How Models Mimic Human Falsehoods",
    author = "Lin, Stephanie  and
      Hilton, Jacob  and
      Evans, Owain",
    booktitle = "Proceedings of the 60th Annual Meeting of the Association for Computational Linguistics (Volume 1: Long Papers)",
    month = may,
    year = "2022",
    address = "Dublin, Ireland",
    publisher = "Association for Computational Linguistics",
    url = "https://aclanthology.org/2022.acl-long.229",
    doi = "10.18653/v1/2022.acl-long.229",
    pages = "3214--3252",
}

@article{Clark2018ThinkYH,
  title={Think you have Solved Question Answering? Try ARC, the AI2 Reasoning Challenge},
  author={Peter Clark and Isaac Cowhey and Oren Etzioni and Tushar Khot and Ashish Sabharwal and Carissa Schoenick and Oyvind Tafjord},
  journal={ArXiv},
  year={2018},
  volume={abs/1803.05457}
}

@inproceedings{zellers2019hellaswag,
    title={HellaSwag: Can a Machine Really Finish Your Sentence?},
    author={Zellers, Rowan and Holtzman, Ari and Bisk, Yonatan and Farhadi, Ali and Choi, Yejin},
    booktitle ={Proceedings of the 57th Annual Meeting of the Association for Computational Linguistics},
    year={2019}
}

@article{askell2021general,
  title={A general language assistant as a laboratory for alignment. arXiv},
  author={Askell, A and Bai, Y and Chen, A and Drain, D and Ganguli, D and Henighan, T and Jones, A and Joseph, N and Mann, B and DasSarma, N and others},
  journal={Preprint posted online December},
  volume={1},
  year={2021}
}

@article{noukhovitch2024language,
  title={Language model alignment with elastic reset},
  author={Noukhovitch, Michael and Lavoie, Samuel and Strub, Florian and Courville, Aaron C},
  journal={Advances in Neural Information Processing Systems},
  volume={36},
  year={2024}
}

@inproceedings{lin2024mitigating,
  title={Mitigating the alignment tax of rlhf},
  author={Lin, Yong and Lin, Hangyu and Xiong, Wei and Diao, Shizhe and Liu, Jianmeng and Zhang, Jipeng and Pan, Rui and Wang, Haoxiang and Hu, Wenbin and Zhang, Hanning and others},
  booktitle={Proceedings of the 2024 Conference on Empirical Methods in Natural Language Processing},
  pages={580--606},
  year={2024}
}


@article{munos2023nash,
  title={Nash learning from human feedback},
  author={Munos, R{\'e}mi and Valko, Michal and Calandriello, Daniele and Azar, Mohammad Gheshlaghi and Rowland, Mark and Guo, Zhaohan Daniel and Tang, Yunhao and Geist, Matthieu and Mesnard, Thomas and Michi, Andrea and others},
  journal={arXiv preprint arXiv:2312.00886},
  year={2023}
}

@article{shani2024multi,
  title={Multi-turn Reinforcement Learning from Preference Human Feedback},
  author={Shani, Lior and Rosenberg, Aviv and Cassel, Asaf and Lang, Oran and Calandriello, Daniele and Zipori, Avital and Noga, Hila and Keller, Orgad and Piot, Bilal and Szpektor, Idan and others},
  journal={arXiv preprint arXiv:2405.14655},
  year={2024}
}

@article{gao2024regressing,
  title={Regressing the Relative Future: Efficient Policy Optimization for Multi-turn RLHF},
  author={Gao, Zhaolin and Zhan, Wenhao and Chang, Jonathan D and Swamy, Gokul and Brantley, Kiant{\'e} and Lee, Jason D and Sun, Wen},
  journal={arXiv preprint arXiv:2410.04612},
  year={2024}
}

@article{swamy2024minimaximalist,
  title={A minimaximalist approach to reinforcement learning from human feedback},
  author={Swamy, Gokul and Dann, Christoph and Kidambi, Rahul and Wu, Zhiwei Steven and Agarwal, Alekh},
  journal={arXiv preprint arXiv:2401.04056},
  year={2024}
}


@article{ji2024self,
  title={Self-Play with Adversarial Critic: Provable and Scalable Offline Alignment for Language Models},
  author={Ji, Xiang and Kulkarni, Sanjeev and Wang, Mengdi and Xie, Tengyang},
  journal={arXiv preprint arXiv:2406.04274},
  year={2024}
}


@article{singhal2023long,
  title={A long way to go: Investigating length correlations in rlhf},
  author={Singhal, Prasann and Goyal, Tanya and Xu, Jiacheng and Durrett, Greg},
  journal={arXiv preprint arXiv:2310.03716},
  year={2023}
}

@article{meng2024simpo,
  title={Simpo: Simple preference optimization with a reference-free reward},
  author={Meng, Yu and Xia, Mengzhou and Chen, Danqi},
  journal={arXiv preprint arXiv:2405.14734},
  year={2024}
}

@article{zhong2024dpo,
  title={Dpo meets ppo: Reinforced token optimization for rlhf},
  author={Zhong, Han and Feng, Guhao and Xiong, Wei and Cheng, Xinle and Zhao, Li and He, Di and Bian, Jiang and Wang, Liwei},
  journal={arXiv preprint arXiv:2404.18922},
  year={2024}
}
