@article{GOT,
  title={General {OCR} theory: Towards {OCR}-2.0 via a unified end-to-end model},
  author={Wei, Haoran and Liu, Chenglong and Chen, Jinyue and Wang, Jia and Kong, Lingyu and Xu, Yanming and Ge, Zheng and Zhao, Liang and Sun, Jianjian and Peng, Yuang and others},
  journal={arXiv preprint arXiv:2409.01704},
  year={2024}
}

@article{Kosmos,
  title={Kosmos-2.5: A multimodal literate model},
  author={Lv, Tengchao and Huang, Yupan and Chen, Jingye and Cui, Lei and Ma, Shuming and Chang, Yaoyao and Huang, Shaohan and Wang, Wenhui and Dong, Li and Luo, Weiyao and others},
  journal={arXiv preprint arXiv:2309.11419},
  year={2023}
}

@inproceedings{Nougat,
  title={Nougat: Neural Optical Understanding for Academic Documents},
  author={Blecher, Lukas and Cucurull, Guillem and Scialom, Thomas and Stojnic, Robert},
  booktitle={International Conference on Learning Representations},
  year={2024}
}

@article{Qwen-VL,
  title={Qwen-vl: A frontier large vision-language model with versatile abilities},
  author={Bai, Jinze and Bai, Shuai and Yang, Shusheng and Wang, Shijie and Tan, Sinan and Wang, Peng and Lin, Junyang and Zhou, Chang and Zhou, Jingren},
  journal={arXiv preprint arXiv:2308.12966},
  year={2023}
}

@misc{anthropic2024claude,
    title = {Claude 3: A New Era in AI with Advanced Reasoning and Intelligence},
    author = {Anthropic},
    year = {2024},
    howpublished = {\url{https://www.anthropic.com/claude}},
    note = {Claude 3 is a family of large language models including Haiku, Sonnet, and Opus variants, designed for advanced reasoning, analysis, and complex problem-solving},
    organization = {Anthropic},
    type = {AI Language Model},
    version = {3.5 Sonnet},
    month = {March}
}

@inproceedings{donut,
  title={Ocr-free document understanding transformer},
  author={Kim, Geewook and Hong, Teakgyu and Yim, Moonbin and Nam, JeongYeon and Park, Jinyoung and Yim, Jinyeong and Hwang, Wonseok and Yun, Sangdoo and Han, Dongyoon and Park, Seunghyun},
  booktitle={European Conference on Computer Vision},
  pages={498--517},
  year={2022},
  organization={Springer}
}

@inproceedings{he2017mask,
  title={Mask r-cnn},
  author={He, Kaiming and Gkioxari, Georgia and Doll{\'a}r, Piotr and Girshick, Ross},
  booktitle={Proceedings of the IEEE international conference on computer vision},
  pages={2961--2969},
  year={2017}
}

@inproceedings{layoutlm3,
  title={Layoutlmv3: Pre-training for document ai with unified text and image masking},
  author={Huang, Yupan and Lv, Tengchao and Cui, Lei and Lu, Yutong and Wei, Furu},
  booktitle={Proceedings of the 30th ACM International Conference on Multimedia},
  pages={4083--4091},
  year={2022}
}

@misc{openai2024gpt4o,
  author       = {OpenAI},
  title        = {{GPT-4o}: Large Language Model},
  year         = {2024},
  howpublished = {\url{https://openai.com/index/hello-gpt-4o}},
  note         = {Accessed: 2024-11-12}
}

@article{ren2016faster,
  title={Faster R-CNN: Towards real-time object detection with region proposal networks},
  author={Ren, Shaoqing and He, Kaiming and Girshick, Ross and Sun, Jian},
  journal={IEEE transactions on pattern analysis and machine intelligence},
  volume={39},
  number={6},
  pages={1137--1149},
  year={2016},
  publisher={IEEE}
}

@inproceedings{swindocsegmenter,
  title={{SwinDocSegmenter}: An end-to-end unified domain adaptive transformer for document instance segmentation},
  author={Banerjee, Ayan and Biswas, Sanket and Llad{\'o}s, Josep and Pal, Umapada},
  booktitle={International Conference on Document Analysis and Recognition},
  pages={307--325},
  year={2023},
  organization={Springer}
}

@misc{yolov5,
  title = {Ultralytics YOLOv5},
  author = {Glenn Jocher},
  year = {2020},
  version = {7.0},
  license = {AGPL-3.0},
  url = {https://github.com/ultralytics/yolov5},
  doi = {10.5281/zenodo.3908559},
  orcid = {0000-0001-5950-6979}
}

