@inproceedings{3depn,
  title={Shape completion using 3d-encoder-predictor cnns and shape synthesis},
  author={Dai, Angela and Ruizhongtai Qi, Charles and Nie{\ss}ner, Matthias},
  booktitle={IEEE/CVF Conference on Computer Vision and Pattern Recognition},
  pages={5868--5877},
  year={2017}
}

@article{3dgs,
  author       = {Bernhard Kerbl and
                  Georgios Kopanas and
                  Thomas Leimk{\"{u}}hler and
                  George Drettakis},
  title        = {3D Gaussian Splatting for Real-Time Radiance Field Rendering},
  journal      = {{ACM} Trans. Graph.},
  volume       = {42},
  number       = {4},
  pages        = {139:1--139:14},
  year         = {2023},
  url          = {https://doi.org/10.1145/3592433},
  doi          = {10.1145/3592433},
  timestamp    = {Fri, 18 Aug 2023 08:46:34 +0200},
  biburl       = {https://dblp.org/rec/journals/tog/KerblKLD23.bib},
  bibsource    = {dblp computer science bibliography, https://dblp.org}
}

@inproceedings{DreamFusion,
  author       = {Ben Poole and
                  Ajay Jain and
                  Jonathan T. Barron and
                  Ben Mildenhall},
  title        = {DreamFusion: Text-to-3D using 2D Diffusion},
  booktitle    = {The Eleventh International Conference on Learning Representations,
                  {ICLR} 2023, Kigali, Rwanda, May 1-5, 2023},
  publisher    = {OpenReview.net},
  year         = {2023},
  url          = {https://openreview.net/forum?id=FjNys5c7VyY},
  timestamp    = {Wed, 24 Jul 2024 16:50:33 +0200},
  biburl       = {https://dblp.org/rec/conf/iclr/PooleJBM23.bib},
  bibsource    = {dblp computer science bibliography, https://dblp.org}
}

@inproceedings{DreamGaussian,
  author       = {Jiaxiang Tang and
                  Jiawei Ren and
                  Hang Zhou and
                  Ziwei Liu and
                  Gang Zeng},
  title        = {DreamGaussian: Generative Gaussian Splatting for Efficient 3D Content
                  Creation},
  booktitle    = {The Twelfth International Conference on Learning Representations,
                  {ICLR} 2024, Vienna, Austria, May 7-11, 2024},
  publisher    = {OpenReview.net},
  year         = {2024},
  url          = {https://openreview.net/forum?id=UyNXMqnN3c},
  timestamp    = {Mon, 29 Jul 2024 17:17:48 +0200},
  biburl       = {https://dblp.org/rec/conf/iclr/TangRZ0Z24.bib},
  bibsource    = {dblp computer science bibliography, https://dblp.org}
}

@inproceedings{Fantasia3D,
  author       = {Rui Chen and
                  Yongwei Chen and
                  Ningxin Jiao and
                  Kui Jia},
  title        = {Fantasia3D: Disentangling Geometry and Appearance for High-quality
                  Text-to-3D Content Creation},
  booktitle    = {{IEEE/CVF} International Conference on Computer Vision, {ICCV} 2023,
                  Paris, France, October 1-6, 2023},
  pages        = {22189--22199},
  publisher    = {{IEEE}},
  year         = {2023},
  url          = {https://doi.org/10.1109/ICCV51070.2023.02033},
  doi          = {10.1109/ICCV51070.2023.02033},
  timestamp    = {Tue, 23 Jan 2024 14:28:01 +0100},
  biburl       = {https://dblp.org/rec/conf/iccv/ChenCJJ23.bib},
  bibsource    = {dblp computer science bibliography, https://dblp.org}
}

@inproceedings{Geoformer,
  author       = {Jinpeng Yu and
                  Binbin Huang and
                  Yuxuan Zhang and
                  Huaxia Li and
                  Xu Tang and
                  Shenghua Gao},
  editor       = {Jianfei Cai and
                  Mohan S. Kankanhalli and
                  Balakrishnan Prabhakaran and
                  Susanne Boll and
                  Ramanathan Subramanian and
                  Liang Zheng and
                  Vivek K. Singh and
                  Pablo C{\'{e}}sar and
                  Lexing Xie and
                  Dong Xu},
  title        = {GeoFormer: Learning Point Cloud Completion with Tri-Plane Integrated
                  Transformer},
  booktitle    = {Proceedings of the 32nd {ACM} International Conference on Multimedia,
                  {MM} 2024, Melbourne, VIC, Australia, 28 October 2024 - 1 November
                  2024},
  pages        = {8952--8961},
  publisher    = {{ACM}},
  year         = {2024},
  url          = {https://doi.org/10.1145/3664647.3680842},
  doi          = {10.1145/3664647.3680842},
  timestamp    = {Tue, 05 Nov 2024 18:00:40 +0100},
  biburl       = {https://dblp.org/rec/conf/mm/0002HZLTG24.bib},
  bibsource    = {dblp computer science bibliography, https://dblp.org}
}

@inproceedings{LGM,
  author       = {Yicong Hong and
                  Kai Zhang and
                  Jiuxiang Gu and
                  Sai Bi and
                  Yang Zhou and
                  Difan Liu and
                  Feng Liu and
                  Kalyan Sunkavalli and
                  Trung Bui and
                  Hao Tan},
  title        = {{LRM:} Large Reconstruction Model for Single Image to 3D},
  booktitle    = {The Twelfth International Conference on Learning Representations,
                  {ICLR} 2024, Vienna, Austria, May 7-11, 2024},
  publisher    = {OpenReview.net},
  year         = {2024},
  url          = {https://openreview.net/forum?id=sllU8vvsFF},
  timestamp    = {Mon, 29 Jul 2024 17:17:48 +0200},
  biburl       = {https://dblp.org/rec/conf/iclr/Hong0GBZLLSB024.bib},
  bibsource    = {dblp computer science bibliography, https://dblp.org}
}

@inproceedings{LRM,
  author       = {Yicong Hong and
                  Kai Zhang and
                  Jiuxiang Gu and
                  Sai Bi and
                  Yang Zhou and
                  Difan Liu and
                  Feng Liu and
                  Kalyan Sunkavalli and
                  Trung Bui and
                  Hao Tan},
  title        = {{LRM:} Large Reconstruction Model for Single Image to 3D},
  booktitle    = {The Twelfth International Conference on Learning Representations,
                  {ICLR} 2024, Vienna, Austria, May 7-11, 2024},
  publisher    = {OpenReview.net},
  year         = {2024},
  url          = {https://openreview.net/forum?id=sllU8vvsFF},
  timestamp    = {Mon, 29 Jul 2024 17:17:48 +0200},
  biburl       = {https://dblp.org/rec/conf/iclr/Hong0GBZLLSB024.bib},
  bibsource    = {dblp computer science bibliography, https://dblp.org}
}

@inproceedings{Pcn,
  title={Pcn: Point completion network},
  author={Yuan, Wentao and Khot, Tejas and Held, David and Mertz, Christoph and Hebert, Martial},
  booktitle={International Conference on 3D Vision},
  pages={728--737},
  year={2018}
}

@inproceedings{Pointr,
  title={Pointr: Diverse point cloud completion with geometry-aware transformers},
  author={Yu, Xumin and Rao, Yongming and Wang, Ziyi and Liu, Zuyan and Lu, Jiwen and Zhou, Jie},
  booktitle={IEEE/CVF International Conference on Computer Vision},
  pages={12498--12507},
  year={2021}
}

@InProceedings{SVDFormer,
    author    = {Zhu, Zhe and Chen, Honghua and He, Xing and Wang, Weiming and Qin, Jing and Wei, Mingqiang},
    title     = {SVDFormer: Complementing Point Cloud via Self-view Augmentation and Self-structure Dual-generator},
    booktitle = {IEEE/CVF International Conference on Computer Vision},
    year      = {2023},
    pages     = {14508--14518}
}

@ARTICLE{Snowflakenet,
  author={Xiang, Peng and Wen, Xin and Liu, Yu-Shen and Cao, Yan-Pei and Wan, Pengfei and Zheng, Wen and Han, Zhizhong},
  journal={IEEE Transactions on Pattern Analysis and Machine Intelligence}, 
  title={Snowflake Point Deconvolution for Point Cloud Completion and Generation With Skip-Transformer}, 
  year={2023},
  volume={45},
  number={5},
  pages={6320-6338}
}

@inproceedings{aclspc,
  author       = {Sangmin Hong and
                  Mohsen Yavartanoo and
                  Reyhaneh Neshatavar and
                  Kyoung Mu Lee},
  title        = {{ACL-SPC:} Adaptive Closed-Loop System for Self-Supervised Point Cloud
                  Completion},
  booktitle    = {{IEEE/CVF} Conference on Computer Vision and Pattern Recognition,
                  {CVPR} 2023, Vancouver, BC, Canada, June 17-24, 2023},
  pages        = {9435--9444},
  publisher    = {{IEEE}},
  year         = {2023},
  url          = {https://doi.org/10.1109/CVPR52729.2023.00910},
  doi          = {10.1109/CVPR52729.2023.00910},
  timestamp    = {Mon, 28 Aug 2023 16:14:40 +0200},
  biburl       = {https://dblp.org/rec/conf/cvpr/HongYNL23.bib},
  bibsource    = {dblp computer science bibliography, https://dblp.org}
}

@inproceedings{c4c,
  author       = {Xin Wen and
                  Zhizhong Han and
                  Yan{-}Pei Cao and
                  Pengfei Wan and
                  Wen Zheng and
                  Yu{-}Shen Liu},
  title        = {Cycle4Completion: Unpaired Point Cloud Completion Using Cycle Transformation
                  With Missing Region Coding},
  booktitle    = {{IEEE} Conference on Computer Vision and Pattern Recognition, {CVPR}
                  2021, virtual, June 19-25, 2021},
  pages        = {13080--13089},
  publisher    = {Computer Vision Foundation / {IEEE}},
  year         = {2021},
  url          = {https://openaccess.thecvf.com/content/CVPR2021/html/Wen\_Cycle4Completion\_Unpaired\_Point\_Cloud\_Completion\_Using\_Cycle\_Transformation\_With\_Missing\_CVPR\_2021\_paper.html},
  doi          = {10.1109/CVPR46437.2021.01288},
  timestamp    = {Mon, 18 Jul 2022 16:47:41 +0200},
  biburl       = {https://dblp.org/rec/conf/cvpr/WenHCWZL21.bib},
  bibsource    = {dblp computer science bibliography, https://dblp.org}
}

@inproceedings{dmtet,
  author       = {Tianchang Shen and
                  Jun Gao and
                  Kangxue Yin and
                  Ming{-}Yu Liu and
                  Sanja Fidler},
  editor       = {Marc'Aurelio Ranzato and
                  Alina Beygelzimer and
                  Yann N. Dauphin and
                  Percy Liang and
                  Jennifer Wortman Vaughan},
  title        = {Deep Marching Tetrahedra: a Hybrid Representation for High-Resolution
                  3D Shape Synthesis},
  booktitle    = {Advances in Neural Information Processing Systems 34: Annual Conference
                  on Neural Information Processing Systems 2021, NeurIPS 2021, December
                  6-14, 2021, virtual},
  pages        = {6087--6101},
  year         = {2021},
  url          = {https://proceedings.neurips.cc/paper/2021/hash/30a237d18c50f563cba4531f1db44acf-Abstract.html},
  timestamp    = {Mon, 24 Apr 2023 15:19:56 +0200},
  biburl       = {https://dblp.org/rec/conf/nips/ShenGYLF21.bib},
  bibsource    = {dblp computer science bibliography, https://dblp.org}
}

@inproceedings{gaussiandreamer,
  author       = {Taoran Yi and
                  Jiemin Fang and
                  Junjie Wang and
                  Guanjun Wu and
                  Lingxi Xie and
                  Xiaopeng Zhang and
                  Wenyu Liu and
                  Qi Tian and
                  Xinggang Wang},
  title        = {GaussianDreamer: Fast Generation from Text to 3D Gaussians by Bridging
                  2D and 3D Diffusion Models},
  booktitle    = {{IEEE/CVF} Conference on Computer Vision and Pattern Recognition,
                  {CVPR} 2024, Seattle, WA, USA, June 16-22, 2024},
  pages        = {6796--6807},
  publisher    = {{IEEE}},
  year         = {2024},
  url          = {https://doi.org/10.1109/CVPR52733.2024.00649},
  doi          = {10.1109/CVPR52733.2024.00649},
  timestamp    = {Wed, 02 Oct 2024 17:33:19 +0200},
  biburl       = {https://dblp.org/rec/conf/cvpr/YiFWWX000W24.bib},
  bibsource    = {dblp computer science bibliography, https://dblp.org}
}

@inproceedings{geometry,
  author       = {Haoran Zhou and
                  Honghua Chen and
                  Yidan Feng and
                  Qiong Wang and
                  Jing Qin and
                  Haoran Xie and
                  Fu Lee Wang and
                  Mingqiang Wei and
                  Jun Wang},
  title        = {Geometry and Learning Co-Supported Normal Estimation for Unstructured
                  Point Cloud},
  booktitle    = {2020 {IEEE/CVF} Conference on Computer Vision and Pattern Recognition,
                  {CVPR} 2020, Seattle, WA, USA, June 13-19, 2020},
  pages        = {13235--13244},
  publisher    = {Computer Vision Foundation / {IEEE}},
  year         = {2020},
  url          = {https://openaccess.thecvf.com/content\_CVPR\_2020/html/Zhou\_Geometry\_and\_Learning\_Co-Supported\_Normal\_Estimation\_for\_Unstructured\_Point\_Cloud\_CVPR\_2020\_paper.html},
  doi          = {10.1109/CVPR42600.2020.01325},
  timestamp    = {Sat, 09 Apr 2022 12:44:26 +0200},
  biburl       = {https://dblp.org/rec/conf/cvpr/ZhouCF000WW020.bib},
  bibsource    = {dblp computer science bibliography, https://dblp.org}
}

@inproceedings{han2017high,
  title={High-resolution shape completion using deep neural networks for global structure and local geometry inference},
  author={Han, Xiaoguang and Li, Zhen and Huang, Haibin and Kalogerakis, Evangelos and Yu, Yizhou},
  booktitle={IEEE/CVF International Conference on Computer Vision},
  pages={85--93},
  year={2017}
}

@article{instantmesh,
  author       = {Jiale Xu and
                  Weihao Cheng and
                  Yiming Gao and
                  Xintao Wang and
                  Shenghua Gao and
                  Ying Shan},
  title        = {InstantMesh: Efficient 3D Mesh Generation from a Single Image with
                  Sparse-view Large Reconstruction Models},
  journal      = {CoRR},
  volume       = {abs/2404.07191},
  year         = {2024},
  url          = {https://doi.org/10.48550/arXiv.2404.07191},
  doi          = {10.48550/ARXIV.2404.07191},
  eprinttype    = {arXiv},
  eprint       = {2404.07191},
  timestamp    = {Thu, 16 May 2024 13:49:33 +0200},
  biburl       = {https://dblp.org/rec/journals/corr/abs-2404-07191.bib},
  bibsource    = {dblp computer science bibliography, https://dblp.org}
}

@inproceedings{liu2020morphing,
  title={Morphing and sampling network for dense point cloud completion},
  author={Liu, Minghua and Sheng, Lu and Yang, Sheng and Shao, Jing and Hu, Shi-Min},
  booktitle={AAAI conference on artificial intelligence},
  volume={34},
  number={07},
  pages={11596--11603},
  year={2020}
}

@inproceedings{magic3d,
  author       = {Chen{-}Hsuan Lin and
                  Jun Gao and
                  Luming Tang and
                  Towaki Takikawa and
                  Xiaohui Zeng and
                  Xun Huang and
                  Karsten Kreis and
                  Sanja Fidler and
                  Ming{-}Yu Liu and
                  Tsung{-}Yi Lin},
  title        = {Magic3D: High-Resolution Text-to-3D Content Creation},
  booktitle    = {{IEEE/CVF} Conference on Computer Vision and Pattern Recognition,
                  {CVPR} 2023, Vancouver, BC, Canada, June 17-24, 2023},
  pages        = {300--309},
  publisher    = {{IEEE}},
  year         = {2023},
  url          = {https://doi.org/10.1109/CVPR52729.2023.00037},
  doi          = {10.1109/CVPR52729.2023.00037},
  timestamp    = {Thu, 22 Aug 2024 09:53:46 +0200},
  biburl       = {https://dblp.org/rec/conf/cvpr/Lin0TTZHKF0L23.bib},
  bibsource    = {dblp computer science bibliography, https://dblp.org}
}

@inproceedings{nerf,
  author       = {Ben Mildenhall and
                  Pratul P. Srinivasan and
                  Matthew Tancik and
                  Jonathan T. Barron and
                  Ravi Ramamoorthi and
                  Ren Ng},
  editor       = {Andrea Vedaldi and
                  Horst Bischof and
                  Thomas Brox and
                  Jan{-}Michael Frahm},
  title        = {NeRF: Representing Scenes as Neural Radiance Fields for View Synthesis},
  booktitle    = {Computer Vision - {ECCV} 2020 - 16th European Conference, Glasgow,
                  UK, August 23-28, 2020, Proceedings, Part {I}},
  series       = {Lecture Notes in Computer Science},
  volume       = {12346},
  pages        = {405--421},
  publisher    = {Springer},
  year         = {2020},
  url          = {https://doi.org/10.1007/978-3-030-58452-8\_24},
  doi          = {10.1007/978-3-030-58452-8\_24},
  timestamp    = {Tue, 03 Nov 2020 17:24:58 +0100},
  biburl       = {https://dblp.org/rec/conf/eccv/MildenhallSTBRN20.bib},
  bibsource    = {dblp computer science bibliography, https://dblp.org}
}

@inproceedings{objaverse,
  author       = {Matt Deitke and
                  Dustin Schwenk and
                  Jordi Salvador and
                  Luca Weihs and
                  Oscar Michel and
                  Eli VanderBilt and
                  Ludwig Schmidt and
                  Kiana Ehsani and
                  Aniruddha Kembhavi and
                  Ali Farhadi},
  title        = {Objaverse: {A} Universe of Annotated 3D Objects},
  booktitle    = {{IEEE/CVF} Conference on Computer Vision and Pattern Recognition,
                  {CVPR} 2023, Vancouver, BC, Canada, June 17-24, 2023},
  pages        = {13142--13153},
  publisher    = {{IEEE}},
  year         = {2023},
  url          = {https://doi.org/10.1109/CVPR52729.2023.01263},
  doi          = {10.1109/CVPR52729.2023.01263},
  timestamp    = {Wed, 30 Aug 2023 08:56:32 +0200},
  biburl       = {https://dblp.org/rec/conf/cvpr/DeitkeSSWMVSEKF23.bib},
  bibsource    = {dblp computer science bibliography, https://dblp.org}
}

@inproceedings{objaverseXL,
  author       = {Matt Deitke and
                  Ruoshi Liu and
                  Matthew Wallingford and
                  Huong Ngo and
                  Oscar Michel and
                  Aditya Kusupati and
                  Alan Fan and
                  Christian Laforte and
                  Vikram Voleti and
                  Samir Yitzhak Gadre and
                  Eli VanderBilt and
                  Aniruddha Kembhavi and
                  Carl Vondrick and
                  Georgia Gkioxari and
                  Kiana Ehsani and
                  Ludwig Schmidt and
                  Ali Farhadi},
  editor       = {Alice Oh and
                  Tristan Naumann and
                  Amir Globerson and
                  Kate Saenko and
                  Moritz Hardt and
                  Sergey Levine},
  title        = {Objaverse-XL: {A} Universe of 10M+ 3D Objects},
  booktitle    = {Advances in Neural Information Processing Systems 36: Annual Conference
                  on Neural Information Processing Systems 2023, NeurIPS 2023, New Orleans,
                  LA, USA, December 10 - 16, 2023},
  year         = {2023},
  url          = {http://papers.nips.cc/paper\_files/paper/2023/hash/70364304877b5e767de4e9a2a511be0c-Abstract-Datasets\_and\_Benchmarks.html},
  timestamp    = {Fri, 01 Mar 2024 16:26:20 +0100},
  biburl       = {https://dblp.org/rec/conf/nips/DeitkeLWNMKFLVG23.bib},
  bibsource    = {dblp computer science bibliography, https://dblp.org}
}

@inproceedings{p2c,
  author       = {Ruikai Cui and
                  Shi Qiu and
                  Saeed Anwar and
                  Jiawei Liu and
                  Chaoyue Xing and
                  Jing Zhang and
                  Nick Barnes},
  title        = {{P2C:} Self-Supervised Point Cloud Completion from Single Partial
                  Clouds},
  booktitle    = {{IEEE/CVF} International Conference on Computer Vision, {ICCV} 2023,
                  Paris, France, October 1-6, 2023},
  pages        = {14305--14314},
  publisher    = {{IEEE}},
  year         = {2023},
  url          = {https://doi.org/10.1109/ICCV51070.2023.01320},
  doi          = {10.1109/ICCV51070.2023.01320},
  timestamp    = {Mon, 22 Jan 2024 17:21:08 +0100},
  biburl       = {https://dblp.org/rec/conf/iccv/CuiQALXZB23.bib},
  bibsource    = {dblp computer science bibliography, https://dblp.org}
}

@inproceedings{pcl2pcl,
  author       = {Xuelin Chen and
                  Baoquan Chen and
                  Niloy J. Mitra},
  title        = {Unpaired Point Cloud Completion on Real Scans using Adversarial Training},
  booktitle    = {8th International Conference on Learning Representations, {ICLR} 2020,
                  Addis Ababa, Ethiopia, April 26-30, 2020},
  publisher    = {OpenReview.net},
  year         = {2020},
  url          = {https://openreview.net/forum?id=HkgrZ0EYwB},
  timestamp    = {Thu, 07 May 2020 17:11:47 +0200},
  biburl       = {https://dblp.org/rec/conf/iclr/ChenCM20.bib},
  bibsource    = {dblp computer science bibliography, https://dblp.org}
}

@inproceedings{pf-net,
  title={Pf-net: Point fractal network for 3d point cloud completion},
  author={Huang, Zitian and Yu, Yikuan and Xu, Jiawen and Ni, Feng and Le, Xinyi},
  booktitle={IEEE/CVF Conference on Computer Vision and Pattern Recognition},
  pages={7662--7670},
  year={2020}
}

@article{pointclean,
  author       = {Marie{-}Julie Rakotosaona and
                  Vittorio La Barbera and
                  Paul Guerrero and
                  Niloy J. Mitra and
                  Maks Ovsjanikov},
  title        = {PointCleanNet: Learning to Denoise and Remove Outliers from Dense
                  Point Clouds},
  journal      = {Comput. Graph. Forum},
  volume       = {39},
  number       = {1},
  pages        = {185--203},
  year         = {2020},
  url          = {https://doi.org/10.1111/cgf.13753},
  doi          = {10.1111/CGF.13753},
  timestamp    = {Mon, 25 Mar 2024 21:49:59 +0100},
  biburl       = {https://dblp.org/rec/journals/cgf/RakotosaonaBGMO20.bib},
  bibsource    = {dblp computer science bibliography, https://dblp.org}
}

@inproceedings{ppnetbmvc,
  author       = {Himangi Mittal and
                  Brian Okorn and
                  Arpit Jangid and
                  David Held},
  title        = {Self-Supervised Point Cloud Completion via Inpainting},
  booktitle    = {32nd British Machine Vision Conference 2021, {BMVC} 2021, Online,
                  November 22-25, 2021},
  pages        = {7},
  publisher    = {{BMVA} Press},
  year         = {2021},
  url          = {https://www.bmvc2021-virtualconference.com/assets/papers/0443.pdf},
  timestamp    = {Wed, 22 Jun 2022 16:52:45 +0200},
  biburl       = {https://dblp.org/rec/conf/bmvc/MittalOJH21.bib},
  bibsource    = {dblp computer science bibliography, https://dblp.org}
}

@inproceedings{punet,
  author       = {Lequan Yu and
                  Xianzhi Li and
                  Chi{-}Wing Fu and
                  Daniel Cohen{-}Or and
                  Pheng{-}Ann Heng},
  title        = {PU-Net: Point Cloud Upsampling Network},
  booktitle    = {2018 {IEEE} Conference on Computer Vision and Pattern Recognition,
                  {CVPR} 2018, Salt Lake City, UT, USA, June 18-22, 2018},
  pages        = {2790--2799},
  publisher    = {Computer Vision Foundation / {IEEE} Computer Society},
  year         = {2018},
  url          = {http://openaccess.thecvf.com/content\_cvpr\_2018/html/Yu\_PU-Net\_Point\_Cloud\_CVPR\_2018\_paper.html},
  doi          = {10.1109/CVPR.2018.00295},
  timestamp    = {Fri, 24 Mar 2023 00:02:57 +0100},
  biburl       = {https://dblp.org/rec/conf/cvpr/YuLFCH18.bib},
  bibsource    = {dblp computer science bibliography, https://dblp.org}
}

@inproceedings{qi2017pointnet,
  title={Pointnet: Deep learning on point sets for 3d classification and segmentation},
  author={Qi, Charles R and Su, Hao and Mo, Kaichun and Guibas, Leonidas J},
  booktitle={IEEE/CVF Conference on Computer Vision and Pattern Recognition},
  pages={652--660},
  year={2017}
}

@article{repcdnet,
  author       = {Honghua Chen and
                  Zeyong Wei and
                  Xianzhi Li and
                  Yabin Xu and
                  Mingqiang Wei and
                  Jun Wang},
  title        = {RePCD-Net: Feature-Aware Recurrent Point Cloud Denoising Network},
  journal      = {Int. J. Comput. Vis.},
  volume       = {130},
  number       = {3},
  pages        = {615--629},
  year         = {2022},
  url          = {https://doi.org/10.1007/s11263-021-01564-7},
  doi          = {10.1007/S11263-021-01564-7},
  timestamp    = {Sat, 30 Sep 2023 10:15:06 +0200},
  biburl       = {https://dblp.org/rec/journals/ijcv/ChenWLXWW22.bib},
  bibsource    = {dblp computer science bibliography, https://dblp.org}
}

@inproceedings{sa-net,
  title={Point cloud completion by skip-attention network with hierarchical folding},
  author={Wen, Xin and Li, Tianyang and Han, Zhizhong and Liu, Yu-Shen},
  booktitle={IEEE/CVF Conference on Computer Vision and Pattern Recognition},
  pages={1939--1948},
  year={2020}
}

@inproceedings{sds-complete,
  author       = {Yoni Kasten and
                  Ohad Rahamim and
                  Gal Chechik},
  editor       = {Alice Oh and
                  Tristan Naumann and
                  Amir Globerson and
                  Kate Saenko and
                  Moritz Hardt and
                  Sergey Levine},
  title        = {Point Cloud Completion with Pretrained Text-to-Image Diffusion Models},
  booktitle    = {Advances in Neural Information Processing Systems 36: Annual Conference
                  on Neural Information Processing Systems 2023, NeurIPS 2023, New Orleans,
                  LA, USA, December 10 - 16, 2023},
  year         = {2023},
  url          = {http://papers.nips.cc/paper\_files/paper/2023/hash/284afdc2309f9667d2d4fb9290235b0c-Abstract-Conference.html},
  timestamp    = {Fri, 01 Mar 2024 16:26:19 +0100},
  biburl       = {https://dblp.org/rec/conf/nips/KastenRC23.bib},
  bibsource    = {dblp computer science bibliography, https://dblp.org}
}

@inproceedings{stablediffusion,
  author       = {Robin Rombach and
                  Andreas Blattmann and
                  Dominik Lorenz and
                  Patrick Esser and
                  Bj{\"{o}}rn Ommer},
  title        = {High-Resolution Image Synthesis with Latent Diffusion Models},
  booktitle    = {{IEEE/CVF} Conference on Computer Vision and Pattern Recognition,
                  {CVPR} 2022, New Orleans, LA, USA, June 18-24, 2022},
  pages        = {10674--10685},
  publisher    = {{IEEE}},
  year         = {2022},
  url          = {https://doi.org/10.1109/CVPR52688.2022.01042},
  doi          = {10.1109/CVPR52688.2022.01042},
  timestamp    = {Wed, 05 Oct 2022 16:31:19 +0200},
  biburl       = {https://dblp.org/rec/conf/cvpr/RombachBLEO22.bib},
  bibsource    = {dblp computer science bibliography, https://dblp.org}
}

@inproceedings{unsupervisedgan,
  author       = {Junzhe Zhang and
                  Xinyi Chen and
                  Zhongang Cai and
                  Liang Pan and
                  Haiyu Zhao and
                  Shuai Yi and
                  Chai Kiat Yeo and
                  Bo Dai and
                  Chen Change Loy},
  title        = {Unsupervised 3D Shape Completion Through {GAN} Inversion},
  booktitle    = {{IEEE} Conference on Computer Vision and Pattern Recognition, {CVPR}
                  2021, virtual, June 19-25, 2021},
  pages        = {1768--1777},
  publisher    = {Computer Vision Foundation / {IEEE}},
  year         = {2021},
  url          = {https://openaccess.thecvf.com/content/CVPR2021/html/Zhang\_Unsupervised\_3D\_Shape\_Completion\_Through\_GAN\_Inversion\_CVPR\_2021\_paper.html},
  doi          = {10.1109/CVPR46437.2021.00181},
  timestamp    = {Thu, 29 Jun 2023 16:58:02 +0200},
  biburl       = {https://dblp.org/rec/conf/cvpr/ZhangCCPZYYDL21.bib},
  bibsource    = {dblp computer science bibliography, https://dblp.org}
}

@inproceedings{varley2017shape,
  title={Shape completion enabled robotic grasping},
  author={Varley, Jacob and DeChant, Chad and Richardson, Adam and Ruales, Joaqu{\'\i}n and Allen, Peter},
  booktitle={IEEE/RSJ International Conference on Intelligent Robots and Systems},
  pages={2442--2447},
  year={2017}
}

@article{vaswani2017attention,
  title={Attention is all you need},
  author={Vaswani, Ashish and Shazeer, Noam and Parmar, Niki and Uszkoreit, Jakob and Jones, Llion and Gomez, Aidan N and Kaiser, {\L}ukasz and Polosukhin, Illia},
  journal={Advances in Neural Information Processing Systems},
  volume={30},
  year={2017}
}

@inproceedings{votenet,
  author       = {Charles R. Qi and
                  Or Litany and
                  Kaiming He and
                  Leonidas J. Guibas},
  title        = {Deep Hough Voting for 3D Object Detection in Point Clouds},
  booktitle    = {2019 {IEEE/CVF} International Conference on Computer Vision, {ICCV}
                  2019, Seoul, Korea (South), October 27 - November 2, 2019},
  pages        = {9276--9285},
  publisher    = {{IEEE}},
  year         = {2019},
  url          = {https://doi.org/10.1109/ICCV.2019.00937},
  doi          = {10.1109/ICCV.2019.00937},
  timestamp    = {Thu, 05 Mar 2020 13:43:22 +0100},
  biburl       = {https://dblp.org/rec/conf/iccv/QiLHG19.bib},
  bibsource    = {dblp computer science bibliography, https://dblp.org}
}

@inproceedings{wang2020cascaded,
  title={Cascaded refinement network for point cloud completion},
  author={Wang, Xiaogang and Ang Jr, Marcelo H and Lee, Gim Hee},
  booktitle={IEEE/CVF Conference on Computer Vision and Pattern Recognition},
  pages={790--799},
  year={2020}
}

@inproceedings{wen2021pmp,
  title={Pmp-net: Point cloud completion by learning multi-step point moving paths},
  author={Wen, Xin and Xiang, Peng and Han, Zhizhong and Cao, Yan-Pei and Wan, Pengfei and Zheng, Wen and Liu, Yu-Shen},
  booktitle={IEEE/CVF Conference on Computer Vision and Pattern Recognition},
  pages={7443--7452},
  year={2021}
}

@inproceedings{xie2020grnet,
  title={Grnet: Gridding residual network for dense point cloud completion},
  author={Xie, Haozhe and Yao, Hongxun and Zhou, Shangchen and Mao, Jiageng and Zhang, Shengping and Sun, Wenxiu},
  booktitle={European Conference on Computer Vision},
  pages={365--381},
  year={2020}
}

@inproceedings{xie2021stylegan,
  title={Style-based point generator with adversarial rendering for point cloud completion},
  author={Xie, Chulin and Wang, Chuxin and Zhang, Bo and Yang, Hao and Chen, Dong and Wen, Fang},
  booktitle={IEEE/CVF Conference on Computer Vision and Pattern Recognition},
  pages={4619--4628},
  year={2021}
}

@inproceedings{zero123,
  author       = {Ruoshi Liu and
                  Rundi Wu and
                  Basile Van Hoorick and
                  Pavel Tokmakov and
                  Sergey Zakharov and
                  Carl Vondrick},
  title        = {Zero-1-to-3: Zero-shot One Image to 3D Object},
  booktitle    = {{IEEE/CVF} International Conference on Computer Vision, {ICCV} 2023,
                  Paris, France, October 1-6, 2023},
  pages        = {9264--9275},
  publisher    = {{IEEE}},
  year         = {2023},
  url          = {https://doi.org/10.1109/ICCV51070.2023.00853},
  doi          = {10.1109/ICCV51070.2023.00853},
  timestamp    = {Mon, 22 Jan 2024 17:21:08 +0100},
  biburl       = {https://dblp.org/rec/conf/iccv/LiuWHTZV23.bib},
  bibsource    = {dblp computer science bibliography, https://dblp.org}
}

@article{zeroshotpointcloudcompletion,
  author       = {Tianxin Huang and
                  Zhiwen Yan and
                  Yuyang Zhao and
                  Gim Hee Lee},
  title        = {Zero-shot Point Cloud Completion Via 2D Priors},
  journal      = {CoRR},
  volume       = {abs/2404.06814},
  year         = {2024},
  url          = {https://doi.org/10.48550/arXiv.2404.06814},
  doi          = {10.48550/ARXIV.2404.06814},
  eprinttype    = {arXiv},
  eprint       = {2404.06814},
  timestamp    = {Thu, 16 May 2024 13:49:33 +0200},
  biburl       = {https://dblp.org/rec/journals/corr/abs-2404-06814.bib},
  bibsource    = {dblp computer science bibliography, https://dblp.org}
}

@inproceedings{zhang2021view,
  title={View-Guided Point Cloud Completion},
  author={Zhang, Xuancheng and Feng, Yutong and Li, Siqi and Zou, Changqing and Wan, Hai and Zhao, Xibin and Guo, Yandong and Gao, Yue},
  booktitle={IEEE/CVF Conference on Computer Vision and Pattern Recognition},
  pages={15890--15899},
  year={2021}
}

@ARTICLE{zhu2023csdn,
  author={Zhu, Zhe and Nan, Liangliang and Xie, Haoran and Chen, Honghua and Wang, Jun and Wei, Mingqiang and Qin, Jing},
  journal={IEEE Transactions on Visualization and Computer Graphics}, 
  title={CSDN: Cross-Modal Shape-Transfer Dual-Refinement Network for Point Cloud Completion}, 
  year={2024},
  volume={30},
  number={7},
  pages={3545-3563},
  doi={10.1109/TVCG.2023.3236061}}

