
% Journals

% First the Full Name is given, then the abbreviation used in the AMS Math
% Reviews, with an indication if it could not be found there.
% Note the 2nd overwrites the 1st, so swap them if you want the full name.

 %{AMS}
 @String{AMSTrans = "American Mathematical Society Translations" }
 @String{AMSTrans = "Amer. Math. Soc. Transl." }
 @String{BullAMS = "Bulletin of the American Mathematical Society" }
 @String{BullAMS = "Bull. Amer. Math. Soc." }
 @String{ProcAMS = "Proceedings of the American Mathematical Society" }
 @String{ProcAMS = "Proc. Amer. Math. Soc." }
 @String{TransAMS = "Transactions of the American Mathematical Society" }
 @String{TransAMS = "Trans. Amer. Math. Soc." }

 %ACM
 @String{CACM = "Communications of the {ACM}" }
 @String{CACM = "Commun. {ACM}" }
 @String{CompServ = "Comput. Surveys" }
 @String{JACM = "J. ACM" }
 @String{ACMMathSoft = "{ACM} Transactions on Mathematical Software" }
 @String{ACMMathSoft = "{ACM} Trans. Math. Software" }
 @String{SIGNUM = "{ACM} {SIGNUM} Newsletter" }
 @String{SIGNUM = "{ACM} {SIGNUM} Newslett." }

 @String{AmerSocio = "American Journal of Sociology" }
 @String{AmerStatAssoc = "Journal of the American Statistical Association" }
 @String{AmerStatAssoc = "J. Amer. Statist. Assoc." }
 @String{ApplMathComp = "Applied Mathematics and Computation" }
 @String{ApplMathComp = "Appl. Math. Comput." }
 @String{AmerMathMonthly = "American Mathematical Monthly" }
 @String{AmerMathMonthly = "Amer. Math. Monthly" }
 @String{BIT = "{BIT}" }
 @String{BritStatPsych = "British Journal of Mathematical and Statistical
          Psychology" }
 @String{BritStatPsych = "Brit. J. Math. Statist. Psych." }
 @String{CanMathBull = "Canadian Mathematical Bulletin" }
 @String{CanMathBull = "Canad. Math. Bull." }
 @String{CompApplMath = "Journal of Computational and Applied Mathematics" }
 @String{CompApplMath = "J. Comput. Appl. Math." }
 @String{CompPhys = "Journal of Computational Physics" }
 @String{CompPhys = "J. Comput. Phys." }
 @String{CompStruct = "Computers and Structures" }
 @String{CompStruct = "Comput. \& Structures" }
 @String{CompJour = "The Computer Journal" }
 @String{CompJour = "Comput. J." }
 @String{CompSysSci = "Journal of Computer and System Sciences" }
 @String{CompSysSci = "J. Comput. System Sci." }
 @String{Computing = "Computing" }
 @String{ContempMath = "Contemporary Mathematics" }
 @String{ContempMath = "Contemp. Math." }
 @String{Crelle = "Crelle's Journal" }
 @String{GiornaleMath = "Giornale di Mathematiche" }
 @String{GiornaleMath = "Giorn. Mat." } % didn't find in AMS MR., ibid.

 %IEEE
 @String{Computer = "{IEEE} Computer" }
 @String{IEEETransComp = "{IEEE} Transactions on Computers" }
 @String{IEEETransComp = "{IEEE} Trans. Comput." }
 @String{IEEETransAC = "{IEEE} Transactions on Automatic Control" }
 @String{IEEETransAC = "{IEEE} Trans. Automat. Control" }
 @String{IEEESpec = "{IEEE} Spectrum" } % didn't find in AMS MR
 @String{ProcIEEE = "Proceedings of the {IEEE}" }
 @String{ProcIEEE = "Proc. {IEEE}" } % didn't find in AMS MR
 @String{IEEETransAeroElec = "{IEEE} Transactions on Aerospace and Electronic
     Systems" }
 @String{IEEETransAeroElec = "{IEEE} Trans. Aerospace Electron. Systems" }

 @String{IMANumerAna = "{IMA} Journal of Numerical Analysis" }
 @String{IMANumerAna = "{IMA} J. Numer. Anal." }
 @String{InfProcLet = "Information Processing Letters" }
 @String{InfProcLet = "Inform. Process. Lett." }
 @String{InstMathApp = "Journal of the Institute of Mathematics and
     its Applications" }
 @String{InstMathApp = "J. Inst. Math. Appl." }
 @String{IntControl = "International Journal of Control" }
 @String{IntControl = "Internat. J. Control" }
 @String{IntNumerEng = "International Journal for Numerical Methods in
     Engineering" }
 @String{IntNumerEng = "Internat. J. Numer. Methods Engrg." }
 @String{IntSuper = "International Journal of Supercomputing Applications" }
 @String{IntSuper = "Internat. J. Supercomputing Applic." } % didn't find
%% in AMS MR
 @String{Kibernetika = "Kibernetika" }
 @String{JResNatBurStand = "Journal of Research of the National Bureau
     of Standards" }
 @String{JResNatBurStand = "J. Res. Nat. Bur. Standards" }
 @String{LinAlgApp = "Linear Algebra and its Applications" }
 @String{LinAlgApp = "Linear Algebra Appl." }
 @String{MathAnaAppl = "Journal of Mathematical Analysis and Applications" }
 @String{MathAnaAppl = "J. Math. Anal. Appl." }
 @String{MathAnnalen = "Mathematische Annalen" }
 @String{MathAnnalen = "Math. Ann." }
 @String{MathPhys = "Journal of Mathematical Physics" }
 @String{MathPhys = "J. Math. Phys." }
 @String{MathComp = "Mathematics of Computation" }
 @String{MathComp = "Math. Comp." }
 @String{MathScand = "Mathematica Scandinavica" }
 @String{MathScand = "Math. Scand." }
 @String{TablesAidsComp = "Mathematical Tables and Other Aids to Computation" }
 @String{TablesAidsComp = "Math. Tables Aids Comput." }
 @String{NumerMath = "Numerische Mathematik" }
 @String{NumerMath = "Numer. Math." }
 @String{PacificMath = "Pacific Journal of Mathematics" }
 @String{PacificMath = "Pacific J. Math." }
 @String{ParDistComp = "Journal of Parallel and Distributed Computing" }
 @String{ParDistComp = "J. Parallel and Distrib. Comput." } % didn't find
%% in AMS MR
 @String{ParComputing = "Parallel Computing" }
 @String{ParComputing = "Parallel Comput." }
 @String{PhilMag = "Philosophical Magazine" }
 @String{PhilMag = "Philos. Mag." }
 @String{ProcNAS = "Proceedings of the National Academy of Sciences
                    of the USA" }
 @String{ProcNAS = "Proc. Nat. Acad. Sci. U. S. A." }
 @String{Psychometrika = "Psychometrika" }
 @String{QuartMath = "Quarterly Journal of Mathematics, Oxford, Series (2)" }
 @String{QuartMath = "Quart. J. Math. Oxford Ser. (2)" }
 @String{QuartApplMath = "Quarterly of Applied Mathematics" }
 @String{QuartApplMath = "Quart. Appl. Math." }
 @String{RevueInstStat = "Review of the International Statisical Institute" }
 @String{RevueInstStat = "Rev. Inst. Internat. Statist." }

 %SIAM
 @String{JSIAM = "Journal of the Society for Industrial and Applied
     Mathematics" }
 @String{JSIAM = "J. Soc. Indust. Appl. Math." }
 @String{JSIAMB = "Journal of the Society for Industrial and Applied
     Mathematics, Series B, Numerical Analysis" }
 @String{JSIAMB = "J. Soc. Indust. Appl. Math. Ser. B Numer. Anal." }
 @String{SIAMAlgMeth = "{SIAM} Journal on Algebraic and Discrete Methods" }
 @String{SIAMAlgMeth = "{SIAM} J. Algebraic Discrete Methods" }
 @String{SIAMAppMath = "{SIAM} Journal on Applied Mathematics" }
 @String{SIAMAppMath = "{SIAM} J. Appl. Math." }
 @String{SIAMComp = "{SIAM} Journal on Computing" }
 @String{SIAMComp = "{SIAM} J. Comput." }
 @String{SIAMMatrix = "{SIAM} Journal on Matrix Analysis and Applications" }
 @String{SIAMMatrix = "{SIAM} J. Matrix Anal. Appl." }
 @String{SIAMNumAnal = "{SIAM} Journal on Numerical Analysis" }
 @String{SIAMNumAnal = "{SIAM} J. Numer. Anal." }
 @String{SIAMReview = "{SIAM} Review" }
 @String{SIAMReview = "{SIAM} Rev." }
 @String{SIAMSciStat = "{SIAM} Journal on Scientific and Statistical
     Computing" }
 @String{SIAMSciStat = "{SIAM} J. Sci. Statist. Comput." }

 @String{SoftPracExp = "Software Practice and Experience" }
 @String{SoftPracExp = "Software Prac. Experience" } % didn't find in AMS MR
 @String{StatScience = "Statistical Science" }
 @String{StatScience = "Statist. Sci." }
 @String{Techno = "Technometrics" }
 @String{USSRCompMathPhys = "{USSR} Computational Mathematics and Mathematical
     Physics" }
 @String{USSRCompMathPhys = "{U. S. S. R.} Comput. Math. and Math. Phys." }
 @String{VLSICompSys = "Journal of {VLSI} and Computer Systems" }
 @String{VLSICompSys = "J. {VLSI} Comput. Syst." }
 @String{ZAngewMathMech = "Zeitschrift fur Angewandte Mathematik und
     Mechanik" }
 @String{ZAngewMathMech = "Z. Angew. Math. Mech." }
 @String{ZAngewMathPhys = "Zeitschrift fur Angewandte Mathematik und Physik" }
 @String{ZAngewMathPhys = "Z. Angew. Math. Phys." }

% Publishers % ================================================= |

 @String{Academic = "Academic Press" }
 @String{ACMPress = "{ACM} Press" }
 @String{AdamHilger = "Adam Hilger" }
 @String{AddisonWesley = "Addison-Wesley" }
 @String{AllynBacon = "Allyn and Bacon" }
 @String{AMS = "American Mathematical Society" }
 @String{Birkhauser = "Birkha{\"u}ser" }
 @String{CambridgePress = "Cambridge University Press" }
 @String{Chelsea = "Chelsea" }
 @String{ClaredonPress = "Claredon Press" }
 @String{DoverPub = "Dover Publications" }
 @String{Eyolles = "Eyolles" }
 @String{HoltRinehartWinston = "Holt, Rinehart and Winston" }
 @String{Interscience = "Interscience" }
 @String{JohnsHopkinsPress = "The Johns Hopkins University Press" }
 @String{JohnWileySons = "John Wiley and Sons" }
 @String{Macmillan = "Macmillan" }
 @String{MathWorks = "The Math Works Inc." }
 @String{McGrawHill = "McGraw-Hill" }
 @String{NatBurStd = "National Bureau of Standards" }
 @String{NorthHolland = "North-Holland" }
 @String{OxfordPress = "Oxford University Press" }  %address Oxford or London?
 @String{PergamonPress = "Pergamon Press" }
 @String{PlenumPress = "Plenum Press" }
 @String{PrenticeHall = "Prentice-Hall" }
 @String{SIAMPub = "{SIAM} Publications" }
 @String{Springer = "Springer-Verlag" }
 @String{TexasPress = "University of Texas Press" }
 @String{VanNostrand = "Van Nostrand" }
 @String{WHFreeman = "W. H. Freeman and Co." }

%Entries


% References 
@inproceedings{pan2018content,
  title={Content based fake news detection using knowledge graphs},
  author={Pan, Jeff Z and Pavlova, Siyana and Li, Chenxi and Li, Ningxi and Li, Yangmei and Liu, Jinshuo},
  booktitle={17th International Semantic Web Conference, ISWC 2018},
  pages={669--683},
  year={2018},
  organization={Springer Verlag}
}

% KDD 2017
@article{shu2017fake,
  title={Fake news detection on social media: A data mining perspective},
  author={Shu, Kai and Sliva, Amy and Wang, Suhang and Tang, Jiliang and Liu, Huan},
  journal={ACM SIGKDD explorations newsletter},
  volume={19},
  number={1},
  pages={22--36},
  year={2017},
  publisher={ACM New York, NY, USA}
}

@article{rogers2017artful,
  title={Artful paltering: The risks and rewards of using truthful statements to mislead others.},
  author={Rogers, Todd and Zeckhauser, Richard and Gino, Francesca and Norton, Michael I and Schweitzer, Maurice E},
  journal={Journal of personality and social psychology},
  volume={112},
  number={3},
  pages={456},
  year={2017},
  publisher={American Psychological Association}
}

% Artificial intelligence -1997
@article{dietterich1997solving,
  title={Solving the multiple instance problem with axis-parallel rectangles},
  author={Dietterich, Thomas G and Lathrop, Richard H and Lozano-P{\'e}rez, Tom{\'a}s},
  journal={Artificial intelligence},
  volume={89},
  number={1-2},
  pages={31--71},
  year={1997},
  publisher={Elsevier}
}

% ICLR - 2016
@inproceedings{welling2016semi,
  title={Semi-supervised classification with graph convolutional networks},
  author={Welling, Max and Kipf, Thomas N},
  booktitle={J. International Conference on Learning Representations (ICLR 2017)},
  year={2016}
}

@article{wu2019misinformation,
  title={Misinformation in social media: definition, manipulation, and detection},
  author={Wu, Liang and Morstatter, Fred and Carley, Kathleen M and Liu, Huan},
  journal={ACM SIGKDD Explorations Newsletter},
  volume={21},
  number={2},
  pages={80--90},
  year={2019},
  publisher={ACM New York, NY, USA}
}

% SIAM 2017
@inproceedings{wu2017gleaning,
  title={Gleaning wisdom from the past: Early detection of emerging rumors in social media},
  author={Wu, Liang and Li, Jundong and Hu, Xia and Liu, Huan},
  booktitle={Proceedings of the 2017 SIAM international conference on data mining},
  pages={99--107},
  year={2017},
  organization={SIAM}
}

% CIKM 2016
@inproceedings{sampson2016leveraging,
  title={Leveraging the implicit structure within social media for emergent rumor detection},
  author={Sampson, Justin and Morstatter, Fred and Wu, Liang and Liu, Huan},
  booktitle={Proceedings of the 25th ACM international on conference on information and knowledge management},
  pages={2377--2382},
  year={2016}
}

%SIGIR 2022
@inproceedings{DBLP:conf/sigir/YangMLG22,
  author    = {Ruichao Yang et al},
  editor    = {Enrique Amig{\'{o}} and
               Pablo Castells and
               Julio Gonzalo and
               Ben Carterette and
               J. Shane Culpepper and
               Gabriella Kazai},
  title     = {A Weakly Supervised Propagation Model for Rumor Verification and Stance Detection with Multiple Instance Learning},
  booktitle = {{SIGIR} '22},
  pages     = {1761--1772},
  publisher = {{ACM}},
  year      = {2022}
}

% TKDE2023
@article{fang2023unsupervised,
  title={Unsupervised Rumor Detection Based on Propagation Tree VAE},
  author={Fang, Lanting and Feng, Kaiyu and Zhao, Kaiqi and Hu, Aiqun and Li, Tao},
  journal={IEEE Transactions on Knowledge and Data Engineering},
  year={2023},
  publisher={IEEE}
}

% AAAI2019 
@inproceedings{yang2019unsupervised,
  title={Unsupervised fake news detection on social media: A generative approach},
  author={Yang, Shuo and Shu, Kai and Wang, Suhang and Gu, Renjie and Wu, Fan and Liu, Huan},
  booktitle={Proceedings of the AAAI conference on artificial intelligence},
  volume={33},
  number={01},
  pages={5644--5651},
  year={2019}
}

% EMNLP2021
@inproceedings{lin2021rumor,
  title={Rumor Detection on Twitter with Claim-Guided Hierarchical Graph Attention Networks},
  author={Lin, Hongzhan and Ma, Jing and Cheng, Mingfei and Yang, Zhiwei and Chen, Liangliang and Chen, Guang},
  booktitle={Proceedings of the 2021 Conference on Empirical Methods in Natural Language Processing},
  pages={10035--10047},
  year={2021}
}

% AAAI 2018
@inproceedings{santia2018buzzface,
  title={Buzzface: A news veracity dataset with facebook user commentary and egos},
  author={Santia, Giovanni C and Williams, Jake Ryland},
  booktitle={Twelfth international AAAI conference on web and social media},
  year={2018}
}

% ACL2021
@inproceedings{azevedo2021lux,
  title={LUX (Linguistic aspects Under eXamination): Discourse Analysis for Automatic Fake News Classification},
  author={Azevedo, Lucas and d’Aquin, Mathieu and Davis, Brian and Zarrouk, Manel},
  booktitle={Findings of the Association for Computational Linguistics: ACL-IJCNLP 2021},
  pages={41--56},
  year={2021}
}

% ACL2021
@inproceedings{wu2021multimodal,
  title={Multimodal fusion with co-attention networks for fake news detection},
  author={Wu, Yang and Zhan, Pengwei and Zhang, Yunjian and Wang, Liming and Xu, Zhen},
  booktitle={Findings of the association for computational linguistics: ACL-IJCNLP 2021},
  pages={2560--2569},
  year={2021}
}

% WWW 2022
@inproceedings{min2022divide,
  title={Divide-and-conquer: Post-user interaction network for fake news detection on social media},
  author={Min, Erxue and Rong, Yu and Bian, Yatao and Xu, Tingyang and Zhao, Peilin and Huang, Junzhou and Ananiadou, Sophia},
  booktitle={Proceedings of the ACM Web Conference 2022},
  pages={1148--1158},
  year={2022}
}
@inproceedings{park2021experimental,
  title={An experimental study to understand user experience and perception bias occurred by fact-checking messages},
  author={Park, Sungkyu and Park, Jamie Yejean and Chin, Hyojin and Kang, Jeong-han and Cha, Meeyoung},
  booktitle={Proceedings of the Web Conference 2021},
  pages={2769--2780},
  year={2021}
}
@inproceedings{chen2022cross,
  title={Cross-modal ambiguity learning for multimodal fake news detection},
  author={Chen, Yixuan and Li, Dongsheng and Zhang, Peng and Sui, Jie and Lv, Qin and Tun, Lu and Shang, Li},
  booktitle={Proceedings of the ACM Web Conference 2022},
  pages={2897--2905},
  year={2022}
}

%IJCAI 2021
@inproceedings{zheng2022mfan,
  title={MFAN: Multi-modal Feature-enhanced Attention Networks for Rumor Detection},
  author={Zheng, Jiaqi and Zhang, Xi and Guo, Sanchuan and Wang, Quan and Zang, Wenyu and Zhang, Yongdong},
  year={2022},
  organization={IJCAI}
}

% AAAI 2021
@inproceedings{silva2021embracing,
  title={Embracing domain differences in fake news: Cross-domain fake news detection using multi-modal data},
  author={Silva, Amila and Luo, Ling and Karunasekera, Shanika and Leckie, Christopher},
  booktitle={Proceedings of the AAAI conference on artificial intelligence},
  volume={35},
  number={1},
  pages={557--565},
  year={2021}
}

%ACL2021
@inproceedings{song2021adversary,
  title={Adversary-aware rumor detection},
  author={Song, Yun-Zhu and Chen, Yi-Syuan and Chang, Yi-Ting and Weng, Shao-Yu and Shuai, Hong-Han},
  booktitle={Findings of the Association for Computational Linguistics: ACL-IJCNLP 2021},
  pages={1371--1382},
  year={2021}
}

% ACL2021
@inproceedings{li2021meet,
  title={Meet The Truth: Leverage Objective Facts and Subjective Views for Interpretable Rumor Detection},
  author={Li, Jiawen and Ni, Shiwen and Kao, Hung-Yu},
  booktitle={Findings of the Association for Computational Linguistics: ACL-IJCNLP 2021},
  pages={705--715},
  year={2021}
}

% ACL2021
@inproceedings{fung2021infosurgeon,
  title={Infosurgeon: Cross-media fine-grained information consistency checking for fake news detection},
  author={Fung, Yi and Thomas, Christopher and Reddy, Revanth Gangi and Polisetty, Sandeep and Ji, Heng and Chang, Shih-Fu and McKeown, Kathleen and Bansal, Mohit and Sil, Avirup},
  booktitle={Proceedings of the 59th Annual Meeting of the Association for Computational Linguistics and the 11th International Joint Conference on Natural Language Processing (Volume 1: Long Papers)},
  pages={1683--1698},
  year={2021}
}

% ACL2021
@inproceedings{hansen2021automatic,
  title={Automatic Fake News Detection: Are Models Learning to Reason?},
  author={Hansen, Casper and Hansen, Christian and Lima, Lucas Chaves},
  booktitle={Proceedings of the 59th Annual Meeting of the Association for Computational Linguistics and the 11th International Joint Conference on Natural Language Processing (Volume 2: Short Papers)},
  pages={80--86},
  year={2021}
}

% ACL 2021
@inproceedings{hu2021compare,
  title={Compare to the knowledge: Graph neural fake news detection with external knowledge},
  author={Hu, Linmei and Yang, Tianchi and Zhang, Luhao and Zhong, Wanjun and Tang, Duyu and Shi, Chuan and Duan, Nan and Zhou, Ming},
  booktitle={Proceedings of the 59th Annual Meeting of the Association for Computational Linguistics and the 11th International Joint Conference on Natural Language Processing (Volume 1: Long Papers)},
  pages={754--763},
  year={2021}
}

% ACL 2022
@inproceedings{sheng2022zoom,
  title={Zoom Out and Observe: News Environment Perception for Fake News Detection},
  author={Sheng, Qiang and Cao, Juan and Zhang, Xueyao and Li, Rundong and Wang, Danding and Zhu, Yongchun},
  booktitle={Proceedings of the 60th Annual Meeting of the Association for Computational Linguistics (Volume 1: Long Papers)},
  pages={4543--4556},
  year={2022}
}

% ACL 2022
@inproceedings{mehta2022tackling,
  title={Tackling fake news detection by continually improving social context representations using graph neural networks},
  author={Mehta, Nikhil and Pacheco, Mar{\'\i}a Leonor and Goldwasser, Dan},
  booktitle={Proceedings of the 60th Annual Meeting of the Association for Computational Linguistics (Volume 1: Long Papers)},
  pages={1363--1380},
  year={2022}
}

%ACL 2012 short paper

% AI - 2005
@article{zhou2005multi,
  title={Multi-instance learning based web mining},
  author={Zhou, Zhi-Hua and Jiang, Kai and Li, Ming},
  journal={Applied intelligence},
  volume={22},
  number={2},
  pages={135--147},
  year={2005},
  publisher={Springer}
}

% SIGIR - 2014
@inproceedings{wang2014modeling,
  title={Modeling action-level satisfaction for search task satisfaction prediction},
  author={Wang, Hongning and Song, Yang and Chang, Ming-Wei and He, Xiaodong and Hassan, Ahmed and White, Ryen W},
  booktitle={Proceedings of the 37th international ACM SIGIR conference on Research \& development in information retrieval},
  pages={123--132},
  year={2014}
}

@inproceedings{zhang2019learning,
  title={Learning from incomplete and inaccurate supervision},
  author={Zhang, Zhen-Yu and Zhao, Peng and Jiang, Yuan and Zhou, Zhi-Hua},
  booktitle={Proceedings of the 25th ACM SIGKDD International Conference on Knowledge Discovery \& Data Mining},
  pages={1017--1025},
  year={2019}
}

@article{natarajan2013learning,
  title={Learning with noisy labels},
  author={Natarajan, Nagarajan and Dhillon, Inderjit S and Ravikumar, Pradeep K and Tewari, Ambuj},
  journal={Advances in neural information processing systems},
  volume={26},
  year={2013}
}

% VLDB - 2017
@article{bach2017snorkel,
  title={Snorkel: Rapid Training Data Creation with Weak Supervision},
  author={Bach, Alexander Ratner Stephen H and Ehrenberg, Henry and Fries, Jason and Wu, Sen and R{\'e}, Christopher},
  journal={Proceedings of the VLDB Endowment},
  volume={11},
  number={3},
  year={2017}
}

%PMLR - 2019
@inproceedings{varma2019learning,
  title={Learning dependency structures for weak supervision models},
  author={Varma, Paroma and Sala, Frederic and He, Ann and Ratner, Alexander and R{\'e}, Christopher},
  booktitle={International Conference on Machine Learning},
  pages={6418--6427},
  year={2019},
  organization={PMLR}
}

@inproceedings{craven1999constructing,
  title={Constructing biological knowledge bases by extracting information from text sources},
  author={Craven, Mark and Kumlien, Johan and others},
  booktitle={ISMB},
  volume={1999},
  pages={77--86},
  year={1999}
}

% TKDE - 2017
@article{zubiaga2017towards,
  title={Towards real-time, country-level location classification of worldwide tweets},
  author={Zubiaga, Arkaitz and Voss, Alex and Procter, Rob and Liakata, Maria and Wang, Bo and Tsakalidis, Adam},
  journal={IEEE Transactions on Knowledge and Data Engineering},
  volume={29},
  number={9},
  pages={2053--2066},
  year={2017},
  publisher={IEEE}
}

% NIPS - 1991
@article{keeler1991self,
  title={A self-organizing integrated segmentation and recognition neural net},
  author={Keeler, Jim and Rumelhart, David},
  journal={Advances in neural information processing systems},
  volume={4},
  year={1991}
}

% 2017 - CVPR
@inproceedings{patrini2017making,
  title={Making deep neural networks robust to label noise: A loss correction approach},
  author={Patrini, Giorgio and Rozza, Alessandro and Krishna Menon, Aditya and Nock, Richard and Qu, Lizhen},
  booktitle={Proceedings of the IEEE conference on computer vision and pattern recognition},
  pages={1944--1952},
  year={2017}
}

% ICCV - 2017
@inproceedings{li2017learning,
  title={Learning from noisy labels with distillation},
  author={Li, Yuncheng and Yang, Jianchao and Song, Yale and Cao, Liangliang and Luo, Jiebo and Li, Li-Jia},
  booktitle={Proceedings of the IEEE International Conference on Computer Vision},
  pages={1910--1918},
  year={2017}
}

@article{hendrycks2018using,
  title={Using trusted data to train deep networks on labels corrupted by severe noise},
  author={Hendrycks, Dan and Mazeika, Mantas and Wilson, Duncan and Gimpel, Kevin},
  journal={Advances in neural information processing systems},
  volume={31},
  year={2018}
}

@inproceedings{stewart2017label,
  title={Label-free supervision of neural networks with physics and domain knowledge},
  author={Stewart, Russell and Ermon, Stefano},
  booktitle={Thirty-First AAAI Conference on Artificial Intelligence},
  year={2017}
}

@inproceedings{zhou2009multi,
  title={Multi-instance learning by treating instances as non-iid samples},
  author={Zhou, Zhi-Hua and Sun, Yu-Yin and Li, Yu-Feng},
  booktitle={Proceedings of the 26th annual international conference on machine learning},
  pages={1249--1256},
  year={2009}
}

@article{foulds2010review,
  title={A review of multi-instance learning assumptions},
  author={Foulds, James and Frank, Eibe},
  journal={The knowledge engineering review},
  volume={25},
  number={1},
  pages={1--25},
  year={2010},
  publisher={Cambridge University Press}
}

% WWW - 2017
@inproceedings{chen2017user,
  title={User personalized satisfaction prediction via multiple instance deep learning},
  author={Chen, Zheqian and Gao, Ben and Zhang, Huimin and Zhao, Zhou and Liu, Haifeng and Cai, Deng},
  booktitle={Proceedings of the 26th International Conference on World Wide Web},
  pages={907--915},
  year={2017}
}

% WWW - 2020
@inproceedings{lin2020outfitnet,
  title={OutfitNet: Fashion outfit recommendation with attention-based multiple instance learning},
  author={Lin, Yusan and Moosaei, Maryam and Yang, Hao},
  booktitle={Proceedings of The Web Conference 2020},
  pages={77--87},
  year={2020}
}
% Journal of Artificial Intelligence Research - 2017
@article{pappas2017explicit,
  title={Explicit document modeling through weighted multiple-instance learning},
  author={Pappas, Nikolaos and Popescu-Belis, Andrei},
  journal={Journal of Artificial Intelligence Research},
  volume={58},
  pages={591--626},
  year={2017}
}
% CIKM - 2016
@inproceedings{wang2016multiple,
  title={A multiple instance learning framework for identifying key sentences and detecting events},
  author={Wang, Wei and Ning, Yue and Rangwala, Huzefa and Ramakrishnan, Naren},
  booktitle={Proceedings of the 25th ACM International on Conference on Information and Knowledge Management},
  pages={509--518},
  year={2016}
}
@article{luo2024joint,
  title={Joint rumour and stance identification based on semantic and structural information in social networks},
  author={Luo, Nanhang and Xie, Dongdong and Mo, Yiwen and Li, Fei and Teng, Chong and Ji, Donghong},
  journal={Applied Intelligence},
  volume={54},
  number={1},
  pages={264--282},
  year={2024},
  publisher={Springer}
}
@inproceedings{yu2020coupled,
  title={Coupled hierarchical transformer for stance-aware rumor verification in social media conversations},
  author={Yu, Jianfei and Jiang, Jing and Khoo, Ling Min Serena and Chieu, Hai Leong and Xia, Rui},
  year={2020},
  organization={Association for Computational Linguistics}
}
% ALPACA 2023
@article{taori2023alpaca,
  title={Alpaca: A strong, replicable instruction-following model},
  author={Taori et al},
  journal={Stanford Center for Research on Foundation Models. https://crfm. stanford. edu/2023/03/13/alpaca. html},
  volume={3},
  number={6},
  pages={7},
  year={2023}
}

%AAAI 2020
@inproceedings{wang2020weak,
  title={Weak supervision for fake news detection via reinforcement learning},
  author={Wang, Yaqing and Yang, Weifeng and Ma, Fenglong and Xu, Jin and Zhong, Bin and Deng, Qiang and Gao, Jing},
  booktitle={Proceedings of the AAAI conference on artificial intelligence},
  volume={34},
  number={01},
  pages={516--523},
  year={2020}
}

% WWW2021
@inproceedings{pelrine2021surprising,
  title={The surprising performance of simple baselines for misinformation detection},
  author={Pelrine, Kellin and Danovitch, Jacob and Rabbany, Reihaneh},
  booktitle={Proceedings of the Web Conference 2021},
  pages={3432--3441},
  year={2021}
}

%EMNLP2018
@inproceedings{popat2018declare,
  title={DeClarE: Debunking Fake News and False Claims using Evidence-Aware Deep Learning},
  author={Popat, Kashyap and Mukherjee, Subhabrata and Yates, Andrew and Weikum, Gerhard},
  booktitle={Proceedings of the 2018 Conference on Empirical Methods in Natural Language Processing},
  pages={22--32},
  year={2018}
}

% ACL-2019
@inproceedings{ma2019sentence,
  title={Sentence-Level Evidence Embedding for Claim Verification with Hierarchical Attention Networks},
  author={Ma, Jing and Gao, Wei and Joty, Shafiq and Wong, Kam-Fai},
  booktitle={Proceedings of the 57th Annual Meeting of the Association for Computational Linguistics},
  pages={2561--2571},
  year={2019}
}

% ACL- 2012
@inproceedings{feng2012syntactic,
  title={Syntactic stylometry for deception detection},
  author={Feng, Song and Banerjee, Ritwik and Choi, Yejin},
  booktitle={Proceedings of the 50th Annual Meeting of the Association for Computational Linguistics (Volume 2: Short Papers)},
  pages={171--175},
  year={2012}
}

%SIGKDD2018
@inproceedings{wang2018eann,
  title={Eann: Event adversarial neural networks for multi-modal fake news detection},
  author={Wang, Yaqing and Ma, Fenglong and Jin, Zhiwei and Yuan, Ye and Xun, Guangxu and Jha, Kishlay and Su, Lu and Gao, Jing},
  booktitle={Proceedings of the 24th acm sigkdd international conference on knowledge discovery \& data mining},
  pages={849--857},
  year={2018}
}

%SIGKDD2021
@inproceedings{wang2021multimodal,
  title={Multimodal emergent fake news detection via meta neural process networks},
  author={Wang, Yaqing and Ma, Fenglong and Wang, Haoyu and Jha, Kishlay and Gao, Jing},
  booktitle={Proceedings of the 27th ACM SIGKDD Conference on Knowledge Discovery \& Data Mining},
  pages={3708--3716},
  year={2021}
}

%spriner2021
@article{kaliyar2021fakebert,
  title={FakeBERT: Fake news detection in social media with a BERT-based deep learning approach},
  author={Kaliyar, Rohit Kumar and Goswami, Anurag and Narang, Pratik},
  journal={Multimedia Tools and Applications},
  volume={80},
  number={8},
  pages={11765--11788},
  year={2021},
  publisher={Springer US New York}
}


%AAAI2022
@inproceedings{jin2022towards,
  title={Towards fine-grained reasoning for fake news detection},
  author={Jin, Yiqiao and Wang, Xiting and Yang, Ruichao and Sun, Yizhou and Wang, Wei and Liao, Hao and Xie, Xing},
  booktitle={Proceedings of the AAAI Conference on Artificial Intelligence},
  volume={36},
  number={5},
  pages={5746--5754},
  year={2022}
}

%SIGKDD2022
@inproceedings{yang2022reinforcement,
  title={Reinforcement Subgraph Reasoning for Fake News Detection},
  author={Yang, Ruichao and Wang, Xiting and Jin, Yiqiao and Li, Chaozhuo and Lian, Jianxun and Xie, Xing},
  booktitle={Proceedings of the 28th ACM SIGKDD Conference on Knowledge Discovery and Data Mining},
  pages={2253--2262},
  year={2022}
}

% WWW - 2017 graph kernel to do rumor detection
@inproceedings{rosenfeld2020kernel,
  title={A kernel of truth: Determining rumor veracity on twitter by diffusion pattern alone},
  author={Rosenfeld, Nir and Szanto, Aron and Parkes, David C},
  booktitle={Proceedings of The Web Conference 2020},
  pages={1018--1028},
  year={2020}
}

% ACL - 2017
@inproceedings{ma2017detect,
  title={Detect Rumors in Microblog Posts Using Propagation Structure via Kernel Learning},
  author={Ma, Jing and Gao, Wei and Wong, Kam-Fai},
  booktitle={Proceedings of the 55th Annual Meeting of the Association for Computational Linguistics (Volume 1: Long Papers)},
  pages={708--717},
  year={2017}
}

% IEEE - 2015
@inproceedings{wu2015false,
  title={False rumors detection on sina weibo by propagation structures},
  author={Wu, Ke and Yang, Song and Zhu, Kenny Q},
  booktitle={2015 IEEE 31st international conference on data engineering},
  pages={651--662},
  year={2015},
  organization={IEEE}
}

@inproceedings{xu2022evidence,
  title={Evidence-aware Fake News Detection with Graph Neural Networks},
  author={Xu, Weizhi and Wu, Junfei and Liu, Qiang and Wu, Shu and Wang, Liang},
  booktitle={Proceedings of the ACM Web Conference 2022},
  pages={2501--2510},
  year={2022}
}

%IEEE-2013
@inproceedings{kwon2013prominent,
  title={Prominent features of rumor propagation in online social media},
  author={Kwon, Sejeong and Cha, Meeyoung and Jung, Kyomin and Chen, Wei and Wang, Yajun},
  booktitle={2013 IEEE 13th international conference on data mining},
  pages={1103--1108},
  year={2013},
  organization={IEEE}
}

% ACL - 2018
@inproceedings{potthast2018stylometric,
  title={A Stylometric Inquiry into Hyperpartisan and Fake News},
  author={Potthast, Martin and Kiesel, Johannes and Reinartz, Kevin and Bevendorff, Janek and Stein, Benno},
  booktitle={Proceedings of the 56th Annual Meeting of the Association for Computational Linguistics (Volume 1: Long Papers)},
  pages={231--240},
  year={2018}
}

% IEEE - 2016
@article{jin2016novel,
  title={Novel visual and statistical image features for microblogs news verification},
  author={Jin, Zhiwei and Cao, Juan and Zhang, Yongdong and Zhou, Jianshe and Tian, Qi},
  journal={IEEE transactions on multimedia},
  volume={19},
  number={3},
  pages={598--608},
  year={2016},
  publisher={IEEE}
}

%SIGKDD-2012
@inproceedings{yang2012automatic,
  title={Automatic detection of rumor on sina weibo},
  author={Yang, Fan and Liu, Yang and Yu, Xiaohui and Yang, Min},
  booktitle={Proceedings of the ACM SIGKDD workshop on mining data semantics},
  pages={1--7},
  year={2012}
}

%WWW-2011
@inproceedings{castillo2011information,
  title={Information credibility on twitter},
  author={Castillo, Carlos and Mendoza, Marcelo and Poblete, Barbara},
  booktitle={Proceedings of the 20th international conference on World wide web},
  pages={675--684},
  year={2011}
}

% ACL2020
@inproceedings{liu2020fine,
  title={Fine-grained Fact Verification with Kernel Graph Attention Network},
  author={Liu, Zhenghao and Xiong, Chenyan and Sun, Maosong and Liu, Zhiyuan},
  booktitle={Proceedings of the 58th Annual Meeting of the Association for Computational Linguistics},
  pages={7342--7351},
  year={2020}
}

% TOIS2016
@article{10.1145/2870630,
author = {Papadopoulos, Symeon and Bontcheva, Kalina and Jaho, Eva and Lupu, Mihai and Castillo, Carlos},
title = {Overview of the Special Issue on Trust and Veracity of Information in Social Media},
year = {2016},
issue_date = {May 2016},
publisher = {Association for Computing Machinery},
address = {New York, NY, USA},
volume = {34},
number = {3},
issn = {1046-8188},
url = {https://doi.org/10.1145/2870630},
doi = {10.1145/2870630},
journal = {ACM Trans. Inf. Syst.},
month = {apr},
articleno = {14},
numpages = {5},
keywords = {Information veracity, fake content, news verification, rumour propagation, social media}
}

@article{keerthi2003asymptotic,
  title={Asymptotic behaviors of support vector machines with Gaussian kernel},
  author={Keerthi, S Sathiya and Lin, Chih-Jen},
  journal={Neural computation},
  volume={15},
  number={7},
  pages={1667--1689},
  year={2003},
  publisher={mit press}
}

@inproceedings{lee2012top,
  title={On top-k structural similarity search},
  author={Lee, Pei and Lakshmanan, Laks VS and Yu, Jeffrey Xu},
  booktitle={2012 IEEE 28th international conference on data engineering},
  pages={774--785},
  year={2012},
  organization={IEEE}
}

@inproceedings{zhou2019gear,
  title={GEAR: Graph-based Evidence Aggregating and Reasoning for Fact Verification},
  author={Zhou, Jie and Han, Xu and Yang, Cheng and Liu, Zhiyuan and Wang, Lifeng and Li, Changcheng and Sun, Maosong},
  booktitle={Proceedings of the 57th Annual Meeting of the Association for Computational Linguistics},
  pages={892--901},
  year={2019}
}

@inproceedings{grail2021globalizing,
  title={Globalizing BERT-based transformer architectures for long document summarization},
  author={Grail, Quentin and Perez, Julien and Gaussier, Eric},
  booktitle={Proceedings of the 16th Conference of the European Chapter of the Association for Computational Linguistics: Main Volume},
  pages={1792--1810},
  year={2021}
}

% SIGIR2017
@inproceedings{xiong2017end,
  title={End-to-end neural ad-hoc ranking with kernel pooling},
  author={Xiong, Chenyan and Dai, Zhuyun and Callan, Jamie and Liu, Zhiyuan and Power, Russell},
  booktitle={Proceedings of the 40th International ACM SIGIR conference on research and development in information retrieval},
  pages={55--64},
  year={2017}
}

@inproceedings{dai2018convolutional,
  title={Convolutional neural networks for soft-matching n-grams in ad-hoc search},
  author={Dai, Zhuyun and Xiong, Chenyan and Callan, Jamie and Liu, Zhiyuan},
  booktitle={Proceedings of the eleventh ACM international conference on web search and data mining},
  pages={126--134},
  year={2018}
}


% SIGIR 2021: This one is new
@inproceedings{qian2021hierarchical,
  title={Hierarchical multi-modal contextual attention network for fake news detection},
  author={Qian, Shengsheng and Wang, Jinguang and Hu, Jun and Fang, Quan and Xu, Changsheng},
  booktitle={Proceedings of the 44th International ACM SIGIR Conference on Research and Development in Information Retrieval},
  pages={153--162},
  year={2021}
}

% KDD 2019
@article{zhou2019network,
  title={Network-based fake news detection: A pattern-driven approach},
  author={Zhou, Xinyi and Zafarani, Reza},
  journal={ACM SIGKDD explorations newsletter},
  volume={21},
  number={2},
  pages={48--60},
  year={2019},
  publisher={ACM New York, NY, USA}
}

%ASONAM2019
@inproceedings{shu2019role,
  title={The role of user profiles for fake news detection},
  author={Shu, Kai and Zhou, Xinyi and Wang, Suhang and Zafarani, Reza and Liu, Huan},
  booktitle={Proceedings of the 2019 IEEE/ACM international conference on advances in social networks analysis and mining},
  pages={436--439},
  year={2019}
}

%CIKM2017
@inproceedings{ruchansky2017csi,
  title={Csi: A hybrid deep model for fake news detection},
  author={Ruchansky, Natali and Seo, Sungyong and Liu, Yan},
  booktitle={Proceedings of the 2017 ACM on Conference on Information and Knowledge Management},
  pages={797--806},
  year={2017}
}
%ACL2018 RvNN
@inproceedings{ma2018rumor,
  title={Rumor Detection on Twitter with Tree-structured Recursive Neural Networks},
  author={Ma, Jing and Gao, Wei and Wong, Kam-Fai},
  booktitle={Proceedings of the 56th Annual Meeting of the Association for Computational Linguistics (Volume 1: Long Papers)},
  pages={1980--1989},
  year={2018}
}

%ICDM2019
@inproceedings{yuan2019jointly,
  title={Jointly embedding the local and global relations of heterogeneous graph for rumor detection},
  author={Yuan, Chunyuan and Ma, Qianwen and Zhou, Wei and Han, Jizhong and Hu, Songlin},
  booktitle={2019 IEEE international conference on data mining (ICDM)},
  pages={796--805},
  year={2019},
  organization={IEEE}
}

%AAAI2020
@inproceedings{khoo2020interpretable,
  title={Interpretable rumor detection in microblogs by attending to user interactions},
  author={Khoo, Ling Min Serena and Chieu, Hai Leong and Qian, Zhong and Jiang, Jing},
  booktitle={Proceedings of the AAAI conference on artificial intelligence},
  volume={34},
  number={05},
  pages={8783--8790},
  year={2020}
}

%CIKM2020
@inproceedings{nguyen2020fang,
  title={Fang: Leveraging social context for fake news detection using graph representation},
  author={Nguyen, Van-Hoang and Sugiyama, Kazunari and Nakov, Preslav and Kan, Min-Yen},
  booktitle={Proceedings of the 29th ACM international conference on information \& knowledge management},
  pages={1165--1174},
  year={2020}
}

%ACL2021
@inproceedings{wei2021towards,
  title={Towards Propagation Uncertainty: Edge-enhanced Bayesian Graph Convolutional Networks for Rumor Detection},
  author={Wei, Lingwei and Hu, Dou and Zhou, Wei and Yue, Zhaojuan and Hu, Songlin},
  booktitle={Proceedings of the 59th Annual Meeting of the Association for Computational Linguistics and the 11th International Joint Conference on Natural Language Processing (Volume 1: Long Papers)},
  pages={3845--3854},
  year={2021}
}

@article{shu2020fakenewsnet,
  title={Fakenewsnet: A data repository with news content, social context, and spatiotemporal information for studying fake news on social media},
  author={Shu, Kai and Mahudeswaran, Deepak and Wang, Suhang and Lee, Dongwon and Liu, Huan},
  journal={Big data},
  volume={8},
  number={3},
  pages={171--188},
  year={2020},
  publisher={Mary Ann Liebert, Inc., publishers 140 Huguenot Street, 3rd Floor New~…}
}

% JMLR - 2011
@article{collobert2011natural,
  title={Natural language processing (almost) from scratch},
  author={Collobert, Ronan and Weston, Jason and Bottou, L{\'e}on and Karlen, Michael and Kavukcuoglu, Koray and Kuksa, Pavel},
  journal={Journal of machine learning research},
  volume={12},
  number={ARTICLE},
  pages={2493--2537},
  year={2011}
}

% Adam: arxiv - 2014
@article{kingma2014adam,
  title={Adam: A method for stochastic optimization},
  author={Kingma, Diederik P and Ba, Jimmy},
  journal={arXiv preprint arXiv:1412.6980},
  year={2014}
}

% BERT: 2019

@article{zhou2018brief,
  title={A brief introduction to weakly supervised learning},
  author={Zhou, Zhi-Hua},
  journal={National science review},
  volume={5},
  number={1},
  pages={44--53},
  year={2018},
  publisher={Oxford University Press}
}

% CIKM2021
@inproceedings{huang2021mixed,
  title={Mixed attention transformer for leveraging word-level knowledge to neural cross-lingual information retrieval},
  author={Huang, Zhiqi and Bonab, Hamed and Sarwar, Sheikh Muhammad and Rahimi, Razieh and Allan, James},
  booktitle={Proceedings of the 30th ACM International Conference on Information \& Knowledge Management},
  pages={760--770},
  year={2021}
}

@inproceedings{samuli2017temporal,
  title={Temporal ensembling for semi-supervised learning},
  author={Samuli, Laine and Timo, Aila},
  booktitle={International Conference on Learning Representations (ICLR)},
  volume={4},
  number={5},
  pages={6},
  year={2017}
}

@article{niyogi2013manifold,
  title={Manifold Regularization and Semi-supervised Learning: Some Theoretical Analyses.},
  author={Niyogi, Partha},
  journal={Journal of Machine Learning Research},
  volume={14},
  number={5},
  year={2013}
}

%L2 norm - 2016
@article{luo2016regression,
  title={Regression and classification using extreme learning machine based on L1-norm and L2-norm},
  author={Luo, Xiong and Chang, Xiaohui and Ban, Xiaojuan},
  journal={Neurocomputing},
  volume={174},
  number={PA},
  pages={179--186},
  year={2016},
  publisher={Elsevier Science Publishers BV Amsterdam, The Netherlands, The Netherlands}
}

% RoBERTa
@article{liu2019roberta,
  title={Roberta: A robustly optimized bert pretraining approach},
  author={Liu, Yinhan and Ott, Myle and Goyal, Naman and Du, Jingfei and Joshi, Mandar and Chen, Danqi and Levy, Omer and Lewis, Mike and Zettlemoyer, Luke and Stoyanov, Veselin},
  journal={arXiv preprint arXiv:1907.11692},
  year={2019}
}

%RpBERT
@inproceedings{sun2021rpbert,
  title={RpBERT: a text-image relation propagation-based BERT model for multimodal NER},
  author={Sun, Lin and Wang, Jiquan and Zhang, Kai and Su, Yindu and Weng, Fangsheng},
  booktitle={Proceedings of the AAAI Conference on Artificial Intelligence},
  volume={35},
  number={15},
  pages={13860--13868},
  year={2021}
}

% PyTorch
@article{paszke2019pytorch,
  title={Pytorch: An imperative style, high-performance deep learning library},
  author={Paszke, Adam and Gross, Sam and Massa, Francisco and Lerer, Adam and Bradbury, James and Chanan, Gregory and Killeen, Trevor and Lin, Zeming and Gimelshein, Natalia and Antiga, Luca and others},
  journal={Advances in neural information processing systems},
  volume={32},
  year={2019}
}

% AAAI2022
@inproceedings{sun2022ddgcn,
  title={Ddgcn: Dual dynamic graph convolutional networks for rumor detection on social media},
  author={Sun, Mengzhu and Zhang, Xi and Zheng, Jiaqi and Ma, Guixiang},
  booktitle={Proceedings of the AAAI conference on artificial intelligence},
  volume={36},
  number={4},
  pages={4611--4619},
  year={2022}
}

% ACL2021
@inproceedings{liang2022jointcl,
  title={JointCL: A Joint Contrastive Learning Framework for Zero-Shot Stance Detection},
  author={Liang et al, Bin},
  booktitle={ACL},
  pages={81--91},
  year={2022}
}

% Policy gradient with baseline
@inproceedings{rennie2017self,
  title={Self-critical sequence training for image captioning},
  author={Rennie, Steven J and Marcheret, Etienne and Mroueh, Youssef and Ross, Jerret and Goel, Vaibhava},
  booktitle={Proceedings of the IEEE conference on computer vision and pattern recognition},
  pages={7008--7024},
  year={2017}
}

@article{roozenbeek2019fake,
  title={Fake news game confers psychological resistance against online misinformation},
  author={Roozenbeek, Jon and Van der Linden, Sander},
  journal={Palgrave Communications},
  volume={5},
  number={1},
  pages={1--10},
  year={2019},
  publisher={Palgrave}
}

@article{vosoughi2018spread,
  title={The spread of true and false news online},
  author={Vosoughi, Soroush and Roy, Deb and Aral, Sinan},
  journal={Science},
  volume={359},
  number={6380},
  pages={1146--1151},
  year={2018},
  publisher={American Association for the Advancement of Science}
}

@inproceedings{luo2024message,
  title={Message Injection Attack on Rumor Detection under the Black-Box Evasion Setting Using Large Language Model},
  author={Luo, Yifeng and Li, Yupeng and Wen, Dacheng and Lan, Liang},
  booktitle={Proceedings of the ACM on Web Conference 2024},
  pages={4512--4522},
  year={2024}
}
@article{yan2024enhancing,
  title={Enhancing large language model capabilities for rumor detection with knowledge-powered prompting},
  author={Yan, Yeqing and Zheng, Peng and Wang, Yongjun},
  journal={Engineering Applications of Artificial Intelligence},
  volume={133},
  pages={108259},
  year={2024},
  publisher={Elsevier}
}

@inproceedings{lan2024stance,
  title={Stance detection with collaborative role-infused llm-based agents},
  author={Lan, Xiaochong and Gao, Chen and Jin, Depeng and Li, Yong},
  booktitle={Proceedings of the International AAAI Conference on Web and Social Media},
  volume={18},
  pages={891--903},
  year={2024}
}

@article{gambini2024evaluating,
  title={Evaluating large language models for user stance detection on X (Twitter)},
  author={Gambini, Margherita and Senette, Caterina and Fagni, Tiziano and Tesconi, Maurizio},
  journal={Machine Learning},
  pages={1--24},
  year={2024},
  publisher={Springer}
}

@inproceedings{lin2024towards,
  title={Towards explainable harmful meme detection through multimodal debate between large language models},
  author={Lin, Hongzhan and Luo, Ziyang and Gao, Wei and Ma, Jing and Wang, Bo and Yang, Ruichao},
  booktitle={Proceedings of the ACM on Web Conference 2024},
  pages={2359--2370},
  year={2024}
}

@inproceedings{chen2023exploring,
  title={Exploring the Use of Large Language Models for Reference-Free Text Quality Evaluation: An Empirical Study},
  author={Chen, Yi and Wang, Rui and Jiang, Haiyun and Shi, Shuming and Xu, Ruifeng},
  booktitle={Findings of the Association for Computational Linguistics: IJCNLP-AACL 2023 (Findings)},
  pages={361--374},
  year={2023}
}

@inproceedings{yang-etal-2024-reinforcement,
    title = "Reinforcement Tuning for Detecting Stances and Debunking Rumors Jointly with Large Language Models",
    author = "Yang, Ruichao  and
      Gao, Wei  and
      Ma, Jing  and
      Lin, Hongzhan  and
      Wang, Bo",
    booktitle = "Findings of ACL 2024",
    month = aug,
    year = "2024",
    doi = "10.18653/v1/2024.findings-acl.796",
    pages = "13423--13439",
    abstract = "Learning multi-task models for jointly detecting stance and verifying rumors poses challenges due to the need for training data of stance at post level and rumor veracity at claim level, which are difficult to obtain. To address this issue, we leverage large language models (LLMs) as the foundation annotators for the joint stance detection (SD) and rumor verification (RV) tasks, dubbed as JSDRV. We introduce a novel reinforcement tuning framework to enhance the joint predictive capabilities of LLM-based SD and RV components. Specifically, we devise a policy for selecting LLM-annotated data at the two levels, employing a hybrid reward mechanism to choose high-quality labels for effective LLM fine-tuning on both tasks. Results demonstrate that JSDRV improves the capabilities of LLMs in the joint tasks, not only outperforming state-of-the-art methods but also generalizing to non-LLMs accommodated as task models.",
}


@article{touvron2023llama,
  title={Llama 2: Open foundation and fine-tuned chat models},
  author={Touvron, Hugo and Martin, Louis and Stone, Kevin and Albert, Peter and Almahairi, Amjad and Babaei, Yasmine and Bashlykov, Nikolay and Batra, Soumya and Bhargava, Prajjwal and Bhosale, Shruti and others},
  journal={arXiv preprint arXiv:2307.09288},
  year={2023}
}

% ChatGPT 2020
@inproceedings{NEURIPS2020_1457c0d6,
 author = {Brown et al.},
 booktitle = {Advances in Neural Information Processing Systems},
 editor = {H. Larochelle and M. Ranzato and R. Hadsell and M.F. Balcan and H. Lin},
 pages = {1877--1901},
 publisher = {Curran Associates, Inc.},
 title = {Language Models are Few-Shot Learners},
 volume = {33},
 year = {2020}
}

@inproceedings{fu2021sdg,
  title={Sdg: A simplified and dynamic graph neural network},
  author={Fu, Dongqi and He, Jingrui},
  booktitle={Proceedings of the 44th International ACM SIGIR Conference on Research and Development in Information Retrieval},
  pages={2273--2277},
  year={2021}
}

@inproceedings{dou2021user,
  title={User preference-aware fake news detection},
  author={Dou, Yingtong and Shu, Kai and Xia, Congying and Yu, Philip S and Sun, Lichao},
  booktitle={Proceedings of the 44th International ACM SIGIR Conference on Research and Development in Information Retrieval},
  pages={2051--2055},
  year={2021}
}

% sigir 2022
@inproceedings{zhu2022generalizing,
  title={Generalizing to the future: Mitigating entity bias in fake news detection},
  author={Zhu, Yongchun and Sheng, Qiang and Cao, Juan and Li, Shuokai and Wang, Danding and Zhuang, Fuzhen},
  booktitle={Proceedings of the 45th International ACM SIGIR Conference on Research and Development in Information Retrieval},
  pages={2120--2125},
  year={2022}
}

@article{todd1998oxford,
  title={The Oxford Companion to PhilosophyTed Honderich, editor Oxford and New York: Oxford University Press, 1995.},
  author={Todd, DD},
  journal={Dialogue: Canadian Philosophical Review/Revue canadienne de philosophie},
  volume={37},
  number={1},
  pages={182--186},
  year={1998},
  publisher={Cambridge University Press}
}

@book{quine1986philosophy,
  title={Philosophy of logic},
  author={Quine, Willard V},
  year={1986},
  publisher={Harvard University Press}
}

@inproceedings{cheng2021causal,
  title={Causal understanding of fake news dissemination on social media},
  author={Cheng, Lu and Guo, Ruocheng and Shu, Kai and Liu, Huan},
  booktitle={Proceedings of the 27th ACM SIGKDD Conference on Knowledge Discovery \& Data Mining},
  pages={148--157},
  year={2021}
}

%% Experiment
% deffend - kdd2019
@inproceedings{shu2019defend,
  title={defend: Explainable fake news detection},
  author={Shu, Kai and Cui, Limeng and Wang, Suhang and Lee, Dongwon and Liu, Huan},
  booktitle={Proceedings of the 25th ACM SIGKDD international conference on knowledge discovery \& data mining},
  pages={395--405},
  year={2019}
}

% WWW-2015
@inproceedings{tang2015line,
  title={Line: Large-scale information network embedding},
  author={Tang, Jian and Qu, Meng and Wang, Mingzhe and Zhang, Ming and Yan, Jun and Mei, Qiaozhu},
  booktitle={Proceedings of the 24th international conference on world wide web},
  pages={1067--1077},
  year={2015}
}

%GCAN - ACL2020
@inproceedings{lu2020gcan,
  title={GCAN: Graph-aware Co-Attention Networks for Explainable Fake News Detection on Social Media},
  author={Lu, Yi-Ju and Li, Cheng-Te},
  booktitle={Proceedings of the 58th Annual Meeting of the Association for Computational Linguistics},
  pages={505--514},
  year={2020}
}

%BuzzFeed News
@article{tandoc2018five,
  title={Five ways BuzzFeed is preserving (or transforming) the journalistic field},
  author={Tandoc Jr, Edson C},
  journal={Journalism},
  volume={19},
  number={2},
  pages={200--216},
  year={2018},
  publisher={SAGE Publications Sage UK: London, England}
}

% WWW - 2018
@inproceedings{ma2018detect,
  title={Detect rumor and stance jointly by neural multi-task learning},
  author={Ma, Jing and Gao, Wei and Wong, Kam-Fai},
  booktitle={WWW},
  pages={585--593},
  year={2018}
}


%AAAI2021
@inproceedings{dun2021kan,
  title={KAN: Knowledge-aware Attention Network for Fake News Detection},
  author={Dun, Yaqian and Tu, Kefei and Chen, Chen and Hou, Chunyan and Yuan, Xiaojie},
  booktitle={AAAI},
  year={2021}
}
% BiGCN-AAAI2020
@inproceedings{bian2020rumor,
  title={Rumor detection on social media with bi-directional graph convolutional networks},
  author={Bian, Tian and Xiao, Xi and Xu, Tingyang and Zhao, Peilin and Huang, Wenbing and Rong, Yu and Huang, Junzhou},
  booktitle={Proceedings of the AAAI conference on artificial intelligence},
  volume={34},
  number={01},
  pages={549--556},
  year={2020}
}
%likert-SCIENCEDOMAIN2015
@article{joshi2015likert,
  title={Likert scale: Explored and explained},
  author={Joshi, Ankur and Kale, Saket and Chandel, Satish and Pal, D Kumar},
  journal={British journal of applied science \& technology},
  volume={7},
  number={4},
  pages={396},
  year={2015},
  publisher={SCIENCEDOMAIN International}
}

% ICLR - 2015 - DBLP
@inproceedings{DBLP:journals/corr/KingmaB14,
  author    = {Diederik P. Kingma and
               Jimmy Ba},
  editor    = {Yoshua Bengio and
               Yann LeCun},
  title     = {Adam: {A} Method for Stochastic Optimization},
  booktitle = {3rd International Conference on Learning Representations, {ICLR} 2015,
               San Diego, CA, USA, May 7-9, 2015, Conference Track Proceedings},
  year      = {2015},
  url       = {http://arxiv.org/abs/1412.6980},
  timestamp = {Thu, 25 Jul 2019 14:25:37 +0200},
  biburl    = {https://dblp.org/rec/journals/corr/KingmaB14.bib},
  bibsource = {dblp computer science bibliography, https://dblp.org}
}
@article{nyhan2010corrections,
  title={When corrections fail: The persistence of political misperceptions},
  author={Nyhan, Brendan and Reifler, Jason},
  journal={Political Behavior},
  volume={32},
  number={2},
  pages={303--330},
  year={2010}
}

@article{clark2019does,
  title={What does BERT look at? An Analysis of BERT’s Attention},
  author={Clark, Kevin and Khandelwal, Urvashi and Levy, Omer and Manning, Christopher D},
  journal={ACL 2019},
  pages={276},
  year={2019}
}

% ############################## %
% Introduction %
% ############################## %

% CSUR - 2018
@article{zubiaga2018detection,
  title={Detection and resolution of rumours in social media: A survey},
  author={Zubiaga, Arkaitz and Aker, Ahmet and Bontcheva, Kalina and Liakata, Maria and Procter, Rob},
  journal={ACM Computing Surveys (CSUR)},
  volume={51},
  number={2},
  pages={1--36},
  year={2018},
  publisher={ACM New York, NY, USA}
}
% EMNLP2019 - workshop
@inproceedings{li2019rumor,
  title={Rumor Detection on Social Media: Datasets, Methods and Opportunities},
  author={Li, Quanzhi and Zhang, Qiong and Si, Luo and Liu, Yingchi},
  booktitle={Proceedings of the Second Workshop on Natural Language Processing for Internet Freedom: Censorship, Disinformation, and Propaganda},
  pages={66--75},
  year={2019}
}

% PlosOne - 2016
@article{zubiaga2016analysing,
  title={Analysing how people orient to and spread rumours in social media by looking at conversational threads},
  author={Zubiaga, Arkaitz and Liakata, Maria and Procter, Rob and Wong Sak Hoi, Geraldine and Tolmie, Peter},
  journal={PloS one},
  volume={11},
  number={3},
  pages={e0150989},
  year={2016},
  publisher={Public Library of Science San Francisco, CA USA}
}

% WWW - 2017 graph kernel to do rumor detection
@inproceedings{rosenfeld2020kernel,
  title={A kernel of truth: Determining rumor veracity on twitter by diffusion pattern alone},
  author={Rosenfeld, Nir and Szanto, Aron and Parkes, David C},
  booktitle={Proceedings of The Web Conference 2020},
  pages={1018--1028},
  year={2020}
}

% ASONAM - 2017
@inproceedings{rath2017retweet,
  title={From retweet to believability: Utilizing trust to identify rumor spreaders on twitter},
  author={Rath, Bhavtosh and Gao, Wei and Ma, Jing and Srivastava, Jaideep},
  booktitle={Proceedings of the 2017 IEEE/ACM International Conference on Advances in Social Networks Analysis and Mining 2017},
  pages={179--186},
  year={2017}
}

% CIKM - 2015
@inproceedings{ma2015detect,
  title={Detect rumors using time series of social context information on microblogging websites},
  author={Ma, Jing and Gao, Wei and Wei, Zhongyu and Lu, Yueming and Wong, Kam-Fai},
  booktitle={Proceedings of the 24th ACM international on conference on information and knowledge management},
  pages={1751--1754},
  year={2015}
}

% WWW - 2018 stance detection
@inproceedings{zhang2018ranking,
  title={Ranking-based method for news stance detection},
  author={Zhang, Qiang and Yilmaz, Emine and Liang, Shangsong},
  booktitle={Companion Proceedings of the The Web Conference 2018},
  pages={41--42},
  year={2018}
}

% WWW - 2019 stance detection
@inproceedings{zhang2019stances,
  title={From Stances' Imbalance to Their HierarchicalRepresentation and Detection},
  author={Zhang, Qiang and Liang, Shangsong and Lipani, Aldo and Ren, Zhaochun and Yilmaz, Emine},
  booktitle={The World Wide Web Conference},
  pages={2323--2332},
  year={2019}
}

% CDMB - 2018
@inproceedings{siddiqua2018stance,
  title={Stance detection on microblog focusing on syntactic tree representation},
  author={Siddiqua, Umme Aymun and Chy, Abu Nowshed and Aono, Masaki},
  booktitle={International Conference on Data Mining and Big Data},
  pages={478--490},
  year={2018},
  organization={Springer}
}

% WWW - 2015
@inproceedings{zhao2015enquiring,
  title={Enquiring minds: Early detection of rumors in social media from enquiry posts},
  author={Zhao, Zhe and Resnick, Paul and Mei, Qiaozhu},
  booktitle={Proceedings of the 24th international conference on world wide web},
  pages={1395--1405},
  year={2015}
}

% WWW - 2019 
@inproceedings{ma2019detect,
  title={Detect rumors on twitter by promoting information campaigns with generative adversarial learning},
  author={Ma, Jing and Gao, Wei and Wong, Kam-Fai},
  booktitle={The World Wide Web Conference},
  pages={3049--3055},
  year={2019}
}

% workshop on SMA - 2010 
@inproceedings{mendoza2010twitter,
  title={Twitter under crisis: Can we trust what we RT?},
  author={Mendoza, Marcelo and Poblete, Barbara and Castillo, Carlos},
  booktitle={Proceedings of the first workshop on social media analytics},
  pages={71--79},
  year={2010}
}


% ############################## %
% Related Work - Rumor Detection %
% ############################## %

% AAAI -2016
@article{ma2016detecting,
  title={Detecting rumors from microblogs with recurrent neural networks},
  author={Ma, Jing and Gao, Wei and Mitra, Prasenjit and Kwon, Sejeong and Jansen, Bernard J and Wong, Kam-Fai and Cha, Meeyoung},
  year={2016},
  publisher={AAAI Press}
}

% European Conference on Machine Learning - 2003
@inproceedings{weidmann2003two,
  title={A two-level learning method for generalized multi-instance problems},
  author={Weidmann, Nils and Frank, Eibe and Pfahringer, Bernhard},
  booktitle={European Conference on Machine Learning},
  pages={468--479},
  year={2003},
  organization={Springer}
}

% AAAI - 2014
@inproceedings{zhang2014multi,
  title={Multi-instance learning with distribution change},
  author={Zhang, Wei-Jia and Zhou, Zhi-Hua},
  booktitle={Twenty-Eighth AAAI Conference on Artificial Intelligence},
  year={2014}
}
% EMNLP - 2011
@inproceedings{qazvinian2011rumor,
  title={Rumor has it: Identifying misinformation in microblogs},
  author={Qazvinian, Vahed and Rosengren, Emily and Radev, Dragomir and Mei, Qiaozhu},
  booktitle={Proceedings of the 2011 Conference on Empirical Methods in Natural Language Processing},
  pages={1589--1599},
  year={2011}
}

% ACL - 2016
@inproceedings{lukasik2016hawkes,
  title={Hawkes processes for continuous time sequence classification: an application to rumour stance classification in twitter},
  author={Lukasik et al},
  booktitle={Proceedings of the 54th Annual Meeting of the Association for Computational Linguistics (Volume 2: Short Papers)},
  pages={393--398},
  year={2016}
}

% WWW2021
@inproceedings{lao2021rumor,
  title={Rumor detection with field of linear and non-linear propagation},
  author={Lao, An and Shi, Chongyang and Yang, Yayi},
  booktitle={Proceedings of the Web Conference 2021},
  pages={3178--3187},
  year={2021}
}

% TOIS2016
@article{middleton2016geoparsing,
  title={Geoparsing and geosemantics for social media: Spatiotemporal grounding of content propagating rumors to support trust and veracity analysis during breaking news},
  author={Middleton, Stuart E and Krivcovs, Vadims},
  journal={ACM Transactions on Information Systems (TOIS)},
  volume={34},
  number={3},
  pages={1--26},
  year={2016},
  publisher={ACM New York, NY, USA}
}

% TOIS2020
@article{liu2020fned,
  title={Fned: a deep network for fake news early detection on social media},
  author={Liu, Yang and Wu, Yi-Fang Brook},
  journal={ACM Transactions on Information Systems (TOIS)},
  volume={38},
  number={3},
  pages={1--33},
  year={2020},
  publisher={ACM New York, NY, USA}
}

@article{zhang2022opt,
  title={Opt: Open pre-trained transformer language models},
  author={Zhang, Susan and Roller, Stephen and Goyal, Naman and Artetxe, Mikel and Chen, Moya and Chen, Shuohui and Dewan, Christopher and Diab, Mona and Li, Xian and Lin, Xi Victoria and others},
  journal={arXiv preprint arXiv:2205.01068},
  year={2022}
}

@article{le2023bloom,
  title={Bloom: A 176b-parameter open-access multilingual language model},
  author={Le Scao, Teven and Fan, Angela and Akiki, Christopher and Pavlick, Ellie and Ili{\'c}, Suzana and Hesslow, Daniel and Castagn{\'e}, Roman and Luccioni, Alexandra Sasha and Yvon, Fran{\c{c}}ois and Gall{\'e}, Matthias and others},
  year={2023}
}

@article{caruccio2024claude,
  title={Claude 2.0 large language model: Tackling a real-world classification problem with a new iterative prompt engineering approach},
  author={Caruccio et al},
  journal={Intelligent Systems with Applications},
  volume={21},
  pages={200336},
  year={2024},
  publisher={Elsevier}
}
% TOIS2016
@article{zhang2016misinformation,
  title={Misinformation in online social networks: Detect them all with a limited budget},
  author={Zhang, Huiling and Alim, Md Abdul and Li, Xiang and Thai, My T and Nguyen, Hien T},
  journal={ACM Transactions on Information Systems (TOIS)},
  volume={34},
  number={3},
  pages={1--24},
  year={2016},
  publisher={ACM New York, NY, USA}
}

% TOIS2020
@article{zhao2020pretrained,
  title={Pretrained embeddings for stance detection with hierarchical capsule network on social media},
  author={Zhao, Guangzhen and Yang, Peng},
  journal={ACM Transactions on Information Systems (TOIS)},
  volume={39},
  number={1},
  pages={1--32},
  year={2020},
  publisher={ACM New York, NY, USA}
}

% TOIS2019
@article{lukasik2019gaussian,
  title={Gaussian processes for rumour stance classification in social media},
  author={Lukasik, Michal and Bontcheva, Kalina and Cohn, Trevor and Zubiaga, Arkaitz and Liakata, Maria and Procter, Rob},
  journal={ACM Transactions on Information Systems (TOIS)},
  volume={37},
  number={2},
  pages={1--24},
  year={2019},
  publisher={ACM New York, NY, USA}
}

% TOIS2023
@article{xu2023impact,
  title={On the Impact of Showing Evidence from Peers in Crowdsourced Truthfulness Assessments},
  author={Xu, Jiechen and Han, Lei and Sadiq, Shazia and Demartini, Gianluca},
  journal={ACM Transactions on Information Systems},
  year={2023},
  publisher={ACM New York, NY}
}

% ACL2021
@inproceedings{song2021adversary,
  title={Adversary-aware rumor detection},
  author={Song, Yun-Zhu and Chen, Yi-Syuan and Chang, Yi-Ting and Weng, Shao-Yu and Shuai, Hong-Han},
  booktitle={Findings of the Association for Computational Linguistics: ACL-IJCNLP 2021},
  pages={1371--1382},
  year={2021}
}

% TKDE2023
@article{wu2023adversarial,
  title={Adversarial contrastive learning for evidence-aware fake news detection with graph neural networks},
  author={Wu, Junfei and Xu, Weizhi and Liu, Qiang and Wu, Shu and Wang, Liang},
  journal={IEEE Transactions on Knowledge and Data Engineering},
  year={2023},
  publisher={IEEE}
}

% Web 2022
@inproceedings{sun2022rumor,
  title={Rumor detection on social media with graph adversarial contrastive learning},
  author={Sun, Tiening and Qian, Zhong and Dong, Sujun and Li, Peifeng and Zhu, Qiaoming},
  booktitle={Proceedings of the ACM Web Conference 2022},
  pages={2789--2797},
  year={2022}
}

% SIGIR2021
@inproceedings{he2021rumor,
  title={Rumor detection on social media with event augmentations},
  author={He, Zhenyu and Li, Ce and Zhou, Fan and Yang, Yi},
  booktitle={Proceedings of the 44th International ACM SIGIR Conference on Research and Development in Information Retrieval},
  pages={2020--2024},
  year={2021}
}

% AAAI2022
@inproceedings{pick2022stem,
  title={STEM: unsupervised structural embedding for stance detection},
  author={Pick, Ron Korenblum and Kozhukhov, Vladyslav and Vilenchik, Dan and Tsur, Oren},
  booktitle={Proceedings of the AAAI Conference on Artificial Intelligence},
  volume={36},
  number={10},
  pages={11174--11182},
  year={2022}
}

@inproceedings{DBLP:conf/aaai/RanJ23,
  author       = {Hongyan Ran and
                  Caiyan Jia},
  editor       = {Brian Williams and
                  Yiling Chen and
                  Jennifer Neville},
  title        = {Unsupervised Cross-Domain Rumor Detection with Contrastive Learning
                  and Cross-Attention},
  booktitle    = {{AAAI}
                  2023},
  pages        = {13510--13518},
  publisher    = {{AAAI} Press},
  year         = {2023},
  url          = {https://doi.org/10.1609/aaai.v37i11.26584},
  doi          = {10.1609/aaai.v37i11.26584},
  timestamp    = {Mon, 04 Sep 2023 16:50:26 +0200},
  biburl       = {https://dblp.org/rec/conf/aaai/RanJ23.bib},
  bibsource    = {dblp computer science bibliography, https://dblp.org}
}

% SIGIR2022
@inproceedings{zhu2022generalizing,
  title={Generalizing to the future: Mitigating entity bias in fake news detection},
  author={Zhu, Yongchun and Sheng, Qiang and Cao, Juan and Li, Shuokai and Wang, Danding and Zhuang, Fuzhen},
  booktitle={Proceedings of the 45th International ACM SIGIR Conference on Research and Development in Information Retrieval},
  pages={2120--2125},
  year={2022}
}

% ACL2021
@inproceedings{li2021multi,
  title={A multi-task learning framework for multi-target stance detection},
  author={Li, Yingjie and Caragea, Cornelia},
  booktitle={Findings of the Association for Computational Linguistics: ACL-IJCNLP 2021},
  pages={2320--2326},
  year={2021}
}

% WANLP2022
@inproceedings{alturayeif2022mawqif,
  title={MAWQIF: A Multi-label Arabic Dataset for Target-specific Stance Detection},
  author={Alturayeif, Nora Saleh and Luqman, Hamzah Abdullah and Ahmed, Moataz Aly Kamaleldin},
  booktitle={Proceedings of the The Seventh Arabic Natural Language Processing Workshop (WANLP)},
  pages={174--184},
  year={2022}
}

% EMNLP2022
@inproceedings{zheng2022stanceosaurus,
  title={STANCEOSAURUS: Classifying Stance Towards Multicultural Misinformation},
  author={Zheng, Jonathan and Baheti, Ashutosh and Naous, Tarek and Xu, Wei and Ritter, Alan},
  booktitle={Proceedings of the 2022 Conference on Empirical Methods in Natural Language Processing},
  pages={2132--2151},
  year={2022}
}

% NIPS2017
@article{vaswani2017attention,
  title={Attention is all you need},
  author={Vaswani, Ashish and Shazeer, Noam and Parmar, Niki and Uszkoreit, Jakob and Jones, Llion and Gomez, Aidan N and Kaiser, {\L}ukasz and Polosukhin, Illia},
  journal={Advances in neural information processing systems},
  volume={30},
  year={2017}
}

% IJCAI2018
@inproceedings{tao2018get,
  title={Get the point of my utterance! learning towards effective responses with multi-head attention mechanism},
  author={Tao, Chongyang and Gao, Shen and Shang, Mingyue and Wu, Wei and Zhao, Dongyan and Yan, Rui},
  booktitle={Proceedings of the 27th International Joint Conference on Artificial Intelligence},
  pages={4418--4424},
  year={2018}
}

% ACL2016
@inproceedings{cheng2016long,
  title={Long Short-Term Memory-Networks for Machine Reading},
  author={Cheng, Jianpeng and Dong, Li and Lapata, Mirella},
  booktitle={2016 Conference on Empirical Methods in Natural Language Processing},
  pages={551--561},
  year={2016},
  organization={Association for Computational Linguistics}
}

% ACL2019
@inproceedings{pires2019multilingual,
  title={How Multilingual is Multilingual BERT?},
  author={Pires, Telmo and Schlinger, Eva and Garrette, Dan},
  booktitle={Proceedings of the 57th Annual Meeting of the Association for Computational Linguistics},
  pages={4996--5001},
  year={2019}
}

% Bioinformatics2020
@article{lee2020biobert,
  title={BioBERT: a pre-trained biomedical language representation model for biomedical text mining},
  author={Lee, Jinhyuk and Yoon, Wonjin and Kim, Sungdong and Kim, Donghyeon and Kim, Sunkyu and So, Chan Ho and Kang, Jaewoo},
  journal={Bioinformatics},
  volume={36},
  number={4},
  pages={1234--1240},
  year={2020},
  publisher={Oxford University Press}
}

% NIPS2019
@article{conneau2019cross,
  title={Cross-lingual language model pretraining},
  author={Conneau, Alexis and Lample, Guillaume},
  journal={NIPS},
  volume={32},
  year={2019}
}

% ICLR2019
@inproceedings{zhu2019incorporating,
  title={Incorporating BERT into Neural Machine Translation},
  author={Zhu, Jinhua and Xia, Yingce and Wu, Lijun and He, Di and Qin, Tao and Zhou, Wengang and Li, Houqiang and Liu, Tieyan},
  booktitle={ICLR},
  year={2019}
}

% TIST 2022
@article{li2022dynamic,
  title={Dynamic probabilistic graphical model for progressive fake news detection on social media platform},
  author={Li, Ke and Guo, Bin and Liu, Jiaqi and Wang, Jiangtao and Ren, Haoyang and Yi, Fei and Yu, Zhiwen},
  journal={ACM Transactions on Intelligent Systems and Technology (TIST)},
  volume={13},
  number={5},
  pages={1--24},
  year={2022},
  publisher={ACM New York, NY}
}

% TIST 2019
@article{sharma2019combating,
  title={Combating fake news: A survey on identification and mitigation techniques},
  author={Sharma, Karishma and Qian, Feng and Jiang, He and Ruchansky, Natali and Zhang, Ming and Liu, Yan},
  journal={ACM Transactions on Intelligent Systems and Technology (TIST)},
  volume={10},
  number={3},
  pages={1--42},
  year={2019},
  publisher={ACM New York, NY, USA}
}

% TIST2022
@article{ding2022metadetector,
  title={Metadetector: Meta event knowledge transfer for fake news detection},
  author={Ding, Yasan and Guo, Bin and Liu, Yan and Liang, Yunji and Shen, Haocheng and Yu, Zhiwen},
  journal={ACM Transactions on Intelligent Systems and Technology (TIST)},
  volume={13},
  number={6},
  pages={1--25},
  year={2022},
  publisher={ACM New York, NY}
}

% ACL2020
@inproceedings{lewis2020bart,
  title={BART: Denoising Sequence-to-Sequence Pre-training for Natural Language Generation, Translation, and Comprehension},
  author={Lewis, Mike and Liu, Yinhan and Goyal, Naman and Ghazvininejad, Marjan and Mohamed, Abdelrahman and Levy, Omer and Stoyanov, Veselin and Zettlemoyer, Luke},
  booktitle={Proceedings of the 58th Annual Meeting of the Association for Computational Linguistics},
  pages={7871--7880},
  year={2020}
}

% ACL2020
@article{liu2020multilingual,
  title={Multilingual Denoising Pre-training for Neural Machine Translation},
  author={Liu, Yinhan and Gu, Jiatao and Goyal, Naman and Li, Xian and Edunov, Sergey and Ghazvininejad, Marjan and Lewis, Mike and Zettlemoyer, Luke},
  journal={Transactions of the Association for Computational Linguistics},
  volume={8},
  pages={726--742},
  year={2020}
}

% ACL2019
@inproceedings{zhang2019hibert,
  title={HIBERT: Document Level Pre-training of Hierarchical Bidirectional Transformers for Document Summarization},
  author={Zhang, Xingxing and Wei, Furu and Zhou, Ming},
  booktitle={Proceedings of the 57th Annual Meeting of the Association for Computational Linguistics},
  pages={5059--5069},
  year={2019}
}

% EMNLP2019
@inproceedings{liu2019text,
  title={Text Summarization with Pretrained Encoders},
  author={Liu, Yang and Lapata, Mirella},
  booktitle={Proceedings of the 2019 Conference on Empirical Methods in Natural Language Processing and the 9th International Joint Conference on Natural Language Processing (EMNLP-IJCNLP)},
  pages={3730--3740},
  year={2019}
}

% ACL2020
@inproceedings{zhong2020extractive,
  title={Extractive Summarization as Text Matching},
  author={Zhong, Ming and Liu, Pengfei and Chen, Yiran and Wang, Danqing and Qiu, Xipeng and Huang, Xuan-Jing},
  booktitle={Proceedings of the 58th Annual Meeting of the Association for Computational Linguistics},
  pages={6197--6208},
  year={2020}
}

% TKDE2021
@article{ma2021improving,
  title={Improving rumor detection by promoting information campaigns with transformer-based generative adversarial learning},
  author={Ma, Jing and Li, Jun and Gao, Wei and Yang, Yang and Wong, Kam-Fai},
  journal={IEEE Transactions on Knowledge and Data Engineering},
  year={2021},
  publisher={IEEE}
}

% ACL2018
@inproceedings{shaw2018self,
  title={Self-Attention with Relative Position Representations},
  author={Shaw, Peter and Uszkoreit, Jakob and Vaswani, Ashish},
  booktitle={Proceedings of the 2018 Conference of the North American Chapter of the Association for Computational Linguistics: Human Language Technologies, Volume 2 (Short Papers)},
  pages={464--468},
  year={2018}
}

% ICLR2019
@inproceedings{zhu2019freelb,
  title={FreeLB: Enhanced Adversarial Training for Natural Language Understanding},
  author={Zhu, Chen and Cheng, Yu and Gan, Zhe and Sun, Siqi and Goldstein, Tom and Liu, Jingjing},
  booktitle={International Conference on Learning Representations},
  year={2019}
}

% ICML2020
@inproceedings{zhang2020pegasus,
  title={Pegasus: Pre-training with extracted gap-sentences for abstractive summarization},
  author={Zhang, Jingqing and Zhao, Yao and Saleh, Mohammad and Liu, Peter},
  booktitle={International Conference on Machine Learning},
  pages={11328--11339},
  year={2020},
  organization={PMLR}
}

% AAAI2018
@inproceedings{howard2018universal,
  title={Universal Language Model Fine-tuning for Text Classification},
  author={Howard, Jeremy and Ruder, Sebastian},
  booktitle={Proceedings of the 56th Annual Meeting of the Association for Computational Linguistics (Volume 1: Long Papers)},
  pages={328--339},
  year={2018}
}

% NIPS2015
@article{chorowski2015attention,
  title={Attention-based models for speech recognition},
  author={Chorowski, Jan K and Bahdanau, Dzmitry and Serdyuk, Dmitriy and Cho, Kyunghyun and Bengio, Yoshua},
  journal={Advances in neural information processing systems},
  volume={28},
  year={2015}
}

% EMNLP2018
@inproceedings{strubell2018linguistically,
  title={Linguistically-Informed Self-Attention for Semantic Role Labeling},
  author={Strubell, Emma and Verga, Patrick and Andor, Daniel and Weiss, David and McCallum, Andrew},
  booktitle={Proceedings of the 2018 Conference on Empirical Methods in Natural Language Processing},
  pages={5027--5038},
  year={2018}
}

% AAAI2018
@inproceedings{song2018attend,
  title={Attend and diagnose: Clinical time series analysis using attention models},
  author={Song, Huan and Rajan, Deepta and Thiagarajan, Jayaraman and Spanias, Andreas},
  booktitle={Proceedings of the AAAI conference on artificial intelligence},
  volume={32},
  number={1},
  year={2018}
}

% AAAI2021
@inproceedings{zhang2021retrospective,
  title={Retrospective reader for machine reading comprehension},
  author={Zhang, Zhuosheng and Yang, Junjie and Zhao, Hai},
  booktitle={Proceedings of the AAAI conference on artificial intelligence},
  volume={35},
  number={16},
  pages={14506--14514},
  year={2021}
}

% NAACL2019
@inproceedings{sun2019utilizing,
  title={Utilizing BERT for Aspect-Based Sentiment Analysis via Constructing Auxiliary Sentence},
  author={Sun, Chi and Huang, Luyao and Qiu, Xipeng},
  booktitle={Proceedings of NAACL-HLT},
  pages={380--385},
  year={2019}
}

% AAAI2020
@inproceedings{tu2020select,
  title={Select, answer and explain: Interpretable multi-hop reading comprehension over multiple documents},
  author={Tu, Ming and Huang, Kevin and Wang, Guangtao and Huang, Jing and He, Xiaodong and Zhou, Bowen},
  booktitle={Proceedings of the AAAI conference on artificial intelligence},
  volume={34},
  number={05},
  pages={9073--9080},
  year={2020}
}

% WWW2021
@inproceedings{liang2021target,
  title={Target-adaptive graph for cross-target stance detection},
  author={Liang, Bin and Fu, Yonghao and Gui, Lin and Yang, Min and Du, Jiachen and He, Yulan and Xu, Ruifeng},
  booktitle={Proceedings of the Web Conference 2021},
  pages={3453--3464},
  year={2021}
}

% COLING - 2016
@inproceedings{zubiaga2016stance,
  title={Stance Classification in Rumours as a Sequential Task Exploiting the Tree Structure of Social Media Conversations},
  author={Zubiaga, Arkaitz and Kochkina, Elena and Liakata, Maria and Procter, Rob and Lukasik, Michal},
  booktitle={Proceedings of COLING 2016, the 26th International Conference on Computational Linguistics: Technical Papers},
  pages={2438--2448},
  year={2016}
}

% AAAI - 2016
@inproceedings{zeng2016unconfirmed,
  title={\# unconfirmed: Classifying rumor stance in crisis-related social media messages},
  author={Zeng, Li and Starbird, Kate and Spiro, Emma S},
  booktitle={Tenth International AAAI Conference on Web and Social Media},
  year={2016}
}

% SemEval - 2017
@inproceedings{kochkina2017turing,
  title={Turing at SemEval-2017 Task 8: Sequential Approach to Rumour Stance Classification with Branch-LSTM},
  author={Kochkina, Elena and Liakata, Maria and Augenstein, Isabelle},
  booktitle={Proceedings of the 11th International Workshop on Semantic Evaluation (SemEval-2017)},
  pages={475--480},
  year={2017}
}

% WWW - 2018
@inproceedings{zhang2018ranking,
  title={Ranking-based method for news stance detection},
  author={Zhang, Qiang and Yilmaz, Emine and Liang, Shangsong},
  booktitle={Companion Proceedings of the The Web Conference 2018},
  pages={41--42},
  year={2018}
}

% EMNLP 2020 
@inproceedings{nguyen2020bertweet,
  title={BERTweet: A pre-trained language model for English Tweets},
  author={Nguyen, Dat Quoc and Vu, Thanh and Nguyen, Anh Tuan},
  booktitle={Proceedings of the 2020 Conference on Empirical Methods in Natural Language Processing: System Demonstrations},
  pages={9--14},
  year={2020}
}

% AAAI - 2019
@inproceedings{yuan2019exploring,
  title={Exploring answer stance detection with recurrent conditional attention},
  author={Yuan, Jianhua and Zhao, Yanyan and Xu, Jingfang and Qin, Bing},
  booktitle={Proceedings of the AAAI Conference on Artificial Intelligence},
  volume={33},
  number={01},
  pages={7426--7433},
  year={2019}
}

%AAAI - 2018
@inproceedings{liu2018early,
  title={Early detection of fake news on social media through propagation path classification with recurrent and convolutional networks},
  author={Liu, Yang and Wu, Yi-Fang Brook},
  booktitle={Thirty-second AAAI conference on artificial intelligence},
  year={2018}
}

% Information Processing Management - 2018
@article{zubiaga2018discourse,
  title={Discourse-aware rumour stance classification in social media using sequential classifiers},
  author={Zubiaga, Arkaitz and Kochkina, Elena and Liakata, Maria and Procter, Rob and Lukasik, Michal and Bontcheva, Kalina and Cohn, Trevor and Augenstein, Isabelle},
  journal={Information Processing \& Management},
  volume={54},
  number={2},
  pages={273--290},
  year={2018},
  publisher={Elsevier}
}

% EMNLP - 2016
@inproceedings{augenstein2016stance,
  title={Stance Detection with Bidirectional Conditional Encoding},
  author={Augenstein, Isabelle and Rockt{\"a}schel, Tim and Vlachos, Andreas and Bontcheva, Kalina},
  booktitle={Proceedings of the 2016 Conference on Empirical Methods in Natural Language Processing},
  pages={876--885},
  year={2016}
}

% WWW2023
@inproceedings{ko2023khan,
  title={KHAN: Knowledge-Aware Hierarchical Attention Networks for Accurate Political Stance Prediction},
  author={Ko, Yunyong and Ryu, Seongeun and Han, Soeun and Jeon, Youngseung and Kim, Jaehoon and Park, Sohyun and Han, Kyungsik and Tong, Hanghang and Kim, Sang-Wook},
  booktitle={Proceedings of the ACM Web Conference 2023},
  pages={1572--1583},
  year={2023}
}



% IJCAI2023
@inproceedings{DBLP:conf/ijcai/ZehmakanOK23,
  author       = {Ahad N. Zehmakan and
                  Charlotte Out and
                  Sajjad Hesamipour Khelejan},
  title        = {Why Rumors Spread Fast in Social Networks, and How to Stop It},
  booktitle    = {Proceedings of the Thirty-Second International Joint Conference on
                  Artificial Intelligence, {IJCAI} 2023, 19th-25th August 2023, Macao,
                  SAR, China},
  pages        = {234--242},
  publisher    = {ijcai.org},
  year         = {2023},
  url          = {https://doi.org/10.24963/ijcai.2023/27},
  doi          = {10.24963/ijcai.2023/27},
  timestamp    = {Mon, 28 Aug 2023 17:23:07 +0200},
  biburl       = {https://dblp.org/rec/conf/ijcai/ZehmakanOK23.bib},
  bibsource    = {dblp computer science bibliography, https://dblp.org}
}

% AAAI-2023
@inproceedings{lin2023zero,
  title={Zero-shot rumor detection with propagation structure via prompt learning},
  author={Lin, Hongzhan and Yi, Pengyao and Ma, Jing and Jiang, Haiyun and Luo, Ziyang and Shi, Shuming and Liu, Ruifang},
  booktitle={Proceedings of the AAAI Conference on Artificial Intelligence},
  volume={37},
  number={4},
  pages={5213--5221},
  year={2023}
}

% WWW2023
@inproceedings{li2023tts,
  title={TTS: A Target-based Teacher-Student Framework for Zero-Shot Stance Detection},
  author={Li, Yingjie and Zhao, Chenye and Caragea, Cornelia},
  booktitle={Proceedings of the ACM Web Conference 2023},
  pages={1500--1509},
  year={2023}
}


% ACL-2018
@article{angelidis2018multiple,
  title={Multiple instance learning networks for fine-grained sentiment analysis},
  author={Angelidis, Stefanos and Lapata, Mirella},
  journal={Transactions of the Association for Computational Linguistics},
  volume={6},
  pages={17--31},
  year={2018},
  publisher={MIT Press}
}

% Pattern Recognition - 2018
@article{carbonneau2018multiple,
  title={Multiple instance learning: A survey of problem characteristics and applications},
  author={Carbonneau, Marc-Andr{\'e} and Cheplygina, Veronika and Granger, Eric and Gagnon, Ghyslain},
  journal={Pattern Recognition},
  volume={77},
  pages={329--353},
  year={2018},
  publisher={Elsevier}
}

% EMNLP - 2015
@inproceedings{lukasik2015classifying,
  title={Classifying Tweet Level Judgements of Rumours in Social Media},
  author={Lukasik, Michal and Cohn, Trevor and Bontcheva, Kalina},
  booktitle={Proceedings of the 2015 Conference on Empirical Methods in Natural Language Processing},
  pages={2590--2595},
  year={2015}
}

% IEEE CSS - 2015
@article{liang2015rumor,
  title={Rumor identification in microblogging systems based on users’ behavior},
  author={Liang, Gang and He, Wenbo and Xu, Chun and Chen, Liangyin and Zeng, Jinquan},
  journal={IEEE Transactions on Computational Social Systems},
  volume={2},
  number={3},
  pages={99--108},
  year={2015},
  publisher={IEEE}
}

% www - 2017 stance detection
@inproceedings{sun2017user,
  title={User Stance Prediction via Online Behavior Mining},
  author={Sun, Yizhou},
  booktitle={Proceedings of the 26th International Conference on World Wide Web Companion},
  pages={1317--1317},
  year={2017}
}

% PLos one - 2017
@article{kwon2017rumor,
  title={Rumor detection over varying time windows},
  author={Kwon, Sejeong and Cha, Meeyoung and Jung, Kyomin},
  journal={PloS one},
  volume={12},
  number={1},
  pages={e0168344},
  year={2017},
  publisher={Public Library of Science San Francisco, CA USA}
}

% AAAI2014 
@inproceedings{friggeri2014rumor,
  title={Rumor cascades},
  author={Friggeri, Adrien and Adamic, Lada and Eckles, Dean and Cheng, Justin},
  booktitle={Proceedings of the International AAAI Conference on Web and Social Media},
  volume={8},
  number={1},
  year={2014}
}

% AAAI - 2016
@inproceedings{jin2016news,
  title={News verification by exploiting conflicting social viewpoints in microblogs},
  author={Jin, Zhiwei and Cao, Juan and Zhang, Yongdong and Luo, Jiebo},
  booktitle={Proceedings of the Thirtieth AAAI Conference on Artificial Intelligence},
  pages={2972--2978},
  year={2016},
  organization={AAAI Press}
}

% EMNLP2019
@inproceedings{reimers2019sentence,
  title={Sentence-BERT: Sentence Embeddings using Siamese BERT-Networks},
  author={Reimers, Nils and Gurevych, Iryna},
  booktitle={EMNLP-IJCNLP},
  pages={3982--3992},
  year={2019}
}

% TIST - 2020
@article{ma2020attention,
  title={An Attention-based Rumor Detection Model with Tree-structured Recursive Neural Networks},
  author={Ma, Jing and Gao, Wei and Joty, Shafiq and Wong, Kam-Fai},
  journal={ACM Transactions on Intelligent Systems and Technology (TIST)},
  volume={11},
  number={4},
  pages={1--28},
  year={2020},
  publisher={ACM New York, NY, USA}
}

% COLING - 2020
@inproceedings{ma2020debunking,
  title={Debunking Rumors on Twitter with Tree Transformer},
  author={Ma, Jing and Gao, Wei},
  booktitle={COLING},
  pages={5455--5466},
  year={2020}
}

% ############################## %
% Related Work - Stance Detection %
% ############################## %

% WWW - 2018 stance detection
@inproceedings{bhatt2018combining,
  title={Combining neural, statistical and external features for fake news stance identification},
  author={Bhatt, Gaurav and Sharma, Aman and Sharma, Shivam and Nagpal, Ankush and Raman, Balasubramanian and Mittal, Ankush},
  booktitle={Companion Proceedings of the The Web Conference 2018},
  pages={1353--1357},
  year={2018}
}

% TSLP - 2006
@article{avancini2006automatic,
  title={Automatic expansion of domain-specific lexicons by term categorization},
  author={Avancini, Henri and Lavelli, Alberto and Sebastiani, Fabrizio and Zanoli, Roberto},
  journal={ACM Transactions on Speech and Language Processing (TSLP)},
  volume={3},
  number={1},
  pages={1--30},
  year={2006},
  publisher={ACM New York, NY, USA}
}

% AAAI -2019
@inproceedings{yao2019graph,
  title={Graph convolutional networks for text classification},
  author={Yao, Liang and Mao, Chengsheng and Luo, Yuan},
  booktitle={Proceedings of the AAAI conference on artificial intelligence},
  volume={33},
  number={01},
  pages={7370--7377},
  year={2019}
}

% EMNLP - 2020
@inproceedings{kobbe2020unsupervised,
  title={Unsupervised stance detection for arguments from consequences},
  author={Kobbe, Jonathan and Hulpuș, Ioana and Stuckenschmidt, Heiner},
  booktitle={Proceedings of the 2020 Conference on Empirical Methods in Natural Language Processing (EMNLP)},
  pages={50--60},
  year={2020}
}


@inproceedings{derczynski2015pheme,
  title={Pheme: Computing veracity—the fourth challenge of big social data},
  author={Derczynski et al.},
  booktitle={ESCW-PN},
  year={2015}
}

% ############################## %
% Related Work - MIL %
% ############################## %
% The knowledge engineering review -2010

% Bioinformatics - 2016
@article{kraus2016classifying,
  title={Classifying and segmenting microscopy images with deep multiple instance learning},
  author={Kraus, Oren Z and Ba, Jimmy Lei and Frey, Brendan J},
  journal={Bioinformatics},
  volume={32},
  number={12},
  pages={i52--i59},
  year={2016},
  publisher={Oxford University Press}
}

% CVPR - 2015
@inproceedings{wu2015deep,
  title={Deep multiple instance learning for image classification and auto-annotation},
  author={Wu, Jiajun and Yu, Yinan and Huang, Chang and Yu, Kai},
  booktitle={Proceedings of the IEEE conference on computer vision and pattern recognition},
  pages={3460--3469},
  year={2015}
}

% SIGIR - 2014
@inproceedings{wang2014modeling,
  title={Modeling action-level satisfaction for search task satisfaction prediction},
  author={Wang, Hongning and Song, Yang and Chang, Ming-Wei and He, Xiaodong and Hassan, Ahmed and White, Ryen W},
  booktitle={Proceedings of the 37th international ACM SIGIR conference on Research \& development in information retrieval},
  pages={123--132},
  year={2014}
}

% CIKM - 2016
@inproceedings{wang2016multiple,
  title={A multiple instance learning framework for identifying key sentences and detecting events},
  author={Wang, Wei and Ning, Yue and Rangwala, Huzefa and Ramakrishnan, Naren},
  booktitle={Proceedings of the 25th ACM International on Conference on Information and Knowledge Management},
  pages={509--518},
  year={2016}
}

% ICML - 1998
@inproceedings{maron1998multiple,
  title={Multiple-instance learning for natural scene classification.},
  author={Maron, Oded and Ratan, Aparna Lakshmi},
  booktitle={ICML},
  volume={98},
  pages={341--349},
  year={1998},
  organization={Citeseer}
}

% AI - 2005
@article{zhou2005multi,
  title={Multi-instance learning based web mining},
  author={Zhou, Zhi-Hua and Jiang, Kai and Li, Ming},
  journal={Applied intelligence},
  volume={22},
  number={2},
  pages={135--147},
  year={2005},
  publisher={Springer}
}

% ############################## %
% Methodology %
% ############################## %

% SSST-8 - 2014
@inproceedings{cho2014properties,
  title={On the Properties of Neural Machine Translation: Encoder--Decoder Approaches},
  author={Cho, Kyunghyun and van Merri{\"e}nboer, Bart and Bahdanau, Dzmitry and Bengio, Yoshua},
  booktitle={Proceedings of SSST-8, Eighth Workshop on Syntax, Semantics and Structure in Statistical Translation},
  pages={103--111},
  year={2014}
}

% EMNLP - 2014
@inproceedings{pennington2014glove,
  title={Glove: Global vectors for word representation},
  author={Pennington, Jeffrey and Socher, Richard and Manning, Christopher D},
  booktitle={Proceedings of the 2014 conference on empirical methods in natural language processing (EMNLP)},
  pages={1532--1543},
  year={2014}
}

% ACL - 2019 BERT
@inproceedings{devlin2019bert,
  title={BERT: Pre-training of Deep Bidirectional Transformers for Language Understanding},
  author={Devlin et al},
  booktitle={NAACL: Human Language Technologies, Volume 1 (Long and Short Papers)},
  pages={4171--4186},
  year={2019}
}

% ACL - 2018 ELMO
@inproceedings{peters2018deep,
  title={Deep Contextualized Word Representations},
  author={Peters et al},
  booktitle={NAACL-HLT, Volume 1 (Long Papers)},
  pages={2227--2237},
  year={2018}
}

% Special Interest Group on Discourse and Dialogue - 2020
@inproceedings{chang2020convokit,
  title={ConvoKit: A Toolkit for the Analysis of Conversations},
  author={Chang, Jonathan P and Chiam, Caleb and Fu, Liye and Wang, Andrew and Zhang, Justine and Danescu-Niculescu-Mizil, Cristian},
  booktitle={Proceedings of the 21th Annual Meeting of the Special Interest Group on Discourse and Dialogue},
  pages={57--60},
  year={2020}
}

%ICML - 2015
@inproceedings{zhu2015long,
  title={Long short-term memory over recursive structures},
  author={Zhu, Xiaodan and Sobhani, Parinaz and Guo, Hongyu},
  booktitle={Proceedings of the 32nd International Conference on International Conference on Machine Learning-Volume 37},
  pages={1604--1612},
  year={2015}
}

% ACL -2015
@inproceedings{tai2015improved,
  title={Improved Semantic Representations From Tree-Structured Long Short-Term Memory Networks},
  author={Tai, Kai Sheng and Socher, Richard and Manning, Christopher D},
  booktitle={Proceedings of the 53rd Annual Meeting of the Association for Computational Linguistics and the 7th International Joint Conference on Natural Language Processing (Volume 1: Long Papers)},
  pages={1556--1566},
  year={2015}
}

% ############################## %
% Experiments and Results  %
% ############################## %

% SemEval Workshop - 2019
@inproceedings{gorrell2019semeval,
  title={SemEval-2019 task 7: RumourEval, determining rumour veracity and support for rumours},
  author={Gorrell et al},
  booktitle={Proceedings of the 13th International Workshop on Semantic Evaluation},
  pages={845--854},
  year={2019}
}

%  PHEME rumour scheme dataset: journalism use case - 2016 
@article{zubiaga2016pheme,
  title={PHEME rumour scheme dataset: journalism use case},
  author={Zubiaga, Arkaitz and Liakata, Maria and Procter, Rob and Hoi, G Wong Sak and Tolmie, Peter},
  journal={PHEME rumour scheme dataset: journalism use case},
  year={2016}
}

% arXiv - 2019
@article{pamungkas2019stance,
  title={Stance classification for rumour analysis in Twitter: Exploiting affective information and conversation structure},
  author={Pamungkas, Endang Wahyu and Basile, Valerio and Patti, Viviana},
  journal={arXiv preprint arXiv:1901.01911},
  year={2019}
}

% CIKM -2017
@inproceedings{veyseh2017temporal,
  title={A temporal attentional model for rumor stance classification},
  author={Veyseh, Amir Pouran Ben and Ebrahimi, Javid and Dou, Dejing and Lowd, Daniel},
  booktitle={Proceedings of the 2017 ACM on Conference on Information and Knowledge Management},
  pages={2335--2338},
  year={2017}
}

% EMNLP-IJCNLP - 2019 
@inproceedings{wei2019modeling,
  title={Modeling Conversation Structure and Temporal Dynamics for Jointly Predicting Rumor Stance and Veracity},
  author={Wei, Penghui and Xu, Nan and Mao, Wenji},
  booktitle={EMNLP-IJCNLP},
  pages={4787--4798},
  year={2019}
}

%ICCL - 2018
@inproceedings{kochkina2018all,
  title={All-in-one: Multi-task learning for rumour verification},
  author={Kochkina, Elena and Liakata, Maria and Zubiaga, Arkaitz},
  booktitle={Proceedings of the 26th International Conference on Computational Linguistics},
  pages={3402-3413},
  year={2018}
}

% EMNLP - 2020
@inproceedings{allaway2020zero,
  title={Zero-Shot Stance Detection: A Dataset and Model Using Generalized Topic Representations},
  author={Allaway, Emily and McKeown, Kathleen},
  booktitle={Proceedings of the 2020 Conference on Empirical Methods in Natural Language Processing (EMNLP)},
  pages={8913--8931},
  year={2020}
}

% TEMSCON2017
@inproceedings{zhang2017detecting,
  title={Detecting rumors on online social networks using multi-layer autoencoder},
  author={Zhang, Yan and Chen, Weiling and Yeo, Chai Kiat and Lau, Chiew Tong and Lee, Bu Sung},
  booktitle={2017 IEEE technology \& engineering management conference (TEMSCON)},
  pages={437--441},
  year={2017},
  organization={IEEE}
}

% Neurocomputing - 2023
@article{wang2023nit,
  title={NIT: Searching for rumors in social network through neighborhood information transmission},
  author={Wang, Biao and Wei, Hongquan and Liu, Shuxin and Wang, Kai and Li, Ran},
  journal={Neurocomputing},
  volume={553},
  pages={126552},
  year={2023},
  publisher={Elsevier}
}

@inproceedings{derczynski2017semeval,
  title={SemEval-2017 Task 8: RumourEval: Determining rumour veracity and support for rumours},
  author={Derczynski, Leon and Bontcheva, Kalina and Liakata, Maria and Procter, Rob and Hoi, Geraldine Wong Sak and Zubiaga, Arkaitz},
  booktitle={SemEval-2017},
  pages={69--76},
  year={2017}
}

%IJCAI - 2017
@inproceedings{yu2017convolutional,
  title={A convolutional approach for misinformation identification},
  author={Yu, Feng and Liu, Qiang and Wu, Shu and Wang, Liang and Tan, Tieniu},
  booktitle={Proceedings of IJCAI},
  pages={3901--3907},
  year={2017}
}

@inproceedings{zubiaga2015towards,
  title={Towards detecting rumours in social media},
  author={Zubiaga, Arkaitz and Liakata, Maria and Procter, Rob and Bontcheva, Kalina and Tolmie, Peter},
  booktitle={Workshops at the Twenty-Ninth AAAI conference on artificial intelligence},
  year={2015}
}

@inproceedings{li-etal-2019-rumor-detection,
    title = "Rumor Detection by Exploiting User Credibility Information, Attention and Multi-task Learning",
    author = "Li, Quanzhi  and
      Zhang, Qiong  and
      Si, Luo",
    booktitle = "Proceedings of the 57th Annual Meeting of the Association for Computational Linguistics",
    month = jul,
    year = "2019",
    address = "Florence, Italy",
    publisher = "Association for Computational Linguistics",
    url = "https://aclanthology.org/P19-1113",
    doi = "10.18653/v1/P19-1113",
    pages = "1173--1179"
}

@inproceedings{lin2022detect,
  title={Detect Rumors in Microblog Posts for Low-Resource Domains via Adversarial Contrastive Learning},
  author={Lin, Hongzhan and Ma, Jing and Chen, Liangliang and Yang, Zhiwei and Cheng, Mingfei and Guang, Chen},
  booktitle={Findings of the Association for Computational Linguistics: NAACL 2022},
  pages={2543--2556},
  year={2022}
}

@inproceedings{song-etal-2019-using,
    title = "Using Customer Service Dialogues for Satisfaction Analysis with Context-Assisted Multiple Instance Learning",
    author = "Song, Kaisong  and
      Bing, Lidong  and
      Gao, Wei  and
      Lin, Jun  and
      Zhao, Lujun  and
      Wang, Jiancheng  and
      Sun, Changlong  and
      Liu, Xiaozhong  and
      Zhang, Qiong",
    booktitle = "Proceedings of the 2019 Conference on Empirical Methods in Natural Language Processing and the 9th International Joint Conference on Natural Language Processing (EMNLP-IJCNLP)",
    month = nov,
    year = "2019",
    address = "Hong Kong, China",
    publisher = "Association for Computational Linguistics",
    pages = "198--207"
}

@inproceedings{yang-etal-2023-wsdms,
    title = "{WSDMS}: Debunk Fake News via Weakly Supervised Detection of Misinforming Sentences with Contextualized Social Wisdom",
    author = "Yang, Ruichao  and
      Gao, Wei  and
      Ma, Jing  and
      Lin, Hongzhan  and
      Yang, Zhiwei",
    booktitle = "EMNLP",
    month = dec,
    year = "2023",
    pages = "1525--1538"
}