@inproceedings{DBLP:conf/atis/PhongA0WM17,
  author    = {Le Trieu Phong and
               Yoshinori Aono and
               Takuya Hayashi and
               Lihua Wang and
               Shiho Moriai},
  title     = {Privacy-Preserving Deep Learning: Revisited and Enhanced},
  booktitle = {Applications and Techniques in Information Security - 8th International
               Conference, {ATIS} 2017},
  series    = {Communications in Computer and Information Science},
  volume    = {719},
  pages     = {100--110},
  publisher = {Springer},
  year      = {2017},
  timestamp = {Wed, 17 Feb 2021 14:43:58 +0100},
  biburl    = {https://dblp.org/rec/conf/atis/PhongA0WM17.bib},
  bibsource = {dblp computer science bibliography, https://dblp.org}
}

@inproceedings{DBLP:conf/ausai/FletcherI15,
  author       = {Sam Fletcher and
                  Md Zahidul Islam},
  title        = {A Differentially Private Random Decision Forest Using Reliable Signal-to-Noise
                  Ratios},
  booktitle    = {{AI} 2015: Advances in Artificial Intelligence - 28th Australasian
                  Joint Conference},
  series       = {Lecture Notes in Computer Science},
  volume       = {9457},
  pages        = {192--203},
  publisher    = {Springer},
  year         = {2015},
  bibsource    = {dblp computer science bibliography, https://dblp.org}
}

@inproceedings{DBLP:conf/ausdm/Fletcher015,
  author       = {Sam Fletcher and
                  Md Zahidul Islam},
  title        = {A Differentially Private Decision Forest},
  booktitle    = {Thirteenth Australasian Data Mining Conference, AusDM 2015},
  series       = {{CRPIT}},
  volume       = {168},
  pages        = {99--108},
  publisher    = {Australian Computer Society},
  year         = {2015},
  bibsource    = {dblp computer science bibliography, https://dblp.org}
}

@inproceedings{DBLP:conf/dbsec/GambsGH12,
  author    = {S{\'{e}}bastien Gambs and
               Ahmed Gmati and
               Michel Hurfin},
  title     = {Reconstruction Attack through Classifier Analysis},
  booktitle = {Data and Applications Security and Privacy {XXVI} - 26th Annual {IFIP}
               {WG} 11.3 Conference, DBSec 2012},
  series    = {Lecture Notes in Computer Science},
  volume    = {7371},
  pages     = {274--281},
  publisher = {Springer},
  year      = {2012},
  timestamp = {Fri, 27 Dec 2019 21:29:17 +0100},
  biburl    = {https://dblp.org/rec/conf/dbsec/GambsGH12.bib},
  bibsource = {dblp computer science bibliography, https://dblp.org}
}

@inproceedings{DBLP:conf/nips/HaimVYSI22,
  author       = {Niv Haim and
                  Gal Vardi and
                  Gilad Yehudai and
                  Ohad Shamir and
                  Michal Irani},
  title        = {Reconstructing Training Data From Trained Neural Networks},
  booktitle    = {Advances in Neural Information Processing Systems, NeurIPS 2022},  
  publisher = {Curran Associates, Inc.},
  volume = {35},  
  pages={22911--22924},
  year         = {2022},
}

@inproceedings{DBLP:conf/pods/DinurN03,
  author    = {Irit Dinur and
               Kobbi Nissim},
  title     = {Revealing information while preserving privacy},
  booktitle = {Proceedings of the Twenty-Second {ACM} {SIGACT-SIGMOD-SIGART} Symposium
               on Principles of Database Systems},
  pages     = {202--210},
  publisher = {{ACM}},
  year      = {2003},
  timestamp = {Wed, 14 Nov 2018 10:59:31 +0100},
  biburl    = {https://dblp.org/rec/conf/pods/DinurN03.bib},
  bibsource = {dblp computer science bibliography, https://dblp.org}
}

@inproceedings{DBLP:conf/uss/0001B0F020,
  author    = {Ahmed Salem and
               Apratim Bhattacharya and
               Michael Backes and
               Mario Fritz and
               Yang Zhang},
  title     = {Updates-Leak: Data Set Inference and Reconstruction Attacks in Online
               Learning},
  booktitle = {29th {USENIX} Security Symposium, {USENIX} Security 2020, August 12-14,
               2020},
  pages     = {1291--1308},
  publisher = {{USENIX} Association},
  year      = {2020},
  timestamp = {Fri, 29 Jan 2021 22:08:58 +0100},
  biburl    = {https://dblp.org/rec/conf/uss/0001B0F020.bib},
  bibsource = {dblp computer science bibliography, https://dblp.org}
}

@article{DBLP:journals/corr/abs-1907-02444,
  author       = {Naoise Holohan and
                  Stefano Braghin and
                  P{\'{o}}l Mac Aonghusa and
                  Killian Levacher},
  title        = {Diffprivlib: The {IBM} Differential Privacy Library},
  journal      = {CoRR},
  volume       = {abs/1907.02444},
  year         = {2019},
  eprinttype    = {arXiv},
  eprint       = {1907.02444},
  timestamp    = {Mon, 08 Jul 2019 14:12:33 +0200},
  biburl       = {https://dblp.org/rec/journals/corr/abs-1907-02444.bib},
  bibsource    = {dblp computer science bibliography, https://dblp.org}
}

@article{DBLP:journals/corr/abs-2202-07623,
  author       = {Pierre Stock and
                  Igor Shilov and
                  Ilya Mironov and
                  Alexandre Sablayrolles},
  title        = {Defending against Reconstruction Attacks with R{\'{e}}nyi Differential
                  Privacy},
  journal      = {CoRR},
  volume       = {abs/2202.07623},
  year         = {2022},
  eprinttype    = {arXiv},
  eprint       = {2202.07623},
  timestamp    = {Fri, 18 Feb 2022 12:23:53 +0100},
  biburl       = {https://dblp.org/rec/journals/corr/abs-2202-07623.bib},
  bibsource    = {dblp computer science bibliography, https://dblp.org}
}

@inproceedings{Singh,
  author       = {Abhijit Patil and
                  Sanjay Singh},
  title        = {Differential private random forest},
  booktitle    = {Proceedings of the 2014 International Conference on Advances in Computing, Communications and Informatics, ICACCI 2014},
  pages        = {2623--2630},
  publisher    = {{IEEE}},
  year         = {2014},
  timestamp    = {Wed, 20 Nov 2019 10:41:01 +0100},
  biburl       = {https://dblp.org/rec/conf/icacci/PatilS14.bib},
  bibsource    = {dblp computer science bibliography, https://dblp.org}
}

@article{dwork2014algorithmic,
	Author = {Cynthia Dwork and Aaron Roth},
	Issn = {1551-305X},
	Journal = {Foundations and Trends{\textregistered} in Theoretical Computer Science},
	Number = {3--4},
	Pages = {211-407},
	Title = {The Algorithmic Foundations of Differential Privacy},
	Volume = {9},
	Year = {2014}}

@article{dwork2017exposed,
  title={Exposed! a survey of attacks on private data},
  author={Dwork, Cynthia and Smith, Adam and Steinke, Thomas and Ullman, Jonathan},
  journal={Annual Review of Statistics and Its Application},
  volume={4},
  pages={61--84},
  year={2017},
  publisher={Annual Reviews}
}

@inproceedings{ferry2024probabilistic,
  author       = {Julien Ferry and
                  Ulrich A{\"{\i}}vodji and
                  S{\'{e}}bastien Gambs and
                  Marie{-}Jos{\'{e}} Huguet and
                  Mohamed Siala},
  title        = {Probabilistic Dataset Reconstruction from Interpretable Models},
  booktitle    = {Second {IEEE} Conference on Secure and Trustworthy Machine Learning, SaTML
                  2024},
  pages        = {1--17},
  publisher    = {{IEEE}},
  year         = {2024},
  timestamp    = {Wed, 15 May 2024 16:18:34 +0200},
  biburl       = {https://dblp.org/rec/conf/satml/FerryAGH024.bib},
  bibsource    = {dblp computer science bibliography, https://dblp.org}
}

@InProceedings{ferry2024trained,
  title = 	 {Trained Random Forests Completely Reveal your Dataset},
  author =       {Ferry, Julien and Fukasawa, Ricardo and Pascal, Timoth\'{e}e and Vidal, Thibaut},
  booktitle = 	 {Proceedings of the 41st International Conference on Machine Learning, ICML 2024},
  pages = 	 {13545--13569},
  year = 	 {2024},
  volume = 	 {235},
  series = 	 {Proceedings of Machine Learning Research},
  publisher =    {PMLR}}

@article{fletcher2016smooth,
   title={Differentially private random decision forests using smooth sensitivity},
   volume={78},
   ISSN={0957-4174},
   journal={Expert Systems with Applications},
   publisher={Elsevier BV},
   author={Fletcher, Sam and Islam, Md Zahidul},
   year={2017}, 
   pages={16â€“31} }

@inproceedings{fredrikson2015model,
  author       = {Matt Fredrikson and
                  Somesh Jha and
                  Thomas Ristenpart},
  title        = {Model Inversion Attacks that Exploit Confidence Information and Basic
                  Countermeasures},
  booktitle    = {Proceedings of the 22nd {ACM} {SIGSAC} Conference on Computer and
                  Communications Security},
  pages        = {1322--1333},
  publisher    = {{ACM}},
  year         = {2015},
  timestamp    = {Sun, 06 Oct 2024 20:57:34 +0200},
  biburl       = {https://dblp.org/rec/conf/ccs/FredriksonJR15.bib},
  bibsource    = {dblp computer science bibliography, https://dblp.org}
}

@inproceedings{hamman2022can,
  title={Can Querying for Bias Leak Protected Attributes? Achieving Privacy With Smooth Sensitivity},
  author={Hamman, Faisal and Chen, Jiahao and Dutta, Sanghamitra},
  booktitle={NeurIPS 2022 Workshop on Algorithmic Fairness through the Lens of Causality and Privacy},
  year={2022}
}

@inproceedings{hu2020inference,
  title={Inference attack and defense on the distributed private fair learning framework},
  author={Hu, Hui and Lan, Chao},
  booktitle={The AAAI Workshop on Privacy-Preserving Artificial Intelligence},
  year={2020}
}

@article{jagannathan2012enabling,
  author       = {Geetha Jagannathan and
                  Krishnan Pillaipakkamnatt and
                  Rebecca N. Wright},
  title        = {A Practical Differentially Private Random Decision Tree Classifier},
  journal      = {Trans. Data Priv.},
  volume       = {5},
  number       = {1},
  pages        = {273--295},
  year         = {2012},
  timestamp    = {Wed, 17 Feb 2021 21:56:26 +0100},
  biburl       = {https://dblp.org/rec/journals/tdp/JagannathanPW12.bib},
  bibsource    = {dblp computer science bibliography, https://dblp.org}
}

@inproceedings{rana,
  author={Rana, Santu and Gupta, Sunil Kumar and Venkatesh, Svetha},
  booktitle={IEEE International Conference on Data Mining, {ICDM} 2015}, 
  title={Differentially Private Random Forest with High Utility}, 
  year={2015},
  volume={},
  number={},
  pages={955-960},
  keywords={Decision trees;Privacy;Data privacy;Vegetation;Sensitivity;Standards;differential privacy;decision trees;random forest;privacy preserving data mining}}

@article{ziller2024reconciling,
  title={Reconciling privacy and accuracy in AI for medical imaging},
  author={Ziller, Alexander and Mueller, Tamara T and Stieger, Simon and Feiner, Leonhard F and Brandt, Johannes and Braren, Rickmer and Rueckert, Daniel and Kaissis, Georgios},
  journal={Nature Machine Intelligence},
  pages={1--11},
  year={2024},
  publisher={Nature Publishing Group UK London}
}

