@article{DBLP:journals/pvldb/ArcoleziGCP23,
  author       = {H{\'{e}}ber Hwang Arcolezi and
                  S{\'{e}}bastien Gambs and
                  Jean{-}Fran{\c{c}}ois Couchot and
                  Catuscia Palamidessi},
  title        = {On the Risks of Collecting Multidimensional Data Under Local Differential
                  Privacy},
  journal      = {Proc. {VLDB} Endow.},
  volume       = {16},
  number       = {5},
  pages        = {1126--1139},
  year         = {2023},
  timestamp    = {Sat, 28 Oct 2023 13:59:29 +0200},
  biburl       = {https://dblp.org/rec/journals/pvldb/ArcoleziGCP23.bib},
  bibsource    = {dblp computer science bibliography, https://dblp.org}
}

@article{dwork2006calibrating,
  author       = {Cynthia Dwork and
                  Frank McSherry and
                  Kobbi Nissim and
                  Adam D. Smith},
  title        = {Calibrating Noise to Sensitivity in Private Data Analysis},
  journal      = {J. Priv. Confidentiality},
  volume       = {7},
  number       = {3},
  pages        = {17--51},
  year         = {2016},
  timestamp    = {Tue, 20 Aug 2024 08:48:08 +0200},
  biburl       = {https://dblp.org/rec/journals/jpc/DworkMNS16.bib},
  bibsource    = {dblp computer science bibliography, https://dblp.org}
}


@article{jagannathan2012enabling,
  author       = {Geetha Jagannathan and
                  Krishnan Pillaipakkamnatt and
                  Rebecca N. Wright},
  title        = {A Practical Differentially Private Random Decision Tree Classifier},
  journal      = {Trans. Data Priv.},
  volume       = {5},
  number       = {1},
  pages        = {273--295},
  year         = {2012},
  timestamp    = {Wed, 17 Feb 2021 21:56:26 +0100},
  biburl       = {https://dblp.org/rec/journals/tdp/JagannathanPW12.bib},
  bibsource    = {dblp computer science bibliography, https://dblp.org}
}

@article{DBLP:journals/jpc/DworkKM19,
  author       = {Cynthia Dwork and
                  Nitin Kohli and
                  Deirdre K. Mulligan},
  title        = {Differential Privacy in Practice: Expose your Epsilons!},
  journal      = {J. Priv. Confidentiality},
  volume       = {9},
  number       = {2},
  year         = {2019},
  timestamp    = {Wed, 12 May 2021 17:24:22 +0200},
  biburl       = {https://dblp.org/rec/journals/jpc/DworkKM19.bib},
  bibsource    = {dblp computer science bibliography, https://dblp.org}
}

% Example real-world uses of DP
@misc{desfontainesblog20211001,
  title = {A list of real-world uses of differential privacy},
  author = {Damien Desfontaines},
  howpublished = {\url{https://desfontain.es/blog/real-world-differential-privacy.html}},
  note = {Ted is writing things (personal blog)},
  year = {2021},
  month = {10}
}

@inproceedings{DBLP:conf/ausai/FletcherI15,
  author       = {Sam Fletcher and
                  Md Zahidul Islam},
  title        = {A Differentially Private Random Decision Forest Using Reliable Signal-to-Noise
                  Ratios},
  booktitle    = {{AI} 2015: Advances in Artificial Intelligence - 28th Australasian
                  Joint Conference},
  series       = {Lecture Notes in Computer Science},
  volume       = {9457},
  pages        = {192--203},
  publisher    = {Springer},
  year         = {2015},
  bibsource    = {dblp computer science bibliography, https://dblp.org}
}

@InProceedings{ferry2024trained,
  title = 	 {Trained Random Forests Completely Reveal your Dataset},
  author =       {Ferry, Julien and Fukasawa, Ricardo and Pascal, Timoth\'{e}e and Vidal, Thibaut},
  booktitle = 	 {Proceedings of the 41st International Conference on Machine Learning, ICML 2024},
  pages = 	 {13545--13569},
  year = 	 {2024},
  volume = 	 {235},
  series = 	 {Proceedings of Machine Learning Research},
  publisher =    {PMLR}}

@inproceedings{dwork2006differential,
	Author = {Dwork, Cynthia},
	Booktitle = {Automata, Languages and Programming},
	Isbn = {978-3-540-35908-1},
	Pages = {1--12},
	Publisher = {Springer Berlin Heidelberg},
	Title = {Differential Privacy},
	Year = {2006}}

@article{ziller2024reconciling,
  title={Reconciling privacy and accuracy in AI for medical imaging},
  author={Ziller, Alexander and Mueller, Tamara T and Stieger, Simon and Feiner, Leonhard F and Brandt, Johannes and Braren, Rickmer and Rueckert, Daniel and Kaissis, Georgios},
  journal={Nature Machine Intelligence},
  pages={1--11},
  year={2024},
  publisher={Nature Publishing Group UK London}
}

@inproceedings{mckenna2024permuteflip,
 author = {McKenna, Ryan and Sheldon, Daniel R},
 booktitle = {Advances in Neural Information Processing Systems, NeurIPS 2020},
 pages = {193--203},
 publisher = {Curran Associates, Inc.},
 title = {Permute-and-Flip: A new mechanism for differentially private selection},
 volume = {33},
 year = {2020}
}

@software{cpsatlp,
  title = {CP-SAT},
  version = { v9.10 },
  author = {Laurent Perron and Frédéric Didier},
  organization = {Google},
  url = {https://developers.google.com/optimization/cp/cp_solver/},
  date = { 2024-05-07 },
  year={2024}
}



@article{DBLP:journals/asc/DastileCP20,
  author       = {Xolani Dastile and
                  Turgay {\c{C}}elik and
                  Moshe Potsane},
  title        = {Statistical and machine learning models in credit scoring: {A} systematic
                  literature survey},
  journal      = {Appl. Soft Comput.},
  volume       = {91},
  pages        = {106263},
  year         = {2020},
  timestamp    = {Fri, 24 Nov 2023 19:42:21 +0100},
  biburl       = {https://dblp.org/rec/journals/asc/DastileCP20.bib},
  bibsource    = {dblp computer science bibliography, https://dblp.org}
}



@article{DBLP:journals/corr/abs-1907-02444,
  author       = {Naoise Holohan and
                  Stefano Braghin and
                  P{\'{o}}l Mac Aonghusa and
                  Killian Levacher},
  title        = {Diffprivlib: The {IBM} Differential Privacy Library},
  journal      = {CoRR},
  volume       = {abs/1907.02444},
  year         = {2019},
  eprinttype    = {arXiv},
  eprint       = {1907.02444},
  timestamp    = {Mon, 08 Jul 2019 14:12:33 +0200},
  biburl       = {https://dblp.org/rec/journals/corr/abs-1907-02444.bib},
  bibsource    = {dblp computer science bibliography, https://dblp.org}
}


@inproceedings{ferry2024probabilistic,
  author       = {Julien Ferry and
                  Ulrich A{\"{\i}}vodji and
                  S{\'{e}}bastien Gambs and
                  Marie{-}Jos{\'{e}} Huguet and
                  Mohamed Siala},
  title        = {Probabilistic Dataset Reconstruction from Interpretable Models},
  booktitle    = {Second {IEEE} Conference on Secure and Trustworthy Machine Learning, SaTML
                  2024},
  pages        = {1--17},
  publisher    = {{IEEE}},
  year         = {2024},
  timestamp    = {Wed, 15 May 2024 16:18:34 +0200},
  biburl       = {https://dblp.org/rec/conf/satml/FerryAGH024.bib},
  bibsource    = {dblp computer science bibliography, https://dblp.org}
}

@inproceedings{DBLP:conf/pods/DinurN03,
  author    = {Irit Dinur and
               Kobbi Nissim},
  title     = {Revealing information while preserving privacy},
  booktitle = {Proceedings of the Twenty-Second {ACM} {SIGACT-SIGMOD-SIGART} Symposium
               on Principles of Database Systems},
  pages     = {202--210},
  publisher = {{ACM}},
  year      = {2003},
  timestamp = {Wed, 14 Nov 2018 10:59:31 +0100},
  biburl    = {https://dblp.org/rec/conf/pods/DinurN03.bib},
  bibsource = {dblp computer science bibliography, https://dblp.org}
}

@article{DBLP:journals/csur/HuSSDYZ22,
  author       = {Hongsheng Hu and
                  Zoran Salcic and
                  Lichao Sun and
                  Gillian Dobbie and
                  Philip S. Yu and
                  Xuyun Zhang},
  title        = {Membership Inference Attacks on Machine Learning: {A} Survey},
  journal      = {{ACM} Comput. Surv.},
  volume       = {54},
  number       = {11s},
  pages        = {235:1--235:37},
  year         = {2022},
  timestamp    = {Sat, 30 Sep 2023 10:11:23 +0200},
  biburl       = {https://dblp.org/rec/journals/csur/HuSSDYZ22.bib},
  bibsource    = {dblp computer science bibliography, https://dblp.org}
}

@article{DBLP:journals/natmi/Rudin19,
  author       = {Cynthia Rudin},
  title        = {Stop explaining black box machine learning models for high stakes
                  decisions and use interpretable models instead},
  journal      = {Nat. Mach. Intell.},
  volume       = {1},
  number       = {5},
  pages        = {206--215},
  year         = {2019},
  timestamp    = {Wed, 16 Mar 2022 23:50:17 +0100},
  biburl       = {https://dblp.org/rec/journals/natmi/Rudin19.bib},
  bibsource    = {dblp computer science bibliography, https://dblp.org}
}

@inproceedings{DBLP:conf/aies/SlackHJSL20,
  author       = {Dylan Slack and
                  Sophie Hilgard and
                  Emily Jia and
                  Sameer Singh and
                  Himabindu Lakkaraju},
  editor       = {Annette N. Markham and
                  Julia Powles and
                  Toby Walsh and
                  Anne L. Washington},
  title        = {Fooling {LIME} and {SHAP:} Adversarial Attacks on Post hoc Explanation
                  Methods},
  booktitle    = {{AIES} '20: {AAAI/ACM} Conference on AI, Ethics, and Society, New
                  York, NY, USA, February 7-8, 2020},
  pages        = {180--186},
  publisher    = {{ACM}},
  year         = {2020},
  timestamp    = {Thu, 14 Oct 2021 10:27:33 +0200},
  biburl       = {https://dblp.org/rec/conf/aies/SlackHJSL20.bib},
  bibsource    = {dblp computer science bibliography, https://dblp.org}
}

@article{DBLP:journals/corr/abs-2202-07623,
  author       = {Pierre Stock and
                  Igor Shilov and
                  Ilya Mironov and
                  Alexandre Sablayrolles},
  title        = {Defending against Reconstruction Attacks with R{\'{e}}nyi Differential
                  Privacy},
  journal      = {CoRR},
  volume       = {abs/2202.07623},
  year         = {2022},
  eprinttype    = {arXiv},
  eprint       = {2202.07623},
  timestamp    = {Fri, 18 Feb 2022 12:23:53 +0100},
  biburl       = {https://dblp.org/rec/journals/corr/abs-2202-07623.bib},
  bibsource    = {dblp computer science bibliography, https://dblp.org}
}

@inproceedings{DBLP:conf/uss/0001B0F020,
  author    = {Ahmed Salem and
               Apratim Bhattacharya and
               Michael Backes and
               Mario Fritz and
               Yang Zhang},
  title     = {Updates-Leak: Data Set Inference and Reconstruction Attacks in Online
               Learning},
  booktitle = {29th {USENIX} Security Symposium, {USENIX} Security 2020, August 12-14,
               2020},
  pages     = {1291--1308},
  publisher = {{USENIX} Association},
  year      = {2020},
  timestamp = {Fri, 29 Jan 2021 22:08:58 +0100},
  biburl    = {https://dblp.org/rec/conf/uss/0001B0F020.bib},
  bibsource = {dblp computer science bibliography, https://dblp.org}
}

@inproceedings{DBLP:conf/atis/PhongA0WM17,
  author    = {Le Trieu Phong and
               Yoshinori Aono and
               Takuya Hayashi and
               Lihua Wang and
               Shiho Moriai},
  title     = {Privacy-Preserving Deep Learning: Revisited and Enhanced},
  booktitle = {Applications and Techniques in Information Security - 8th International
               Conference, {ATIS} 2017},
  series    = {Communications in Computer and Information Science},
  volume    = {719},
  pages     = {100--110},
  publisher = {Springer},
  year      = {2017},
  timestamp = {Wed, 17 Feb 2021 14:43:58 +0100},
  biburl    = {https://dblp.org/rec/conf/atis/PhongA0WM17.bib},
  bibsource = {dblp computer science bibliography, https://dblp.org}
}

@inproceedings{hu2020inference,
  title={Inference attack and defense on the distributed private fair learning framework},
  author={Hu, Hui and Lan, Chao},
  booktitle={The AAAI Workshop on Privacy-Preserving Artificial Intelligence},
  year={2020}
}

@inproceedings{
ferry2023exploiting,
title={Exploiting Fairness to Enhance Sensitive Attributes Reconstruction},
author={Julien Ferry and Ulrich A{\"\i}vodji and S{\'e}bastien Gambs and Marie-Jos{\'e} Huguet and Mohamed Siala},
booktitle={First IEEE Conference on Secure and Trustworthy Machine Learning, SaTML 2023},
  pages        = {18--41},
year={2023}
}

@inproceedings{hamman2022can,
  title={Can Querying for Bias Leak Protected Attributes? Achieving Privacy With Smooth Sensitivity},
  author={Hamman, Faisal and Chen, Jiahao and Dutta, Sanghamitra},
  booktitle={NeurIPS 2022 Workshop on Algorithmic Fairness through the Lens of Causality and Privacy},
  year={2022}
}

@article{DBLP:journals/csur/OliynykMR23,
  author       = {Daryna Oliynyk and
                  Rudolf Mayer and
                  Andreas Rauber},
  title        = {I Know What You Trained Last Summer: {A} Survey on Stealing Machine
                  Learning Models and Defences},
  journal      = {{ACM} Comput. Surv.},
  volume       = {55},
  number       = {14s},
  pages        = {324:1--324:41},
  year         = {2023},
  timestamp    = {Sun, 19 Jan 2025 13:56:54 +0100},
  biburl       = {https://dblp.org/rec/journals/csur/OliynykMR23.bib},
  bibsource    = {dblp computer science bibliography, https://dblp.org}
}

@article{DBLP:journals/tifs/YeSZLZ22,
  author       = {Dayong Ye and
                  Sheng Shen and
                  Tianqing Zhu and
                  Bo Liu and
                  Wanlei Zhou},
  title        = {One Parameter Defense - Defending Against Data Inference Attacks via
                  Differential Privacy},
  journal      = {{IEEE} Trans. Inf. Forensics Secur.},
  volume       = {17},
  pages        = {1466--1480},
  year         = {2022},
  timestamp    = {Sun, 06 Oct 2024 21:41:08 +0200},
  biburl       = {https://dblp.org/rec/journals/tifs/YeSZLZ22.bib},
  bibsource    = {dblp computer science bibliography, https://dblp.org}
}


@inproceedings{fredrikson2015model,
  author       = {Matt Fredrikson and
                  Somesh Jha and
                  Thomas Ristenpart},
  title        = {Model Inversion Attacks that Exploit Confidence Information and Basic
                  Countermeasures},
  booktitle    = {Proceedings of the 22nd {ACM} {SIGSAC} Conference on Computer and
                  Communications Security},
  pages        = {1322--1333},
  publisher    = {{ACM}},
  year         = {2015},
  timestamp    = {Sun, 06 Oct 2024 20:57:34 +0200},
  biburl       = {https://dblp.org/rec/conf/ccs/FredriksonJR15.bib},
  bibsource    = {dblp computer science bibliography, https://dblp.org}
}

@inproceedings{mcsherry2007mechanism,
  author       = {Frank McSherry and
                  Kunal Talwar},
  title        = {Mechanism Design via Differential Privacy},
  booktitle    = {48th Annual {IEEE} Symposium on Foundations of Computer Science {(FOCS}
                  2007)},
  pages        = {94--103},
  publisher    = {{IEEE} Computer Society},
  year         = {2007},
  timestamp    = {Thu, 23 Mar 2023 23:57:54 +0100},
  biburl       = {https://dblp.org/rec/conf/focs/McSherryT07.bib},
  bibsource    = {dblp computer science bibliography, https://dblp.org}
}

@inproceedings{fan2003is,
  author       = {Wei Fan and
                  Haixun Wang and
                  Philip S. Yu and
                  Sheng Ma},
  title        = {Is random model better? On its accuracy and efficiency},
  booktitle    = {Proceedings of the 3rd {IEEE} International Conference on Data Mining, {ICDM} 2003},
  pages        = {51--58},
  publisher    = {{IEEE} Computer Society},
  year         = {2003},
  timestamp    = {Fri, 24 Mar 2023 00:01:12 +0100},
  biburl       = {https://dblp.org/rec/conf/icdm/FanWYM03.bib},
  bibsource    = {dblp computer science bibliography, https://dblp.org}
}


@article{fletcher2016smooth,
   title={Differentially private random decision forests using smooth sensitivity},
   volume={78},
   ISSN={0957-4174},
   journal={Expert Systems with Applications},
   publisher={Elsevier BV},
   author={Fletcher, Sam and Islam, Md Zahidul},
   year={2017}, 
   pages={16–31} }



@article{dwork2014algorithmic,
	Author = {Cynthia Dwork and Aaron Roth},
	Issn = {1551-305X},
	Journal = {Foundations and Trends{\textregistered} in Theoretical Computer Science},
	Number = {3--4},
	Pages = {211-407},
	Title = {The Algorithmic Foundations of Differential Privacy},
	Volume = {9},
	Year = {2014}}

@article{fletcher2019decision,
  author       = {Sam Fletcher and
                  Md Zahidul Islam},
  title        = {Decision Tree Classification with Differential Privacy: {A} Survey},
  journal      = {{ACM} Comput. Surv.},
  volume       = {52},
  number       = {4},
  pages        = {83:1--83:33},
  year         = {2019},
  timestamp    = {Sat, 08 Jan 2022 02:23:08 +0100},
  biburl       = {https://dblp.org/rec/journals/csur/FletcherI19.bib},
  bibsource    = {dblp computer science bibliography, https://dblp.org}
}

@article{dwork2017exposed,
  title={Exposed! a survey of attacks on private data},
  author={Dwork, Cynthia and Smith, Adam and Steinke, Thomas and Ullman, Jonathan},
  journal={Annual Review of Statistics and Its Application},
  volume={4},
  pages={61--84},
  year={2017},
  publisher={Annual Reviews}
}

@article{scikit-learn,
  title={Scikit-learn: Machine Learning in {P}ython},
  author={Pedregosa, F. and Varoquaux, G. and Gramfort, A. and Michel, V.
          and Thirion, B. and Grisel, O. and Blondel, M. and Prettenhofer, P.
          and Weiss, R. and Dubourg, V. and Vanderplas, J. and Passos, A. and
          Cournapeau, D. and Brucher, M. and Perrot, M. and Duchesnay, E.},
  journal={Journal of Machine Learning Research},
  volume={12},
  pages={2825--2830},
  year={2011}
}


@article{rigaki2023,
   title={A Survey of Privacy Attacks in Machine Learning},
   volume={56},
   ISSN={1557-7341},
   number={4},
   journal={ACM Computing Surveys},
   publisher={Association for Computing Machinery (ACM)},
   author={Rigaki, Maria and Garcia, Sebastian},
   year={2023},
   month=nov, pages={1–34} }

@article{decristofaro2020,
  author       = {Emiliano De Cristofaro},
  title        = {An Overview of Privacy in Machine Learning},
  journal      = {CoRR},
  volume       = {abs/2005.08679},
  year         = {2020},
  eprinttype    = {arXiv},
  eprint       = {2005.08679},
  timestamp    = {Fri, 22 May 2020 16:21:28 +0200},
  biburl       = {https://dblp.org/rec/journals/corr/abs-2005-08679.bib},
  bibsource    = {dblp computer science bibliography, https://dblp.org}
}

@inproceedings{shokri2017,
  author={Shokri, Reza and Stronati, Marco and Song, Congzheng and Shmatikov, Vitaly},
  booktitle={2017 IEEE Symposium on Security and Privacy (SP)}, 
  title={Membership Inference Attacks Against Machine Learning Models}, 
  year={2017},
  volume={},
  number={},
  pages={3-18},
  keywords={Training;Data models;Predictive models;Privacy;Sociology;Statistics;Google}}

@inproceedings{tramèr2016stealingmachinelearningmodels,
  author       = {Florian Tram{\`{e}}r and
                  Fan Zhang and
                  Ari Juels and
                  Michael K. Reiter and
                  Thomas Ristenpart},
  title        = {Stealing Machine Learning Models via Prediction APIs},
  booktitle    = {25th {USENIX} Security Symposium, {USENIX} Security 16, Austin, TX,
                  USA, August 10-12, 2016},
  pages        = {601--618},
  publisher    = {{USENIX} Association},
  year         = {2016},
  timestamp    = {Sun, 02 Oct 2022 16:16:46 +0200},
  biburl       = {https://dblp.org/rec/conf/uss/TramerZJRR16.bib},
  bibsource    = {dblp computer science bibliography, https://dblp.org}
}

% Probabilistic datasets original paper
@inproceedings{DBLP:conf/dbsec/GambsGH12,
  author    = {S{\'{e}}bastien Gambs and
               Ahmed Gmati and
               Michel Hurfin},
  title     = {Reconstruction Attack through Classifier Analysis},
  booktitle = {Data and Applications Security and Privacy {XXVI} - 26th Annual {IFIP}
               {WG} 11.3 Conference, DBSec 2012},
  series    = {Lecture Notes in Computer Science},
  volume    = {7371},
  pages     = {274--281},
  publisher = {Springer},
  year      = {2012},
  timestamp = {Fri, 27 Dec 2019 21:29:17 +0100},
  biburl    = {https://dblp.org/rec/conf/dbsec/GambsGH12.bib},
  bibsource = {dblp computer science bibliography, https://dblp.org}
}

@article{ateniese2013hackingsmartmachinessmarter,
  author       = {Giuseppe Ateniese and
                  Luigi V. Mancini and
                  Angelo Spognardi and
                  Antonio Villani and
                  Domenico Vitali and
                  Giovanni Felici},
  title        = {Hacking smart machines with smarter ones: How to extract meaningful data from machine learning classifiers},
  journal      = {Int. J. Secur. Networks},
  volume       = {10},
  number       = {3},
  pages        = {137--150},
  year         = {2015},
  timestamp    = {Mon, 28 Aug 2023 21:42:05 +0200},
  biburl       = {https://dblp.org/rec/journals/ijsn/AtenieseMSVVF15.bib},
  bibsource    = {dblp computer science bibliography, https://dblp.org}
}

@inproceedings {carlini2021,
author = {Nicholas Carlini and Florian Tram{\`e}r and Eric Wallace and Matthew Jagielski and Ariel Herbert-Voss and Katherine Lee and Adam Roberts and Tom Brown and Dawn Song and {\'U}lfar Erlingsson and Alina Oprea and Colin Raffel},
title = {Extracting Training Data from Large Language Models},
booktitle = {30th USENIX Security Symposium, USENIX Security 2021},
year = {2021},
pages = {2633--2650},
publisher = {USENIX Association}
}

@inproceedings{Abadi_2016, 
   title={Deep Learning with Differential Privacy},
   booktitle={Proceedings of the 2016 ACM SIGSAC Conference on Computer and Communications Security, CCS’16},
  pages        = {308--318},
   publisher={ACM},
   author={Abadi, Martin and Chu, Andy and Goodfellow, Ian and McMahan, H. Brendan and Mironov, Ilya and Talwar, Kunal and Zhang, Li},
   year={2016}}

@inproceedings{Dwork2008DifferentialPA,
  author       = {Cynthia Dwork},
  title        = {Differential Privacy: {A} Survey of Results},
  booktitle    = {5th International Conference on Theory and Applications of Models of Computation, {TAMC} 2008},
  series       = {Lecture Notes in Computer Science},
  volume       = {4978},
  pages        = {1--19},
  publisher    = {Springer},
  year         = {2008},
  timestamp    = {Tue, 14 May 2019 10:00:46 +0200},
  biburl       = {https://dblp.org/rec/conf/tamc/Dwork08.bib},
  bibsource    = {dblp computer science bibliography, https://dblp.org}
}


@inproceedings{rana,
  author={Rana, Santu and Gupta, Sunil Kumar and Venkatesh, Svetha},
  booktitle={IEEE International Conference on Data Mining, {ICDM} 2015}, 
  title={Differentially Private Random Forest with High Utility}, 
  year={2015},
  volume={},
  number={},
  pages={955-960},
  keywords={Decision trees;Privacy;Data privacy;Vegetation;Sensitivity;Standards;differential privacy;decision trees;random forest;privacy preserving data mining}}

% Greedy DP RF
@inproceedings{DBLP:conf/ausdm/Fletcher015,
  author       = {Sam Fletcher and
                  Md Zahidul Islam},
  title        = {A Differentially Private Decision Forest},
  booktitle    = {Thirteenth Australasian Data Mining Conference, AusDM 2015},
  series       = {{CRPIT}},
  volume       = {168},
  pages        = {99--108},
  publisher    = {Australian Computer Society},
  year         = {2015},
  bibsource    = {dblp computer science bibliography, https://dblp.org}
}

% Greedy DP RF
@inproceedings{Singh,
  author       = {Abhijit Patil and
                  Sanjay Singh},
  title        = {Differential private random forest},
  booktitle    = {Proceedings of the 2014 International Conference on Advances in Computing, Communications and Informatics, ICACCI 2014},
  pages        = {2623--2630},
  publisher    = {{IEEE}},
  year         = {2014},
  timestamp    = {Wed, 20 Nov 2019 10:41:01 +0100},
  biburl       = {https://dblp.org/rec/conf/icacci/PatilS14.bib},
  bibsource    = {dblp computer science bibliography, https://dblp.org}
}

% Algorithms can better predict recidivism than humans (application)
@article{lin2020limits,
  title={The limits of human predictions of recidivism},
  author={Lin, Zhiyuan Jerry and Jung, Jongbin and Goel, Sharad and Skeem, Jennifer},
  journal={Science advances},
  volume={6},
  number={7},
  year={2020},
  publisher={American Association for the Advancement of Science}
}

% Deep learning for skin cancer detection (application)
@article{dildar2021skin,
  title={Skin cancer detection: a review using deep learning techniques},
  author={Dildar, Mehwish and Akram, Shumaila and Irfan, Muhammad and Khan, Hikmat Ullah and Ramzan, Muhammad and Mahmood, Abdur Rehman and Alsaiari, Soliman Ayed and Saeed, Abdul Hakeem M and Alraddadi, Mohammed Olaythah and Mahnashi, Mater Hussen},
  journal={International journal of environmental research and public health},
  volume={18},
  number={10},
  pages={5479},
  year={2021}
}

% Criminal recidivism (application)
@article{angwin2016machine,
  title={Machine bias: There’s software used across the country to predict future criminals. And it’s biased against blacks. ProPublica (2016)},
  author={Angwin, Julia and Larson, Jeff and Mattu, Surya and Kirchner, Lauren},
  journal={ProPublica, May},
  volume={23},
  year={2016}
}

% Medical (application)
@inproceedings{DBLP:conf/aaai/0001CDM21,
  author       = {Haris Aziz and
                  {\'{A}}gnes Cseh and
                  John P. Dickerson and
                  Duncan C. McElfresh},
  title        = {Optimal Kidney Exchange with Immunosuppressants},
  booktitle    = {Proceedings of the 35th {AAAI} Conference on Artificial Intelligence,
                  AAAI 2021},
  pages        = {21--29},
  publisher    = {{AAAI} Press},
  year         = {2021},
  timestamp    = {Mon, 04 Sep 2023 16:50:21 +0200},
  biburl       = {https://dblp.org/rec/conf/aaai/0001CDM21.bib},
  bibsource    = {dblp computer science bibliography, https://dblp.org}
}

% Hiring (application)
@article{langenkamp2020hiring,
  title={Hiring fairly in the age of algorithms},
  author={Langenkamp, Max and Costa, Allan and Cheung, Chris},
  journal={arXiv preprint arXiv:2004.07132},
  year={2020}
}

% Adult
@misc{Dua:2019,
author = "Dua, Dheeru and Graff, Casey",
year = "2017",
title = "{UCI} Machine Learning Repository",
url = "http://archive.ics.uci.edu/ml",
institution = "University of California, Irvine, School of Information and Computer Sciences" } 

% Default of Credit Card Clients
@article{yeh2009comparisons,
  title={The comparisons of data mining techniques for the predictive accuracy of probability of default of credit card clients},
  author = {I-Cheng Yeh and Che-hui Lien},
  journal={Expert Systems with Applications},
  volume={36},
  number = {2, Part 1},
  pages={2473--2480},
  year={2009},
  publisher={Elsevier},
  issn = {0957-4174}
}

% Finance (application)
@book{dixon2020machine,
  title={Machine learning in finance},
  author={Dixon, Matthew F and Halperin, Igor and Bilokon, Paul},
  volume={1170},
  year={2020},
  publisher={Springer}
}

% Conflit explicability - vie privée
@inproceedings{DBLP:conf/satml/DattaNCKM023,
  author       = {Teresa Datta and
                  Daniel Nissani and
                  Max Cembalest and
                  Akash Khanna and
                  Haley Massa and
                  John Dickerson},
  title        = {Tensions Between the Proxies of Human Values in {AI}},
  booktitle    = {First {IEEE} Conference on Secure and Trustworthy Machine Learning,
                  SaTML 2023},
  pages        = {678--689},
  publisher    = {{IEEE}},
  year         = {2023},
  timestamp    = {Fri, 17 May 2024 11:50:49 +0200},
  biburl       = {https://dblp.org/rec/conf/satml/DattaNCKM023.bib},
  bibsource    = {dblp computer science bibliography, https://dblp.org}
}

% Reconstruction from neural networks
@inproceedings{DBLP:conf/nips/HaimVYSI22,
  author       = {Niv Haim and
                  Gal Vardi and
                  Gilad Yehudai and
                  Ohad Shamir and
                  Michal Irani},
  title        = {Reconstructing Training Data From Trained Neural Networks},
  booktitle    = {Advances in Neural Information Processing Systems, NeurIPS 2022},  
  publisher = {Curran Associates, Inc.},
  volume = {35},  
  pages={22911--22924},
  year         = {2022},
}

% Reconstruction from diffusion models
@inproceedings{DBLP:conf/uss/CarliniHNJSTBIW23,
  author       = {Nicholas Carlini and
                  Jamie Hayes and
                  Milad Nasr and
                  Matthew Jagielski and
                  Vikash Sehwag and
                  Florian Tram{\`{e}}r and
                  Borja Balle and
                  Daphne Ippolito and
                  Eric Wallace},
  title        = {Extracting Training Data from Diffusion Models},
  booktitle    = {32nd {USENIX} Security Symposium, {USENIX} Security 2023},
  pages        = {5253--5270},
  publisher    = {{USENIX} Association},
  year         = {2023}}
