% Use this file for citations not found in the ACL Anthology (contained in "anthology.bib").

@book{Aho:72,
    author  = {Alfred V. Aho and Jeffrey D. Ullman},
    title   = {The Theory of Parsing, Translation and Compiling},
    year    = "1972",
    volume  = "1",
    publisher = {Prentice-Hall},
    address = {Englewood Cliffs, NJ}
}

@book{APA:83,
    author  = {{American Psychological Association}},
    title   = {Publications Manual},
    year    = "1983",
    publisher = {American Psychological Association},
    address = {Washington, DC}
}

@article{Chandra:81,
	author = {Ashok K. Chandra and Dexter C. Kozen and Larry J. Stockmeyer},
	year = "1981",
	title = {Alternation},
	journal = {Journal of the Association for Computing Machinery},
	volume = "28",
	number = "1",
	pages = "114--133",
	doi = "10.1145/322234.322243",
}

@inproceedings{andrew2007scalable,
  title={Scalable training of {L1}-regularized log-linear models},
  author={Andrew, Galen and Gao, Jianfeng},
  booktitle={Proceedings of the 24th International Conference on Machine Learning},
  pages={33--40},
  year={2007},
}

@book{Gusfield:97,
    author  = {Dan Gusfield},
    title   = {Algorithms on Strings, Trees and Sequences},
    year    = "1997",
    publisher = {Cambridge University Press},
    address = {Cambridge, UK}
}

@article{rasooli-tetrault-2015,
    author    = {Mohammad Sadegh Rasooli and Joel R. Tetreault},
    title     = {Yara Parser: {A} Fast and Accurate Dependency Parser},
    journal   = {Computing Research Repository},
    volume    = {arXiv:1503.06733},
    year      = {2015},
    url       = {http://arxiv.org/abs/1503.06733},
    note    = {version 2}
}

@article{Ando2005,
	Acmid = {1194905},
	Author = {Ando, Rie Kubota and Zhang, Tong},
	Issn = {1532-4435},
	Issue_Date = {12/1/2005},
	Journal = {Journal of Machine Learning Research},
	Month = dec,
	Numpages = {37},
	Pages = {1817--1853},
	Publisher = {JMLR.org},
	Title = {A Framework for Learning Predictive Structures from Multiple Tasks and Unlabeled Data},
	Volume = {6},
	Year = {2005}
}

%%%%%% Start Here %%%%%%%%%%%

@incollection{nielsen2016news,
  title={News media, search engines and social networking sites as varieties of online gatekeepers},
  author={Nielsen, Rasmus Kleis},
  booktitle={Rethinking journalism again},
  pages={93--108},
  year={2016},
  publisher={Routledge},
  url={https://www.taylorfrancis.com/chapters/edit/10.4324/9781315716244-12/news-media-search-engines-social-networking-sites-varieties-online-gatekeepers-rasmus-kleis-nielsen}
}

@inproceedings{meyers2020fake,
  title={Fake news detection on twitter using propagation structures},
  author={Meyers, Marion and Weiss, Gerhard and Spanakis, Gerasimos},
  booktitle={Disinformation in Open Online Media: Second Multidisciplinary International Symposium, MISDOOM 2020, Leiden, The Netherlands, October 26--27, 2020, Proceedings 2},
  pages={138--158},
  year={2020},
  organization={Springer},
  url={https://link.springer.com/chapter/10.1007/978-3-030-61841-4_10}
}

@misc{businessofappsTwitterRevenue,
	author = {Mansoor Iqbal},
	title = {{T}witter {R}evenue and {U}sage {S}tatistics (2023) --- businessofapps.com},
	howpublished = {\url{https://www.businessofapps.com/data/twitter-statistics/}},
	year = {2023},
	note = {[Accessed 21-10-2023]},
      
}
@article{pfeiffer2020mad,
  title={Mad-x: An adapter-based framework for multi-task cross-lingual transfer},
  author={Pfeiffer, Jonas and Vuli{\'c}, Ivan and Gurevych, Iryna and Ruder, Sebastian},
  journal={arXiv preprint arXiv:2005.00052}  ,
  year={2020},
  ur={https://aclanthology.org/2020.emnlp-main.617/}
}

@inproceedings{liu2012emoticon,
  title={Emoticon smoothed language models for twitter sentiment analysis},
  author={Liu, Kun-Lin and Li, Wu-Jun and Guo, Minyi},
  booktitle={Proceedings of the AAAI Conference on Artificial Intelligence},
  volume={26},
  number={1},
  pages={1678--1684},
  year={2012},
  url={https://ojs.aaai.org/index.php/AAAI/article/view/8353}
}

@inproceedings{liu2012emoticon,
  title={Emoticon smoothed language models for twitter sentiment analysis},
  author={Liu, Kun-Lin and Li, Wu-Jun and Guo, Minyi},
  booktitle={Proceedings of the AAAI Conference on Artificial Intelligence},
  volume={26},
  number={1},
  pages={1678--1684},
  year={2012},
  url={https://ojs.aaai.org/index.php/AAAI/article/view/8353}
}

@article{pang2008opinion,
  title={Opinion mining and sentiment analysis},
  author={Pang, Bo and Lee, Lillian and others},
  journal={Foundations and Trends{\textregistered} in information retrieval},
  volume={2},
  number={1--2},
  pages={1--135},
  year={2008},
  publisher={Now Publishers, Inc.},
  url={https://www.cs.cornell.edu/home/llee/omsa/omsa.pdf}
}

@inproceedings{naseem2019dice,
  title={Dice: Deep intelligent contextual embedding for twitter sentiment analysis},
  author={Naseem, Usman and Musial, Katarzyna},
  booktitle={2019 International Conference on Document Analysis and Recognition (ICDAR)},
  pages={953--958},
  year={2019},
  organization={IEEE},
  url={https://ieeexplore.ieee.org/document/8978072}
}

@inproceedings{alvarez2016topic,
  title={Topic modeling in {T}witter: Aggregating tweets by conversations},
  author={Alvarez-Melis, David and Saveski, Martin},
  booktitle={Proceedings of the international AAAI conference on web and social media},
  volume={10},
  number={1},
  pages={519--522},
  year={2016},
  url={https://ojs.aaai.org/index.php/icwsm/article/view/14817}
}

@article{medhat2014sentiment,
  title={Sentiment analysis algorithms and applications: A survey},
  author={Medhat, Walaa and Hassan, Ahmed and Korashy, Hoda},
  journal={Ain Shams engineering journal},
  volume={5},
  number={4},
  pages={1093--1113},
  year={2014},
  publisher={Elsevier},
  url={https://www.sciencedirect.com/science/article/pii/S2090447914000550}
}

@article{go2009twitter,
  title={Twitter sentiment classification using distant supervision},
  author={Go, Alec and Bhayani, Richa and Huang, Lei},
  journal={CS224N project report, Stanford},
  volume={1},
  number={12},
  pages={2009},
  year={2009},
  url={https://www-cs.stanford.edu/people/alecmgo/papers/TwitterDistantSupervision09.pdf}
}

@inproceedings{nasukawa2003sentiment,
  title={Sentiment analysis: Capturing favorability using natural language processing},
  author={Nasukawa, Tetsuya and Yi, Jeonghee},
  booktitle={Proceedings of the 2nd International Conference on Knowledge Capture},
  pages={70--77},
  year={2003},
  url={https://dl.acm.org/doi/10.1145/945645.945658}
}

@inproceedings{dave2003mining,
  title={Mining the peanut gallery: Opinion extraction and semantic classification of product reviews},
  author={Dave, Kushal and Lawrence, Steve and Pennock, David M},
  booktitle={Proceedings of the 12th International Conference on World Wide Web},
  pages={519--528},
  year={2003},
  url={https://dl.acm.org/doi/10.1145/775152.775226}
}

@article{das2001yahoo,
  title={Yahoo! for Amazon: Sentiment parsing from small talk on the web},
  author={Das, Sanjiv Ranjan and Chen, Mike Y},
  journal={For Amazon: Sentiment Parsing from Small Talk on the Web (August 5, 2001). EFA},
  year={2001},
  url={https://pubsonline.informs.org/doi/10.1287/mnsc.1070.0704}
}
@inproceedings{bermingham2010classifying,
  title={Classifying sentiment in microblogs: is brevity an advantage?},
  author={Bermingham, Adam and Smeaton, Alan F},
  booktitle={Proceedings of the 19th ACM international conference on Information and knowledge management},
  pages={1833--1836},
  year={2010},
  url={https://dl.acm.org/doi/10.1145/1871437.1871741#:~:text=Microblogs%20as%20a%20new%20textual,standard%20machine%20learning%20document%20representations.}
}

@book{liu2022sentiment,
  title={Sentiment Analysis and Opinion Mining},
  author={Liu, Bing},
  year={2022},
  publisher={Springer Nature},
  url={https://link.springer.com/book/10.1007/978-3-031-02145-9}
}

@inproceedings{suttles2013distant,
  title={Distant supervision for emotion classification with discrete binary values},
  author={Suttles, Jared and Ide, Nancy},
  booktitle={International Conference on Intelligent Text Processing and Computational Linguistics},
  pages={121--136},
  year={2013},
  organization={Springer},
  url={https://link.springer.com/chapter/10.1007/978-3-642-37256-8_11}
}

@inproceedings{purver2012experimenting,
  title={Experimenting with distant supervision for emotion classification},
  author={Purver, Matthew and Battersby, Stuart},
  booktitle={Proceedings of the 13th Conference of the European Chapter of the Association for Computational Linguistics},
  pages={482--491},
  year={2012},
  url={https://aclanthology.org/E12-1049/}
}
@inproceedings{vo2015target,
  title={Target-dependent twitter sentiment classification with rich automatic features},
  author={Vo, Duy-Tin and Zhang, Yue},
  booktitle={Twenty-fourth International Joint Conference on Artificial Intelligence},
  year={2015},
  url={https://www.ijcai.org/Proceedings/15/Papers/194.pdf}
}

@article{zhang2015character,
  title={Character-level convolutional networks for text classification},
  author={Zhang, Xiang and Zhao, Junbo and LeCun, Yann},
  journal={Advances in neural information processing systems},
  volume={28},
  year={2015},
  url={https://dl.acm.org/doi/10.5555/2969239.2969312}
}

@inproceedings{baziotis2017datastories,
  title={Datastories at semeval-2017 task 4: Deep lstm with attention for message-level and topic-based sentiment analysis},
  author={Baziotis, Christos and Pelekis, Nikos and Doulkeridis, Christos},
  booktitle={Proceedings of the 11th international workshop on semantic evaluation (SemEval-2017)},
  pages={747--754},
  year={2017},
  url={https://aclanthology.org/S17-2126/}
}

@article{tan2015lstm,
  title={Lstm-based deep learning models for non-factoid answer selection},
  author={Tan, Ming and Santos, Cicero dos and Xiang, Bing and Zhou, Bowen},
  journal={arXiv preprint arXiv:1511.04108},
  year={2015},
  url={https://arxiv.org/abs/1511.04108}
}

@article{vaswani2017attention,
  title={Attention is all you need},
  author={Vaswani, Ashish and Shazeer, Noam and Parmar, Niki and Uszkoreit, Jakob and Jones, Llion and Gomez, Aidan N and Kaiser, {\L}ukasz and Polosukhin, Illia},
  journal={Advances in neural information processing systems},
  volume={30},
  year={2017},
  url={https://proceedings.neurips.cc/paper_files/paper/2017/file/3f5ee243547dee91fbd053c1c4a845aa-Paper.pdf}
}

@inproceedings{tumasjan2010predicting,
  title={Predicting elections with twitter: What 140 characters reveal about political sentiment},
  author={Tumasjan, Andranik and Sprenger, Timm and Sandner, Philipp and Welpe, Isabell},
  booktitle={Proceedings of the international AAAI conference on web and social media},
  volume={4},
  number={1},
  pages={178--185},
  year={2010},
  url={https://ojs.aaai.org/index.php/ICWSM/article/view/14009}
}

@inproceedings{ribeiro2018characterizing,
  title={Characterizing and detecting hateful users on twitter},
  author={Ribeiro, Manoel and Calais, Pedro and Santos, Yuri and Almeida, Virg{\'\i}lio and Meira Jr, Wagner},
  booktitle={Proceedings of the International AAAI Conference on Web and Social Media},
  volume={12},
  number={1},
  year={2018},
  url={https://ojs.aaai.org/index.php/ICWSM/article/view/15057}
}

@inproceedings{chowdhury2020identifying,
  title={On identifying hashtags in disaster twitter data},
  author={Chowdhury, Jishnu Ray and Caragea, Cornelia and Caragea, Doina},
  booktitle={Proceedings of the AAAI Conference on Artificial Intelligence},
  volume={34},
  number={01},
  pages={498--506},
  year={2020},
  url={https://ojs.aaai.org/index.php/AAAI/article/view/5387}
}

@inproceedings{abilov2021voterfraud2020,
  title={Voterfraud2020: a multi-modal dataset of election fraud claims on twitter},
  author={Abilov, Anton and Hua, Yiqing and Matatov, Hana and Amir, Ofra and Naaman, Mor},
  booktitle={Proceedings of the International AAAI Conference on Web and Social Media},
  volume={15},
  pages={901--912},
  year={2021},
  url={https://icwsm.org/virtual/2021/static/pdfs/C1007_highlight.pdf}
}

@inproceedings{li2021twitter,
  title={Twitter event summarization by exploiting semantic terms and graph network},
  author={Li, Quanzhi and Zhang, Qiong},
  booktitle={Proceedings of the AAAI conference on artificial intelligence},
  volume={35},
  number={17},
  pages={15347--15354},
  year={2021},
  url={https://ojs.aaai.org/index.php/AAAI/article/view/17802}
}

@article{morshed2021impact,
  title={Impact of COVID-19 pandemic on ride-hailing services based on large-scale Twitter data analysis},
  author={Morshed, Syed Ahnaf and Khan, Sifat Shahriar and Tanvir, Raihanul Bari and Nur, Shafkath},
  journal={Journal of Urban Management},
  volume={10},
  number={2},
  pages={155--165},
  year={2021},
  publisher={Elsevier},
  url={https://www.sciencedirect.com/science/article/pii/S2226585621000200}
}

@article{alghamdi2015survey,
  title={A survey of topic modeling in text mining},
  author={Alghamdi, Rubayyi and Alfalqi, Khalid},
  journal={Int. J. Adv. Comput. Sci. Appl.(IJACSA)},
  volume={6},
  number={1},
  year={2015},
  publisher={Citeseer},
  url={https://thesai.org/Downloads/Volume6No1/Paper_21-A_Survey_of_Topic_Modeling_in_Text_Mining.pdf}
}

@article{dumais2004latent,
  title={Latent semantic analysis},
  author={Dumais, Susan T},
  journal={Annual Review of Information Science and Technology (ARIST)},
  volume={38},
  pages={189--230},
  year={2004},
  url={https://www.learntechlib.org/p/97537/}
}

@article{blei2006correlated,
  title={Correlated topic models},
  author={Blei, David and Lafferty, John},
  journal={Advances in neural information processing systems},
  volume={18},
  pages={147},
  year={2006},
  publisher={MIT; 1998},
  url={https://people.csail.mit.edu/jrennie/papers/other/blei-correlated-06.pdf}
}
@article{blei2003latent,
  title={Latent dirichlet allocation},
  author={Blei, David M and Ng, Andrew Y and Jordan, Michael I},
  journal={Journal of machine Learning research},
  volume={3},
  number={Jan},
  pages={993--1022},
  year={2003},
  url={https://www.jmlr.org/papers/volume3/blei03a/blei03a.pdf}
}

@article{adebara2022towards,
  title={Towards afrocentric NLP for African languages: Where we are and where we can go},
  author={Adebara, Ife and Abdul-Mageed, Muhammad},
  journal={arXiv preprint arXiv:2203.08351},
  year={2022},
  url={https://aclanthology.org/2022.acl-long.265/}
}


@article{mohammad2022ethics,
  title={Ethics sheet for automatic emotion recognition and sentiment analysis},
  author={Mohammad, Saif M},
  journal={Computational Linguistics},
  volume={48},
  number={2},
  pages={239--278},
  year={2022},
  publisher={MIT Press One Broadway, 12th Floor, Cambridge, Massachusetts 02142, USA~…},
  url={https://direct.mit.edu/coli/article/48/2/239/109904/Ethics-Sheet-for-Automatic-Emotion-Recognition-and}
}

@inproceedings{naskar2016sentiment,
  title={Sentiment analysis in social networks through topic modeling},
  author={Naskar, Debashis and Mokaddem, Sidahmed and Rebollo, Miguel and Onaindia, Eva},
  booktitle={Proceedings of the Tenth International Conference on Language Resources and Evaluation (LREC'16)},
  pages={46--53},
  year={2016},
  url={https://aclanthology.org/L16-1008/}
}

@inproceedings{poria2016sentic,
  title={Sentic LDA: Improving on LDA with semantic similarity for aspect-based sentiment analysis},
  author={Poria, Soujanya and Chaturvedi, Iti and Cambria, Erik and Bisio, Federica},
  booktitle={2016 international joint conference on neural networks (IJCNN)},
  pages={4465--4473},
  year={2016},
  organization={IEEE},
  url={https://ieeexplore.ieee.org/document/7727784}
}

@inproceedings{li2010sentiment,
  title={Sentiment analysis with global topics and local dependency},
  author={Li, Fangtao and Huang, Minlie and Zhu, Xiaoyan},
  booktitle={Proceedings of the AAAI conference on artificial intelligence},
  volume={24},
  number={1},
  pages={1371--1376},
  year={2010},
  url={https://ojs.aaai.org/index.php/AAAI/article/view/7523}
}

@inproceedings{mohammad2016practical,
  title={A practical guide to sentiment annotation: Challenges and solutions},
  author={Mohammad, Saif},
  booktitle={Proceedings of the 7th Workshop on Computational Approaches to Subjectivity, Sentiment and Social Media Analysis},
  pages={174--179},
  year={2016},
  url={https://aclanthology.org/W16-0429/}
}

@article{ray2022multimodal,
  title={A multimodal corpus for emotion recognition in sarcasm},
  author={Ray, Anupama and Mishra, Shubham and Nunna, Apoorva and Bhattacharyya, Pushpak},
  journal={arXiv preprint arXiv:2206.02119},
  year={2022},
  url={https://arxiv.org/abs/2206.02119}
}

@inproceedings{wayasti2018mining,
  title={Mining Customer Opinion for Topic Modeling Purpose: Case Study of Ride-Hailing Service Provider},
  author={Wayasti, Reggia Aldiana and Surjandari, Isti and others},
  booktitle={2018 6th International Conference on Information and Communication Technology (ICoICT)},
  pages={305--309},
  year={2018},
  organization={IEEE},
  url={https://ieeexplore.ieee.org/document/8528751}
}

@article{muhammad2023afrisenti,
  title={Afrisenti: A twitter sentiment analysis benchmark for african languages},
  author={Muhammad, Shamsuddeen Hassan and Abdulmumin, Idris and Ayele, Abinew Ali and Ousidhoum, Nedjma and Adelani, David Ifeoluwa and Yimam, Seid Muhie and Ahmad, Ibrahim Sa'id and Beloucif, Meriem and Mohammad, Saif and Ruder, Sebastian and others},
  journal={arXiv preprint arXiv:2302.08956},
  year={2023},
  url={https://arxiv.org/abs/2302.08956}
}

@article{davani2022dealing,
  title={Dealing with disagreements: Looking beyond the majority vote in subjective annotations},
  author={Davani, Aida Mostafazadeh and D{\'\i}az, Mark and Prabhakaran, Vinodkumar},
  journal={Transactions of the Association for Computational Linguistics},
  volume={10},
  pages={92--110},
  year={2022},
  publisher={MIT Press One Rogers Street, Cambridge, MA 02142-1209, USA journals-info~…},
  url={https://direct.mit.edu/tacl/article/doi/10.1162/tacl_a_00449/109286/Dealing-with-Disagreements-Looking-Beyond-the}
}

@article{artstein2017inter,
  title={Inter-annotator agreement},
  author={Artstein, Ron},
  journal={Handbook of linguistic annotation},
  pages={297--313},
  year={2017},
  publisher={Springer},
  url={https://apps.dtic.mil/sti/trecms/pdf/AD1158943.pdf}
}

@article{yang2022affects,
  title={What affects safety perception of female ride-hailing passengers? An empirical study in China context},
  author={Yang, Yazao and Hu, Shixingyue and Liao, Dingling and Huang, Xianbo and others},
  journal={Journal of Advanced Transportation},
  volume={2022},
  year={2022},
  publisher={Hindawi},
  url={https://onlinelibrary.wiley.com/doi/10.1155/2022/3316535}
}

@article{jashari2017impact,
  title={The impact of social media on consumer behavior--Case study Kosovo},
  author={Jashari, Fitore and Rrustemi, Visar},
  journal={Journal of Knowledge Management, Economics and Information Technology},
  volume={7},
  number={1},
  pages={1--21},
  year={2017}
}

@article{roman2020forgotten,
  title={The forgotten group: Kenyan women who are driving for a living: a case study},
  author={Rom{\'a}n, Linn{\'e}a},
  year={2020}
}

@book{auer2013code,
  title={Code-switching in conversation: Language, interaction and identity},
  author={Auer, Peter},
  year={2013},
  publisher={Routledge},
  url={https://www.routledge.com/Code-Switching-in-Conversation-Language-Interaction-and-Identity/Auer/p/book/9780415216098?srsltid=AfmBOoozPBa4SI3cprRmWQg1WB9w6OaZcqF0THgH6JRq86UBN31OwCVd}
}

@misc{lewis2014ethnologue,
  title={Ethnologue: Languages of the world},
  author={Lewis, M Paul},
  howpublished={https://www.sil.org/about/endangered-languages/languages-of-the-world},
  year={2014},
  url={https://www.sil.org/resources/archives/6133}
}

@article{poplack2000toward,
  title={Toward a typology of code-switching},
  author={Poplack, Shana},
  journal={L. WEI ({\'e}d.), The bilingualism reader. London, New York: Routeledge},
  pages={221--255},
  year={2000},
  url={https://eric.ed.gov/?id=ED214394}
}

@book{scotton1993social,
  title={Social motivations for codeswitching: Evidence from Africa},
  author={Scotton, Carol Myers},
  year={1993},
  publisher={Clarendon Press},
  url={https://academic.oup.com/book/48387}
}

@inproceedings{strassel2016lorelei,
  title={LORELEI language packs: Data, tools, and resources for technology development in low resource languages},
  author={Strassel, Stephanie and Tracey, Jennifer},
  booktitle={Proceedings of the Tenth International Conference on Language Resources and Evaluation (LREC'16)},
  pages={3273--3280},
  year={2016},
  url={https://aclanthology.org/L16-1521/}
}

@book{danet2007multilingual,
  title={The multilingual Internet: Language, culture, and communication online},
  author={Danet, Brenda and Herring, Susan C},
  year={2007},
  publisher={Oxford University Press},
  url={https://academic.oup.com/book/32471}
}

@inproceedings{barman2014code,
  title={Code mixing: A challenge for language identification in the language of social media},
  author={Barman, Utsab and Das, Amitava and Wagner, Joachim and Foster, Jennifer},
  booktitle={Proceedings of the First Workshop on Computational Approaches to Code Switching},
  pages={13--23},
  year={2014},
  url={https://aclanthology.org/W14-3902.pdf}
}

@book{milroy1995one,
  title={One speaker, two languages: Cross-disciplinary perspectives on code-switching},
  author={Milroy, Lesley and Muysken, Pieter},
  volume={10},
  year={1995},
  publisher={Cambridge University Press},
  url={https://www.cambridge.org/core/books/one-speaker-two-languages/864B8AA6972F95CB5603629264CF8324}
}
@book{auer2013code,
  title={Code-switching in conversation: Language, interaction and identity},
  author={Auer, Peter},
  year={2013},
  publisher={Routledge},
  url={https://www.routledge.com/Code-Switching-in-Conversation-Language-Interaction-and-Identity/Auer/p/book/9780415216098?srsltid=AfmBOoojKpxTH3rr1r8MyDNX8Sxn2IB0H4DNTk5VwgazBic932oqg6wg}
}

@article{dione2023masakhapos,
  title={MasakhaPOS: Part-of-Speech Tagging for Typologically Diverse African Languages},
  author={Dione, Cheikh M Bamba and Adelani, David and Nabende, Peter and Alabi, Jesujoba and Sindane, Thapelo and Buzaaba, Happy and Muhammad, Shamsuddeen Hassan and Emezue, Chris Chinenye and Ogayo, Perez and Aremu, Anuoluwapo and others},
  journal={arXiv preprint arXiv:2305.13989},
  year={2023},
  url={https://arxiv.org/abs/2305.13989}
}
@article{emezue2023african,
  title={The African Stopwords project: curating stopwords for African languages},
  author={Emezue, Chris and Nigatu, Hellina and Thinwa, Cynthia and Zhou, Helper and Muhammad, Shamsuddeen and Louis, Lerato and Abdulmumin, Idris and Oyerinde, Samuel and Ajibade, Benjamin and Samuel, Olanrewaju and others},
  journal={arXiv preprint arXiv:2304.12155},
  year={2023},
  url={https://arxiv.org/abs/2304.12155}
}

@article{masua2020enhancing,
  title={Enhancing text pre-processing for {S}wahili language: Datasets for common Swahili stop-words, slangs and typos with equivalent proper words},
  author={Masua, Bernard and Masasi, Noel},
  journal={Data in Brief},
  volume={33},
  pages={106517},
  year={2020},
  publisher={Elsevier},
  url={https://www.researchgate.net/publication/347762452_Enhancing_text_pre-processing_for_Swahili_language_Datasets_for_common_Swahili_stop-words_slangs_and_typos_with_equivalent_proper_words}
}

@article{mous2021sheng,
  title={Sheng and {E}ngsh in Kenya’s public spaces and media},
  author={Mous, Martin and Barasa, Sandra},
  journal={Youth Language Practices and Urban Language Contact in Africa},
  pages={141--58},
  year={2021},
  url={https://www.cambridge.org/core/books/abs/youth-language-practices-and-urban-language-contact-in-africa/sheng-and-engsh-in-kenyas-public-spaces-and-media/6FD84A9A913E34820E6A27452D741BB6}
}

@article{bilishi2019effects,
  title={The effects of {S}heng on the acquisition of speaking and writing skills of {E}nglish language. A case study of a secondary school in {K}enya},
  author={Bilishi, Cecilia Nang'eni},
  year={2019},
  url={https://ecommons.aku.edu/theses_dissertations/1005/}
}

@article{dwivedi2014linguistic,
  title={Linguistic realities in {K}enya: A preliminary survey},
  author={Dwivedi, Amitabh Vikram},
  journal={Ghana Journal of Linguistics},
  volume={3},
  number={2},
  pages={27--34},
  year={2014},
  url={https://laghana.org/gjl/index.php/gjl/article/view/20}
}

@article{carter2007teaching,
  title={Teaching cultural competence: An innovative strategy grounded in the universality of storytelling as depicted in African and African American storytelling traditions},
  author={Carter-Black, Jan},
  journal={Journal of Social Work Education},
  volume={43},
  number={1},
  pages={31--50},
  year={2007},
  publisher={Taylor \& Francis},
  url={https://www.tandfonline.com/doi/abs/10.5175/JSWE.2007.200400471}
}

@article{banks2002talk,
  title={Talk that talk: Storytelling and analysis rooted in African American oral tradition},
  author={Banks-Wallace, JoAnne},
  journal={Qualitative health research},
  volume={12},
  number={3},
  pages={410--426},
  year={2002},
  publisher={Sage Publications Sage CA: Thousand Oaks, CA},
  url={https://journals.sagepub.com/doi/abs/10.1177/104973202129119892}
}

@article{momanyi2009effects,
  title={The Effects of'{S}heng'in the Teaching of {K}iswahili in {K}enyan Schools.},
  author={Momanyi, Clara},
  journal={Journal of Pan African Studies},
  year={2009},
  url={https://mail.jpanafrican.org/docs/vol2no8/2.8_EffectsOf.pdf}
}

@article{angel2020nlp,
  title={{NLP-CIC at SemEval}-2020 Task 9: Analysing sentiment in code-switching language using a simple deep-learning classifier},
  author={Angel, Jason and Aroyehun, Segun Taofeek and Tamayo, Antonio and Gelbukh, Alexander},
  journal={arXiv preprint arXiv:2009.03397},
  year={2020},
  url={https://arxiv.org/abs/2009.03397}
}

@inproceedings{thara2018code,
  title={Code-mixing: A brief survey},
  author={Thara, S and Poornachandran, Prabaharan},
  booktitle={2018 International Conference on Advances in Computing, Communications and Informatics (ICACCI)},
  pages={2382--2388},
  year={2018},
  organization={IEEE},
  url={https://ieeexplore.ieee.org/document/8554413}
}

@inproceedings{santy2021bertologicomix,
  title={{BERTologiCoMix}: How does code-mixing interact with multilingual {BERT}?},
  author={Santy, Sebastin and Srinivasan, Anirudh and Choudhury, Monojit},
  booktitle={Proceedings of the Second Workshop on Domain Adaptation for NLP},
  pages={111--121},
  year={2021},
  url={https://aclanthology.org/2021.adaptnlp-1.12/}
}

@article{kanana2018functions,
  title={Functions of urban and youth language in the new media: The case of {S}heng in {K}enya},
  author={Kanana Erastus, Fridah and Kebeya, Hilda},
  journal={African youth languages: New media, performing arts and sociolinguistic development},
  pages={15--52},
  year={2018},
  publisher={Springer},
  url={https://link.springer.com/chapter/10.1007/978-3-319-64562-9_2}
}

@article{mazrui1995slang,
  title={Slang and code-switching: The case of {S}heng in {K}enya},
  author={Mazrui, Alamin M},
  journal={Afrikanistische Arbeitspapiere: Schriftenreihe des K{\"o}lner Instituts f{\"u}r Afrikanistik},
  number={42},
  pages={168--179},
  year={1995},
  url={https://d-nb.info/1238150829/34}
}

@article{barasa2016spoken,
  title={Spoken code-switching in written form? Manifestation of code-switching in computer mediated communication},
  author={Barasa, Sandra},
  journal={Journal of Language Contact},
  volume={9},
  number={1},
  pages={49--70},
  year={2016},
  publisher={Brill},
  url={https://www.researchgate.net/publication/278963928_Spoken_Code-Switching_in_Written_Form_Manifestation_of_Code-Switching_in_Computer_Mediated_Communication}
}

@article{ren2012linguistic,
  title={Linguistic-based emotion analysis and recognition for measuring consumer satisfaction: an application of affective computing},
  author={Ren, Fuji and Quan, Changqin},
  journal={Information Technology and Management},
  volume={13},
  pages={321--332},
  year={2012},
  publisher={Springer},
  url={https://link.springer.com/article/10.1007/s10799-012-0138-5}
}

@article{vo2013twitter,
  title={Twitter emotion analysis in earthquake situations.},
  author={Vo, Bao-Khanh Ho and Collier, NIGEL},
  journal={Int. J. Comput. Linguistics Appl.},
  volume={4},
  number={1},
  pages={159--173},
  year={2013},
  url={http://www.ijcla.org/2013-1/IJCLA-2013-1-pp-159-173-09-Twitter.pdf}
}

@article{zamani2016eye,
  title={Eye tracking application on emotion analysis for marketing strategy},
  author={Zamani, H and Abas, A and Amin, MKM},
  journal={Journal of Telecommunication, Electronic and Computer Engineering (JTEC)},
  volume={8},
  number={11},
  pages={87--91},
  year={2016},
  url={https://jtec.utem.edu.my/jtec/article/view/1415}
}

@article{ortigosa2014sentiment,
  title={Sentiment analysis in Facebook and its application to e-learning},
  author={Ortigosa, Alvaro and Mart{\'\i}n, Jos{\'e} M and Carro, Rosa M},
  journal={Computers in human behavior},
  volume={31},
  pages={527--541},
  year={2014},
  publisher={Elsevier},
  url={https://www.sciencedirect.com/science/article/abs/pii/S0747563213001751}
}

@inproceedings{jabbar2019real,
  title={Real-time sentiment analysis on E-commerce application},
  author={Jabbar, Jahanzeb and Urooj, Iqra and JunSheng, Wu and Azeem, Naqash},
  booktitle={2019 IEEE 16th international conference on networking, sensing and control (ICNSC)},
  pages={391--396},
  year={2019},
  organization={IEEE},
  url={https://ieeexplore.ieee.org/document/8743331}
}

@article{aytuug2018sentiment,
  title={Sentiment analysis on Twitter based on ensemble of psychological and linguistic feature sets},
  author={Aytu{\u{g}}, ONAN},
  journal={Balkan Journal of Electrical and Computer Engineering},
  volume={6},
  number={2},
  pages={69--77},
  year={2018},
  publisher={Balkan Yay{\i}n},
  url={https://dergipark.org.tr/tr/download/article-file/465465}
}

@article{muhammad2023semeval,
  title={SemEval-2023 task 12: sentiment analysis for african languages (AfriSenti-SemEval)},
  author={Muhammad, Shamsuddeen Hassan and Abdulmumin, Idris and Yimam, Seid Muhie and Adelani, David Ifeoluwa and Ahmad, Ibrahim Sa'id and Ousidhoum, Nedjma and Ayele, Abinew and Mohammad, Saif M and Beloucif, Meriem},
  journal={arXiv preprint arXiv:2304.06845},
  year={2023},
  url={https://arxiv.org/abs/2304.06845}
}

@article{aryal2023sentiment,
  title={Sentiment analysis across multiple african languages: A current benchmark},
  author={Aryal, Saurav K and Prioleau, Howard and Aryal, Surakshya},
  journal={arXiv preprint arXiv:2310.14120},
  year={2023},
  url={https://arxiv.org/abs/2310.14120}
}

@article{morshed2021impact,
  title={Impact of COVID-19 pandemic on ride-hailing services based on large-scale Twitter data analysis},
  author={Morshed, Syed Ahnaf and Khan, Sifat Shahriar and Tanvir, Raihanul Bari and Nur, Shafkath},
  journal={Journal of Urban Management},
  volume={10},
  number={2},
  pages={155--165},
  year={2021},
  publisher={Elsevier},
  url={https://www.sciencedirect.com/science/article/pii/S2226585621000200}
}

@article{read2019consumer,
  title={Consumer engagement on Twitter: perceptions of the brand matter},
  author={Read, Wayne and Robertson, Nichola and McQuilken, Lisa and Ferdous, Ahmed Shahriar},
  journal={European Journal of Marketing},
  volume={53},
  number={9},
  pages={1905--1933},
  year={2019},
  publisher={Emerald Publishing Limited},
  url={https://www.emerald.com/insight/content/doi/10.1108/ejm-10-2017-0772/full/html}
}

@article{jansen2009twitter,
  title={Twitter power: Tweets as electronic word of mouth},
  author={Jansen, Bernard J and Zhang, Mimi and Sobel, Kate and Chowdury, Abdur},
  journal={Journal of the American society for information science and technology},
  volume={60},
  number={11},
  pages={2169--2188},
  year={2009},
  publisher={Wiley Online Library},
  url={https://onlinelibrary.wiley.com/doi/10.1002/asi.21149}
}

@article{d2015real,
  title={Real-time detection of traffic from twitter stream analysis},
  author={D'Andrea, Eleonora and Ducange, Pietro and Lazzerini, Beatrice and Marcelloni, Francesco},
  journal={IEEE transactions on intelligent transportation systems},
  volume={16},
  number={4},
  pages={2269--2283},
  year={2015},
  publisher={IEEE},
  url={https://ieeexplore.ieee.org/document/7057672}
}

@article{arora2019measuring,
  title={Measuring social media influencer index-insights from Facebook, Twitter and Instagram},
  author={Arora, Anuja and Bansal, Shivam and Kandpal, Chandrashekhar and Aswani, Reema and Dwivedi, Yogesh},
  journal={Journal of retailing and consumer services},
  volume={49},
  pages={86--101},
  year={2019},
  publisher={Elsevier},
  url={https://www.sciencedirect.com/science/article/abs/pii/S0969698919300128}
}

@article{learning2006semi,
  title={Semi-supervised learning},
  author={Learning, Semi-Supervised},
  journal={CSZ2006. html},
  volume={5},
  year={2006},
  url={https://www.researchgate.net/publication/343972398_Semi-Supervised_Learning}
  
}

@inproceedings{saeki2023virtuoso,
  title={Virtuoso: Massive multilingual speech-text joint semi-supervised learning for text-to-speech},
  author={Saeki, Takaaki and Zen, Heiga and Chen, Zhehuai and Morioka, Nobuyuki and Wang, Gary and Zhang, Yu and Bapna, Ankur and Rosenberg, Andrew and Ramabhadran, Bhuvana},
  booktitle={ICASSP 2023-2023 IEEE International Conference on Acoustics, Speech and Signal Processing (ICASSP)},
  pages={1--5},
  year={2023},
  organization={IEEE},
  url={https://ieeexplore.ieee.org/document/10095702?denied=}
}

@article{du2023semi,
  title={A semi-supervised complementary joint training approach for low-resource speech recognition},
  author={Du, Ye-Qian and Zhang, Jie and Fang, Xin and Wu, Ming-Hui and Yang, Zhou-Wang},
  journal={IEEE/ACM Transactions on Audio, Speech, and Language Processing},
  year={2023},
  publisher={IEEE},
  url={https://ieeexplore.ieee.org/document/10246368}
}

@article{pham2023semi,
  title={Semi-supervised Neural Machine Translation with Consistency Regularization for Low-Resource Languages},
  author={Pham, Viet H and Pham, Thang M and Nguyen, Giang and Nguyen, Long and Dinh, Dien},
  journal={arXiv preprint arXiv:2304.00557},
  year={2023},
  url={https://arxiv.org/abs/2304.00557}
}

@inproceedings{thomas2013deep,
  title={Deep neural network features and semi-supervised training for low resource speech recognition},
  author={Thomas, Samuel and Seltzer, Michael L and Church, Kenneth and Hermansky, Hynek},
  booktitle={2013 IEEE International Conference on Acoustics, Speech and Signal Processing},
  pages={6704--6708},
  year={2013},
  organization={IEEE},
  url={https://ieeexplore.ieee.org/document/6638959}
}

@inproceedings{gupta2018semi,
  title={Semi-supervised and transfer learning approaches for low resource sentiment classification},
  author={Gupta, Rahul and Sahu, Saurabh and Espy-Wilson, Carol and Narayanan, Shrikanth},
  booktitle={2018 IEEE international conference on acoustics, speech and signal processing (ICASSP)},
  pages={5109--5113},
  year={2018},
  organization={IEEE},
  url={https://ieeexplore.ieee.org/document/8461414}
}

@inproceedings{garrette2013real,
  title={Real-world semi-supervised learning of {POS}-taggers for low-resource languages},
  author={Garrette, Dan and Mielens, Jason and Baldridge, Jason},
  booktitle={Proceedings of the 51st Annual Meeting of the Association for Computational Linguistics (Volume 1: Long Papers)},
  pages={583--592},
  year={2013},
  url={https://aclanthology.org/P13-1057/}
}

@article{singh2022low,
  title={Low resource machine translation of {E}nglish--{M}anipuri: A semi-supervised approach},
  author={Singh, Salam Michael and Singh, Thoudam Doren},
  journal={Expert Systems with Applications},
  volume={209},
  pages={118187},
  year={2022},
  publisher={Elsevier},
  url={https://www.sciencedirect.com/science/article/abs/pii/S0957417422013513}
}

@article{sanh2019distilbert,
  title={DistilBERT, a distilled version of BERT: smaller, faster, cheaper and lighter},
  author={Sanh, Victor and Debut, Lysandre and Chaumond, Julien and Wolf, Thomas},
  journal={arXiv preprint arXiv:1910.01108},
  year={2019},
  url={https://arxiv.org/abs/1910.01108}
}

@article{conneau2019unsupervised,
  title={Unsupervised cross-lingual representation learning at scale},
  author={Conneau, Alexis and Khandelwal, Kartikay and Goyal, Naman and Chaudhary, Vishrav and Wenzek, Guillaume and Guzm{\'a}n, Francisco and Grave, Edouard and Ott, Myle and Zettlemoyer, Luke and Stoyanov, Veselin},
  journal={arXiv preprint arXiv:1911.02116},
  year={2019},
  url={https://arxiv.org/abs/1911.02116}
}

@book{chapelle2006introduction,
  title={Introduction to Semi-Supervised Learning},
  author={Chapelle, Olivier and Sch{\"o}lkopf, Bernhard and Zien, Alexander},
  year={2006},
  publisher={MIT press},
  url={https://direct.mit.edu/books/edited-volume/3824/chapter-abstract/125431/Introduction-to-Semi-Supervised-Learning?redirectedFrom=PDF}
}

@article{adelani2021masakhaner,
  title={MasakhaNER: Named entity recognition for African languages},
  author={Adelani, David Ifeoluwa and Abbott, Jade and Neubig, Graham and D’souza, Daniel and Kreutzer, Julia and Lignos, Constantine and Palen-Michel, Chester and Buzaaba, Happy and Rijhwani, Shruti and Ruder, Sebastian and others},
  journal={Transactions of the Association for Computational Linguistics},
  volume={9},
  pages={1116--1131},
  year={2021},
  publisher={MIT Press One Rogers Street, Cambridge, MA 02142-1209, USA journals-info~…},
  url={https://direct.mit.edu/tacl/article/doi/10.1162/tacl_a_00416/107614/MasakhaNER-Named-Entity-Recognition-for-African}
}

@inproceedings{cainesgeographic,
  title={The geographic diversity of {NLP} conferences}, 
  year ={2019},
  author={Caines, Andrew},
  booktitle={URL http://www. marekrei. com/blog/geographic-diversity-of-nlp-conferences},
  url={https://www.marekrei.com/blog/geographic-diversity-of-nlp-conferences/}
}

@article{chen2021industry,
  title={Industry scale semi-supervised learning for natural language understanding},
  author={Chen, Luoxin and Garcia, Francisco and Kumar, Varun and Xie, He and Lu, Jianhua},
  journal={arXiv preprint arXiv:2103.15871},
  year={2021},
  url={https://arxiv.org/abs/2103.15871}
}

@article{bhattacharjee2020bert,
  title={To {BERT} or not to {BERT}: Comparing task-specific and task-agnostic semi-supervised approaches for sequence tagging},
  author={Bhattacharjee, Kasturi and Ballesteros, Miguel and Anubhai, Rishita and Muresan, Smaranda and Ma, Jie and Ladhak, Faisal and Al-Onaizan, Yaser},
  journal={arXiv preprint arXiv:2010.14042},
  year={2020},
  url={https://arxiv.org/abs/2010.14042}
}

@article{gururangan2020don,
  title={Don't stop pretraining: Adapt language models to domains and tasks},
  author={Gururangan, Suchin and Marasovi{\'c}, Ana and Swayamdipta, Swabha and Lo, Kyle and Beltagy, Iz and Downey, Doug and Smith, Noah A},
  journal={arXiv preprint arXiv:2004.10964},
  year={2020},
  url={https://arxiv.org/abs/2004.10964}
}

@article{raffel2020exploring,
  title={Exploring the limits of transfer learning with a unified text-to-text transformer},
  author={Raffel, Colin and Shazeer, Noam and Roberts, Adam and Lee, Katherine and Narang, Sharan and Matena, Michael and Zhou, Yanqi and Li, Wei and Liu, Peter J},
  journal={Journal of Machine Learning Research},
  volume={21},
  number={140},
  pages={1--67},
  year={2020},
  url={https://www.jmlr.org/papers/v21/20-074.html}
}

@article{liu2019roberta,
  title={Roberta: A robustly optimized bert pretraining approach},
  author={Liu, Yinhan and Ott, Myle and Goyal, Naman and Du, Jingfei and Joshi, Mandar and Chen, Danqi and Levy, Omer and Lewis, Mike and Zettlemoyer, Luke and Stoyanov, Veselin},
  journal={arXiv preprint arXiv:1907.11692},
  year={2019},
  url={https://arxiv.org/abs/1907.11692}
}

@article{wang2019superglue,
  title={Superglue: A stickier benchmark for general-purpose language understanding systems},
  author={Wang, Alex and Pruksachatkun, Yada and Nangia, Nikita and Singh, Amanpreet and Michael, Julian and Hill, Felix and Levy, Omer and Bowman, Samuel},
  journal={Advances in Neural Information Processing systems},
  volume={32},
  year={2019},
  url={https://arxiv.org/abs/1905.00537}
}

@inproceedings{matthew2018peters,
  title={Peters, mark neumann, mohit iyyer, matt gardner, christopher clark, kenton lee, luke zettlemoyer. deep contextualized word representations},
  author={Matthew, E},
  booktitle={Proc. of NAACL},
  volume={5},
  year={2018},
  url={https://aclanthology.org/N18-1202/}
}

@article{devlin2018bert,
  title={Bert: Pre-training of deep bidirectional transformers for language understanding},
  author={Devlin, Jacob and Chang, Ming-Wei and Lee, Kenton and Toutanova, Kristina},
  journal={arXiv preprint arXiv:1810.04805},
  year={2018},
  url={https://arxiv.org/abs/1810.04805}
}

@article{najafi2019robustness,
  title={Robustness to adversarial perturbations in learning from incomplete data},
  author={Najafi, Amir and Maeda, Shin-ichi and Koyama, Masanori and Miyato, Takeru},
  journal={Advances in Neural Information Processing Systems},
  volume={32},
  year={2019},
  url={https://proceedings.neurips.cc/paper_files/paper/2019/file/60ad83801910ec976590f69f638e0d6d-Paper.pdf}
}

@inproceedings{baccianella2010sentiwordnet,
  title={Sentiwordnet 3.0: An enhanced lexical resource for sentiment analysis and opinion mining},
  author={Stefano Baccianella and Andrea Esuli and Fabrizio Sebastiani},
  booktitle={Proceedings of the Seventh International Conference on Language Resources and Evaluation (LREC'10)},
  pages={2200--2204},
  year={2010},
  url={https://aclanthology.org/L10-1531/}
}

@article{nielsen2011new,
  title={A new ANEW: Evaluation of a word list for sentiment analysis in microblogs},
  author={Nielsen, Finn {\AA}rup},
  journal={arXiv preprint arXiv:1103.2903},
  year={2011},
  url={https://arxiv.org/abs/1103.2903}
}

@article{taboada2011lexicon,
  title={Lexicon-based methods for sentiment analysis},
  author={Taboada, Maite and Brooke, Julian and Tofiloski, Milan and Voll, Kimberly and Stede, Manfred},
  journal={Computational linguistics},
  volume={37},
  number={2},
  pages={267--307},
  year={2011},
  publisher={MIT Press One Rogers Street, Cambridge, MA 02142-1209, USA journals-info~…},
  url={https://aclanthology.org/J11-2001/}
}

@article{pang2002thumbs,
  title={Thumbs up? Sentiment classification using machine learning techniques},
  author={Pang, Bo and Lee, Lillian and Vaithyanathan, Shivakumar},
  journal={arXiv preprint cs/0205070},
  year={2002},
  url={https://arxiv.org/abs/cs/0205070}
}

@inproceedings{hwang2021semi,
  title={Semi-supervised learning based on auto-generated lexicon using {XAI} in sentiment analysis},
  author={Hwang, Hohyun and Lee, Younghoon},
  booktitle={Proceedings of the International Conference on Recent Advances in Natural Language Processing (RANLP 2021)},
  pages={593--600},
  year={2021},
 url={https://aclanthology.org/2021.ranlp-1.67/}
}

@mastersthesis{chen2015convolutional,
  title={Convolutional neural network for sentence classification},
  author={Chen, Yahui},
  year={2015},
  school={University of Waterloo},
  url={https://uwspace.uwaterloo.ca/items/42654efd-45e2-4c67-b906-158e7e349188}
}

@inproceedings{lee2015emotion,
  title={Emotion in code-switching texts: Corpus construction and analysis},
  author={Lee, Sophia and Wang, Zhongqing},
  booktitle={Proceedings of the Eighth SIGHAN workshop on chinese language processing},
  pages={91--99},
  year={2015},
  url={https://aclanthology.org/W15-3116/}
}

@article{terblanche2024prompting,
  title={Prompting Towards Alleviating Code-Switched Data Scarcity in Under-Resourced Languages with GPT as a Pivot},
  author={Terblanche, Michelle and Olaleye, Kayode and Marivate, Vukosi},
  journal={arXiv preprint arXiv:2404.17216},
  year={2024},
  url={https://aclanthology.org/2024.sigul-1.33.pdf}
}

@article{zhang2023multilingual,
  title={Multilingual large language models are not (yet) code-switchers},
  author={Zhang, Ruochen and Cahyawijaya, Samuel and Cruz, Jan Christian Blaise and Winata, Genta Indra and Aji, Alham Fikri},
  journal={arXiv preprint arXiv:2305.14235},
  year={2023},
  url={https://aclanthology.org/2023.emnlp-main.774/}
}
@article{winata2022decades,
  title={The decades progress on code-switching research in nlp: A systematic survey on trends and challenges},
  author={Winata, Genta Indra and Aji, Alham Fikri and Yong, Zheng-Xin and Solorio, Thamar},
  journal={arXiv preprint arXiv:2212.09660},
  year={2022},
  url={https://aclanthology.org/2023.findings-acl.185/}
}

@inproceedings{niesler2018first,
  title={A first South African corpus of multilingual code-switched soap opera speech},
  author={Niesler, Thomas and others},
  booktitle={Proceedings of the Eleventh International Conference on Language Resources and Evaluation (LREC 2018)},
  year={2018},
  url={https://aclanthology.org/L18-1451.pdf}
}

@inproceedings{niesler2008accent,
  title={Accent identification in the presence of code-mixing.},
  author={Niesler, Thomas and De Wet, Febe},
  booktitle={Odyssey},
  pages={27},
  year={2008},
  url={https://www.isca-archive.org/odyssey_2008/niesler08_odyssey.pdf}
}

@article{otundo2022intonation,
  title={Intonation in Advice-Giving in Kenyan English and Kiswahili},
  author={Otundo, Billian Khalayi and Grice, Martine},
  journal={Proceedings of Speech Prosody 2022},
  pages={150--154},
  year={2022},
  url={https://drive.google.com/file/d/1Uk7c8qzZj8aZvlLfihw41MYAOLGSecYD/view}
}

@inproceedings{piergallini2016word,
  title={Word-level language identification and predicting codeswitching points in Swahili-English language data},
  author={Piergallini, Mario and Shirvani, Rouzbeh and Gautam, Gauri Shankar and Chouikha, Mohamed},
  booktitle={Proceedings of the second workshop on computational approaches to code switching},
  pages={21--29},
  year={2016},
  url={https://aclanthology.org/W16-5803/}
}

@inproceedings{zhu2015aligning,
  title={Aligning books and movies: Towards story-like visual explanations by watching movies and reading books},
  author={Zhu, Yukun and Kiros, Ryan and Zemel, Rich and Salakhutdinov, Ruslan and Urtasun, Raquel and Torralba, Antonio and Fidler, Sanja},
  booktitle={Proceedings of the IEEE international conference on computer vision},
  pages={19--27},
  year={2015},
  url={https://arxiv.org/abs/1506.06724}
}
@misc{commoncrawlCommonCrawl,
	author = {Sebastian Nagel},
	title = {{C}ommon {C}rawl - {B}log - {I}ndex to {W}{A}{R}{C} {F}iles and {U}{R}{L}s in {C}olumnar {F}ormat --- commoncrawl.org},
	howpublished = {\url{https://commoncrawl.org/blog/index-to-warc-files-and-urls}},
	year = {2018},
	note = {[Accessed 27-06-2024]},
        
}


@article{joshi2020state,
  title={The state and fate of linguistic diversity and inclusion in the {NLP} world},
  author={Joshi, Pratik and Santy, Sebastin and Budhiraja, Amar and Bali, Kalika and Choudhury, Monojit},
  journal={arXiv preprint arXiv:2004.09095},
  year={2020},
  url={https://aclanthology.org/2020.acl-main.560/}
}

@article{olatunji2023afrispeech,
  title={Afrispeech-200: Pan-african accented speech dataset for clinical and general domain asr},
  author={Olatunji, Tobi and Afonja, Tejumade and Yadavalli, Aditya and Emezue, Chris Chinenye and Singh, Sahib and Dossou, Bonaventure FP and Osuchukwu, Joanne and Osei, Salomey and Tonja, Atnafu Lambebo and Etori, Naome and others},
  journal={Transactions of the Association for Computational Linguistics},
  volume={11},
  pages={1669--1685},
  year={2023},
  publisher={MIT Press One Broadway, 12th Floor, Cambridge, Massachusetts 02142, USA~…},
  url={https://direct.mit.edu/tacl/article/doi/10.1162/tacl_a_00627/118796}
}
@inproceedings{wang2024afrimte,
  title={AfriMTE and AfriCOMET: Enhancing COMET to Embrace Under-resourced African Languages},
  author={Wang, Jiayi and Adelani, David and Agrawal, Sweta and Masiak, Marek and Rei, Ricardo and Briakou, Eleftheria and Carpuat, Marine and He, Xuanli and Bourhim, Sofia and Bukula, Andiswa and others},
  booktitle={Proceedings of the 2024 Conference of the North American Chapter of the Association for Computational Linguistics: Human Language Technologies (Volume 1: Long Papers)},
  pages={5997--6023},
  year={2024},
  url={https://arxiv.org/abs/2311.09828}
}

@article{brown2020language,
  title={Language models are few-shot learners},
  author={Brown, Tom and Mann, Benjamin and Ryder, Nick and Subbiah, Melanie and Kaplan, Jared D and Dhariwal, Prafulla and Neelakantan, Arvind and Shyam, Pranav and Sastry, Girish and Askell, Amanda and others},
  journal={Advances in Neural Information Processing Systems},
  volume={33},
  pages={1877--1901},
  year={2020},
  url={https://arxiv.org/abs/2005.14165}
}
@inproceedings{ogueji2021small,
  title={Small data? no problem! exploring the viability of pretrained multilingual language models for low-resourced languages},
  author={Ogueji, Kelechi and Zhu, Yuxin and Lin, Jimmy},
  booktitle={Proceedings of the 1st Workshop on Multilingual Representation Learning},
  pages={116--126},
  year={2021},
  url={https://aclanthology.org/2021.mrl-1.11/}
}

@article{mohammad2017word,
  title={Word affect intensities},
  author={Mohammad, Saif M},
  journal={arXiv preprint arXiv:1704.08798},
  year={2017},
  url={https://arxiv.org/abs/1704.08798}
}
