@article{adelani2021masakhaner,
  title={MasakhaNER: Named entity recognition for African languages},
  author={Adelani, David Ifeoluwa and Abbott, Jade and Neubig, Graham and D’souza, Daniel and Kreutzer, Julia and Lignos, Constantine and Palen-Michel, Chester and Buzaaba, Happy and Rijhwani, Shruti and Ruder, Sebastian and others},
  journal={Transactions of the Association for Computational Linguistics},
  volume={9},
  pages={1116--1131},
  year={2021},
  publisher={MIT Press One Rogers Street, Cambridge, MA 02142-1209, USA journals-info~…},
  url={https://direct.mit.edu/tacl/article/doi/10.1162/tacl_a_00416/107614/MasakhaNER-Named-Entity-Recognition-for-African}
}

@inproceedings{baccianella2010sentiwordnet,
  title={Sentiwordnet 3.0: An enhanced lexical resource for sentiment analysis and opinion mining},
  author={Stefano Baccianella and Andrea Esuli and Fabrizio Sebastiani},
  booktitle={Proceedings of the Seventh International Conference on Language Resources and Evaluation (LREC'10)},
  pages={2200--2204},
  year={2010},
  url={https://aclanthology.org/L10-1531/}
}

@inproceedings{barman2014code,
  title={Code mixing: A challenge for language identification in the language of social media},
  author={Barman, Utsab and Das, Amitava and Wagner, Joachim and Foster, Jennifer},
  booktitle={Proceedings of the First Workshop on Computational Approaches to Code Switching},
  pages={13--23},
  year={2014},
  url={https://aclanthology.org/W14-3902.pdf}
}

@article{bhattacharjee2020bert,
  title={To {BERT} or not to {BERT}: Comparing task-specific and task-agnostic semi-supervised approaches for sequence tagging},
  author={Bhattacharjee, Kasturi and Ballesteros, Miguel and Anubhai, Rishita and Muresan, Smaranda and Ma, Jie and Ladhak, Faisal and Al-Onaizan, Yaser},
  journal={arXiv preprint arXiv:2010.14042},
  year={2020},
  url={https://arxiv.org/abs/2010.14042}
}

@mastersthesis{chen2015convolutional,
  title={Convolutional neural network for sentence classification},
  author={Chen, Yahui},
  year={2015},
  school={University of Waterloo},
  url={https://uwspace.uwaterloo.ca/items/42654efd-45e2-4c67-b906-158e7e349188}
}

@misc{commoncrawlCommonCrawl,
	author = {Sebastian Nagel},
	title = {{C}ommon {C}rawl - {B}log - {I}ndex to {W}{A}{R}{C} {F}iles and {U}{R}{L}s in {C}olumnar {F}ormat --- commoncrawl.org},
	howpublished = {\url{https://commoncrawl.org/blog/index-to-warc-files-and-urls}},
	year = {2018},
	note = {[Accessed 27-06-2024]},
        
}

@book{danet2007multilingual,
  title={The multilingual Internet: Language, culture, and communication online},
  author={Danet, Brenda and Herring, Susan C},
  year={2007},
  publisher={Oxford University Press},
  url={https://academic.oup.com/book/32471}
}

@article{das2001yahoo,
  title={Yahoo! for Amazon: Sentiment parsing from small talk on the web},
  author={Das, Sanjiv Ranjan and Chen, Mike Y},
  journal={For Amazon: Sentiment Parsing from Small Talk on the Web (August 5, 2001). EFA},
  year={2001},
  url={https://pubsonline.informs.org/doi/10.1287/mnsc.1070.0704}
}

@inproceedings{dave2003mining,
  title={Mining the peanut gallery: Opinion extraction and semantic classification of product reviews},
  author={Dave, Kushal and Lawrence, Steve and Pennock, David M},
  booktitle={Proceedings of the 12th International Conference on World Wide Web},
  pages={519--528},
  year={2003},
  url={https://dl.acm.org/doi/10.1145/775152.775226}
}

@article{devlin2018bert,
  title={Bert: Pre-training of deep bidirectional transformers for language understanding},
  author={Devlin, Jacob and Chang, Ming-Wei and Lee, Kenton and Toutanova, Kristina},
  journal={arXiv preprint arXiv:1810.04805},
  year={2018},
  url={https://arxiv.org/abs/1810.04805}
}

@article{gururangan2020don,
  title={Don't stop pretraining: Adapt language models to domains and tasks},
  author={Gururangan, Suchin and Marasovi{\'c}, Ana and Swayamdipta, Swabha and Lo, Kyle and Beltagy, Iz and Downey, Doug and Smith, Noah A},
  journal={arXiv preprint arXiv:2004.10964},
  year={2020},
  url={https://arxiv.org/abs/2004.10964}
}

@inproceedings{hwang2021semi,
  title={Semi-supervised learning based on auto-generated lexicon using {XAI} in sentiment analysis},
  author={Hwang, Hohyun and Lee, Younghoon},
  booktitle={Proceedings of the International Conference on Recent Advances in Natural Language Processing (RANLP 2021)},
  pages={593--600},
  year={2021},
 url={https://aclanthology.org/2021.ranlp-1.67/}
}

@inproceedings{lee2015emotion,
  title={Emotion in code-switching texts: Corpus construction and analysis},
  author={Lee, Sophia and Wang, Zhongqing},
  booktitle={Proceedings of the Eighth SIGHAN workshop on chinese language processing},
  pages={91--99},
  year={2015},
  url={https://aclanthology.org/W15-3116/}
}

@misc{lewis2014ethnologue,
  title={Ethnologue: Languages of the world},
  author={Lewis, M Paul},
  howpublished={https://www.sil.org/about/endangered-languages/languages-of-the-world},
  year={2014},
  url={https://www.sil.org/resources/archives/6133}
}

@article{liu2019roberta,
  title={Roberta: A robustly optimized bert pretraining approach},
  author={Liu, Yinhan and Ott, Myle and Goyal, Naman and Du, Jingfei and Joshi, Mandar and Chen, Danqi and Levy, Omer and Lewis, Mike and Zettlemoyer, Luke and Stoyanov, Veselin},
  journal={arXiv preprint arXiv:1907.11692},
  year={2019},
  url={https://arxiv.org/abs/1907.11692}
}

@book{liu2022sentiment,
  title={Sentiment Analysis and Opinion Mining},
  author={Liu, Bing},
  year={2022},
  publisher={Springer Nature},
  url={https://link.springer.com/book/10.1007/978-3-031-02145-9}
}

@inproceedings{matthew2018peters,
  title={Peters, mark neumann, mohit iyyer, matt gardner, christopher clark, kenton lee, luke zettlemoyer. deep contextualized word representations},
  author={Matthew, E},
  booktitle={Proc. of NAACL},
  volume={5},
  year={2018},
  url={https://aclanthology.org/N18-1202/}
}

@article{medhat2014sentiment,
  title={Sentiment analysis algorithms and applications: A survey},
  author={Medhat, Walaa and Hassan, Ahmed and Korashy, Hoda},
  journal={Ain Shams engineering journal},
  volume={5},
  number={4},
  pages={1093--1113},
  year={2014},
  publisher={Elsevier},
  url={https://www.sciencedirect.com/science/article/pii/S2090447914000550}
}

@article{muhammad2023afrisenti,
  title={Afrisenti: A twitter sentiment analysis benchmark for african languages},
  author={Muhammad, Shamsuddeen Hassan and Abdulmumin, Idris and Ayele, Abinew Ali and Ousidhoum, Nedjma and Adelani, David Ifeoluwa and Yimam, Seid Muhie and Ahmad, Ibrahim Sa'id and Beloucif, Meriem and Mohammad, Saif and Ruder, Sebastian and others},
  journal={arXiv preprint arXiv:2302.08956},
  year={2023},
  url={https://arxiv.org/abs/2302.08956}
}

@inproceedings{naseem2019dice,
  title={Dice: Deep intelligent contextual embedding for twitter sentiment analysis},
  author={Naseem, Usman and Musial, Katarzyna},
  booktitle={2019 International Conference on Document Analysis and Recognition (ICDAR)},
  pages={953--958},
  year={2019},
  organization={IEEE},
  url={https://ieeexplore.ieee.org/document/8978072}
}

@inproceedings{nasukawa2003sentiment,
  title={Sentiment analysis: Capturing favorability using natural language processing},
  author={Nasukawa, Tetsuya and Yi, Jeonghee},
  booktitle={Proceedings of the 2nd International Conference on Knowledge Capture},
  pages={70--77},
  year={2003},
  url={https://dl.acm.org/doi/10.1145/945645.945658}
}

@article{nielsen2011new,
  title={A new ANEW: Evaluation of a word list for sentiment analysis in microblogs},
  author={Nielsen, Finn {\AA}rup},
  journal={arXiv preprint arXiv:1103.2903},
  year={2011},
  url={https://arxiv.org/abs/1103.2903}
}

@inproceedings{niesler2008accent,
  title={Accent identification in the presence of code-mixing.},
  author={Niesler, Thomas and De Wet, Febe},
  booktitle={Odyssey},
  pages={27},
  year={2008},
  url={https://www.isca-archive.org/odyssey_2008/niesler08_odyssey.pdf}
}

@inproceedings{niesler2018first,
  title={A first South African corpus of multilingual code-switched soap opera speech},
  author={Niesler, Thomas and others},
  booktitle={Proceedings of the Eleventh International Conference on Language Resources and Evaluation (LREC 2018)},
  year={2018},
  url={https://aclanthology.org/L18-1451.pdf}
}

@article{olatunji2023afrispeech,
  title={Afrispeech-200: Pan-african accented speech dataset for clinical and general domain asr},
  author={Olatunji, Tobi and Afonja, Tejumade and Yadavalli, Aditya and Emezue, Chris Chinenye and Singh, Sahib and Dossou, Bonaventure FP and Osuchukwu, Joanne and Osei, Salomey and Tonja, Atnafu Lambebo and Etori, Naome and others},
  journal={Transactions of the Association for Computational Linguistics},
  volume={11},
  pages={1669--1685},
  year={2023},
  publisher={MIT Press One Broadway, 12th Floor, Cambridge, Massachusetts 02142, USA~…},
  url={https://direct.mit.edu/tacl/article/doi/10.1162/tacl_a_00627/118796}
}

@article{otundo2022intonation,
  title={Intonation in Advice-Giving in Kenyan English and Kiswahili},
  author={Otundo, Billian Khalayi and Grice, Martine},
  journal={Proceedings of Speech Prosody 2022},
  pages={150--154},
  year={2022},
  url={https://drive.google.com/file/d/1Uk7c8qzZj8aZvlLfihw41MYAOLGSecYD/view}
}

@article{pang2002thumbs,
  title={Thumbs up? Sentiment classification using machine learning techniques},
  author={Pang, Bo and Lee, Lillian and Vaithyanathan, Shivakumar},
  journal={arXiv preprint cs/0205070},
  year={2002},
  url={https://arxiv.org/abs/cs/0205070}
}

@article{pang2008opinion,
  title={Opinion mining and sentiment analysis},
  author={Pang, Bo and Lee, Lillian and others},
  journal={Foundations and Trends{\textregistered} in information retrieval},
  volume={2},
  number={1--2},
  pages={1--135},
  year={2008},
  publisher={Now Publishers, Inc.},
  url={https://www.cs.cornell.edu/home/llee/omsa/omsa.pdf}
}

@inproceedings{piergallini2016word,
  title={Word-level language identification and predicting codeswitching points in Swahili-English language data},
  author={Piergallini, Mario and Shirvani, Rouzbeh and Gautam, Gauri Shankar and Chouikha, Mohamed},
  booktitle={Proceedings of the second workshop on computational approaches to code switching},
  pages={21--29},
  year={2016},
  url={https://aclanthology.org/W16-5803/}
}

@article{poplack2000toward,
  title={Toward a typology of code-switching},
  author={Poplack, Shana},
  journal={L. WEI ({\'e}d.), The bilingualism reader. London, New York: Routeledge},
  pages={221--255},
  year={2000},
  url={https://eric.ed.gov/?id=ED214394}
}

@article{raffel2020exploring,
  title={Exploring the limits of transfer learning with a unified text-to-text transformer},
  author={Raffel, Colin and Shazeer, Noam and Roberts, Adam and Lee, Katherine and Narang, Sharan and Matena, Michael and Zhou, Yanqi and Li, Wei and Liu, Peter J},
  journal={Journal of Machine Learning Research},
  volume={21},
  number={140},
  pages={1--67},
  year={2020},
  url={https://www.jmlr.org/papers/v21/20-074.html}
}

@book{scotton1993social,
  title={Social motivations for codeswitching: Evidence from Africa},
  author={Scotton, Carol Myers},
  year={1993},
  publisher={Clarendon Press},
  url={https://academic.oup.com/book/48387}
}

@inproceedings{strassel2016lorelei,
  title={LORELEI language packs: Data, tools, and resources for technology development in low resource languages},
  author={Strassel, Stephanie and Tracey, Jennifer},
  booktitle={Proceedings of the Tenth International Conference on Language Resources and Evaluation (LREC'16)},
  pages={3273--3280},
  year={2016},
  url={https://aclanthology.org/L16-1521/}
}

@inproceedings{suttles2013distant,
  title={Distant supervision for emotion classification with discrete binary values},
  author={Suttles, Jared and Ide, Nancy},
  booktitle={International Conference on Intelligent Text Processing and Computational Linguistics},
  pages={121--136},
  year={2013},
  organization={Springer},
  url={https://link.springer.com/chapter/10.1007/978-3-642-37256-8_11}
}

@article{taboada2011lexicon,
  title={Lexicon-based methods for sentiment analysis},
  author={Taboada, Maite and Brooke, Julian and Tofiloski, Milan and Voll, Kimberly and Stede, Manfred},
  journal={Computational linguistics},
  volume={37},
  number={2},
  pages={267--307},
  year={2011},
  publisher={MIT Press One Rogers Street, Cambridge, MA 02142-1209, USA journals-info~…},
  url={https://aclanthology.org/J11-2001/}
}

@article{terblanche2024prompting,
  title={Prompting Towards Alleviating Code-Switched Data Scarcity in Under-Resourced Languages with GPT as a Pivot},
  author={Terblanche, Michelle and Olaleye, Kayode and Marivate, Vukosi},
  journal={arXiv preprint arXiv:2404.17216},
  year={2024},
  url={https://aclanthology.org/2024.sigul-1.33.pdf}
}

@article{vaswani2017attention,
  title={Attention is all you need},
  author={Vaswani, Ashish and Shazeer, Noam and Parmar, Niki and Uszkoreit, Jakob and Jones, Llion and Gomez, Aidan N and Kaiser, {\L}ukasz and Polosukhin, Illia},
  journal={Advances in neural information processing systems},
  volume={30},
  year={2017},
  url={https://proceedings.neurips.cc/paper_files/paper/2017/file/3f5ee243547dee91fbd053c1c4a845aa-Paper.pdf}
}

@inproceedings{vo2015target,
  title={Target-dependent twitter sentiment classification with rich automatic features},
  author={Vo, Duy-Tin and Zhang, Yue},
  booktitle={Twenty-fourth International Joint Conference on Artificial Intelligence},
  year={2015},
  url={https://www.ijcai.org/Proceedings/15/Papers/194.pdf}
}

@article{wang2019superglue,
  title={Superglue: A stickier benchmark for general-purpose language understanding systems},
  author={Wang, Alex and Pruksachatkun, Yada and Nangia, Nikita and Singh, Amanpreet and Michael, Julian and Hill, Felix and Levy, Omer and Bowman, Samuel},
  journal={Advances in Neural Information Processing systems},
  volume={32},
  year={2019},
  url={https://arxiv.org/abs/1905.00537}
}

@inproceedings{wang2024afrimte,
  title={AfriMTE and AfriCOMET: Enhancing COMET to Embrace Under-resourced African Languages},
  author={Wang, Jiayi and Adelani, David and Agrawal, Sweta and Masiak, Marek and Rei, Ricardo and Briakou, Eleftheria and Carpuat, Marine and He, Xuanli and Bourhim, Sofia and Bukula, Andiswa and others},
  booktitle={Proceedings of the 2024 Conference of the North American Chapter of the Association for Computational Linguistics: Human Language Technologies (Volume 1: Long Papers)},
  pages={5997--6023},
  year={2024},
  url={https://arxiv.org/abs/2311.09828}
}

@article{winata2022decades,
  title={The decades progress on code-switching research in nlp: A systematic survey on trends and challenges},
  author={Winata, Genta Indra and Aji, Alham Fikri and Yong, Zheng-Xin and Solorio, Thamar},
  journal={arXiv preprint arXiv:2212.09660},
  year={2022},
  url={https://aclanthology.org/2023.findings-acl.185/}
}

@inproceedings{zhu2015aligning,
  title={Aligning books and movies: Towards story-like visual explanations by watching movies and reading books},
  author={Zhu, Yukun and Kiros, Ryan and Zemel, Rich and Salakhutdinov, Ruslan and Urtasun, Raquel and Torralba, Antonio and Fidler, Sanja},
  booktitle={Proceedings of the IEEE international conference on computer vision},
  pages={19--27},
  year={2015},
  url={https://arxiv.org/abs/1506.06724}
}

