@ARTICLE{CF_CE_1,
  author={Wang, Zhifeng and Yang, Feifan and Yan, Shi and Memon, Saleemullah and Zhao, Zhongyuan and Hu, Chunjing},
  journal={China Communications}, 
  title={Joint design of coalition formation and semi-blind channel estimation in fog radio access networks}, 
  year={2019},
  volume={16},
  number={11},
  pages={1-15},
  keywords={Channel estimation;Training;Games;Signal processing algorithms;Clustering algorithms;Signal processing;Spectral efficiency;channel estimation;cluster formation;game theory;fog radio access networks (F-RANs)},
  doi={10.23919/JCC.2019.11.001}}

@ARTICLE{CS,
  author={Ardah, Khaled and Gherekhloo, Sepideh and de Almeida, André L. F. and Haardt, Martin},
  journal={IEEE Signal Processing Letters}, 
  title={TRICE: A Channel Estimation Framework for {RIS}-Aided Millimeter-Wave {MIMO} Systems}, 
  year={2021},
  volume={28},
  number={},
  pages={513-517},
  doi={10.1109/LSP.2021.3059363}}

@article{Coalition_1,
  title={A Coalition Formation Game Approach for Personalized Federated Learning},
  author={Leijie Wu and Song Guo and Yao-Xiang Ding and Yufeng Zhan and J. Zhang},
  journal={ArXiv},
  year={2022},
  volume={abs/2202.02502},
  url={https://api.semanticscholar.org/CorpusID:246634014}
}

@ARTICLE{Coalition_2,
  author={Arisdakessian, Sarhad and Wahab, Omar Abdel and Mourad, Azzam and Otrok, Hadi},
  journal={IEEE Transactions on Services Computing}, 
  title={Coalitional Federated Learning: Improving Communication and Training on Non-IID Data With Selfish Clients}, 
  year={2023},
  volume={16},
  number={4},
  pages={2462-2476},
  keywords={Servers;Federated learning;Training;Data models;Computational modeling;Games;Convergence;Client selection;communication efficiency;federated learning;non-IID data;security;selfish client},
  doi={10.1109/TSC.2023.3246988}}

@ARTICLE{DL_1,
  author={Feng, Hao and Xu, Yuting and Zhao, Yuping},
  journal={IEEE Communications Letters}, 
  title={Deep Learning-Based Joint Channel Estimation and CSI Feedback for {RIS}-Assisted Communications}, 
  year={2024},
  volume={28},
  number={8},
  pages={1860-1864},
  keywords={Channel estimation;Vectors;Estimation;Convolution;Array signal processing;Decoding;Accuracy;RIS;deep learning;channel estimation;CSI feedback},
  doi={10.1109/LCOMM.2024.3413729}}

@ARTICLE{DML,
  author={Dai, Linglong and Wei, Xiuhong},
  journal={IEEE Transactions on Communications}, 
  title={Distributed Machine Learning Based Downlink Channel Estimation for {RIS} Assisted Wireless Communications}, 
  year={2022},
  volume={70},
  number={7},
  pages={4900-4909},
  doi={10.1109/TCOMM.2022.3175175}}

@ARTICLE{DML1,
  author={Hu, Shuyan and Chen, Xiaojing and Ni, Wei and Hossain, Ekram and Wang, Xin},
  journal={IEEE Communications Surveys Tutorials}, 
  title={Distributed Machine Learning for Wireless Communication Networks: Techniques, Architectures, and Applications}, 
  year={2021},
  volume={23},
  number={3},
  pages={1458-1493},
  keywords={Wireless communication;Wireless networks;Communication system security;Wireless sensor networks;Computer architecture;Servers;Security;Distributed machine learning;wireless communication networks;convergence;computation and communication cost;architecture and platform;data privacy and security},
  doi={10.1109/COMST.2021.3086014}}

@ARTICLE{DNN-1,
  author={Mashhadi, Mahdi Boloursaz and Gündüz, Deniz},
  journal={IEEE Transactions on Wireless Communications}, 
  title={Pruning the Pilots: Deep Learning-Based Pilot Design and Channel Estimation for {MIMO}-{OFDM} Systems}, 
  year={2021},
  volume={20},
  number={10},
  pages={6315-6328},
  doi={10.1109/TWC.2021.3073309}}

@ARTICLE{FL+RL_1,
  author={Yang, Helin and Zhao, Jun and Xiong, Zehui and Lam, Kwok-Yan and Sun, Sumei and Xiao, Liang},
  journal={IEEE Journal on Selected Areas in Communications}, 
  title={Privacy-Preserving Federated Learning for UAV-Enabled Networks: Learning-Based Joint Scheduling and Resource Management}, 
  year={2021},
  volume={39},
  number={10},
  pages={3144-3159},
  keywords={Computational modeling;Servers;Wireless networks;Data models;Resource management;Training;Heuristic algorithms;Unmanned aerial vehicle;data sharing;asynchronous federated learning;scheduling;resource management;asynchronous advantage actor-critic},
  doi={10.1109/JSAC.2021.3088655}}

@ARTICLE{FL+RL_3,
  author={Zhang, Peiying and Wang, Chao and Jiang, Chunxiao and Han, Zhu},
  journal={IEEE Transactions on Industrial Informatics}, 
  title={Deep Reinforcement Learning Assisted Federated Learning Algorithm for Data Management of IIoT}, 
  year={2021},
  volume={17},
  number={12},
  pages={8475-8484},
  keywords={Informatics;Data training;deep reinforcement learning (DRL);federated learning (FL);industrial Internet of Things (IIoT);IIoT equipment},
  doi={10.1109/TII.2021.3064351}}

@ARTICLE{FL_Bin,
  author={Qiu, Bin and Chang, Xiao and Li, Xian and Xiao, Hailin and Zhang, Zhongshan},
  journal={IEEE Wireless Communications Letters}, 
  title={Federated Learning-Based Channel Estimation for {RIS}-Aided Communication Systems}, 
  year={2024},
  volume={13},
  number={8},
  pages={2130-2134},
  keywords={Channel estimation;Training;Feature extraction;Vectors;Indexes;Wireless communication;Task analysis;Reconfigurable intelligent surface;federated learning;channel estimation},
  doi={10.1109/LWC.2024.3402968}}

@ARTICLE{FL_Elbir,
  author={Elbir, Ahmet M. and Coleri, Sinem},
  journal={IEEE Transactions on Wireless Communications}, 
  title={Federated Learning for Channel Estimation in Conventional and {RIS}-Assisted Massive {MIMO}}, 
  year={2022},
  volume={21},
  number={6},
  pages={4255-4268},
  keywords={Channel estimation;Training;Data models;Computational modeling;Radio frequency;Massive MIMO;Wireless communication;Channel estimation;federated learning;machine learning;centralized learning;massive MIMO},
  doi={10.1109/TWC.2021.3128392}}

@INPROCEEDINGS{FL_Shen_Qin,
  author={Shen, Wenhan and Qin, Zhijin and Nallanathan, Arumugam},
  booktitle={2022 IEEE International Conference on Communications Workshops (ICC Workshops)}, 
  title={Federated Learning Enabled Channel Estimation for {RIS}-Aided Multi-User Wireless Systems}, 
  year={2022},
  volume={},
  number={},
  pages={812-817},
  keywords={Wireless communication;Training;Conferences;Simulation;Channel estimation;Training data;Data models;RIS;channel estimation;federated learning;multi-user;OFDM},
  doi={10.1109/ICCWorkshops53468.2022.9814694}}

@ARTICLE{HFL1,
      title={Heterogeneous Federated Learning}, 
      author={Fuxun Yu and Weishan Zhang and Zhuwei Qin and Zirui Xu and Di Wang and Chenchen Liu and Zhi Tian and Xiang Chen},
      year={2022},
      eprint={2008.06767},
      archivePrefix={arXiv},
      primaryClass={cs.LG},
      url={https://arxiv.org/abs/2008.06767}, 
}

@ARTICLE{HFL2,
  title = 	 {Data-Free Knowledge Distillation for Heterogeneous Federated Learning},
  author =       {Zhu, Zhuangdi and Hong, Junyuan and Zhou, Jiayu},
  booktitle = 	 {Proceedings of the 38th International Conference on Machine Learning},
  pages = 	 {12878--12889},
  year = 	 {2021},
  editor = 	 {Meila, Marina and Zhang, Tong},
  volume = 	 {139},
  series = 	 {Proceedings of Machine Learning Research},
  month = 	 {18--24 Jul},
  publisher =    {PMLR},
  pdf = 	 {http://proceedings.mlr.press/v139/zhu21b/zhu21b.pdf},
  url = 	 {https://proceedings.mlr.press/v139/zhu21b.html},
}

@article{HFL3,
author = {Ye, Mang and Fang, Xiuwen and Du, Bo and Yuen, Pong C. and Tao, Dacheng},
title = {Heterogeneous Federated Learning: State-of-the-art and Research Challenges},
year = {2023},
issue_date = {March 2024},
publisher = {Association for Computing Machinery},
address = {New York, NY, USA},
volume = {56},
number = {3},
issn = {0360-0300},
url = {https://doi.org/10.1145/3625558},
doi = {10.1145/3625558},
journal = {ACM Comput. Surv.},
month = oct,
articleno = {79},
numpages = {44},
keywords = {Survey, federated learning, trustworthy AI}
}

@ARTICLE{MF,
  author={He, Zhen-Qing and Yuan, Xiaojun},
  journal={IEEE Wireless Communications Letters}, 
  title={Cascaded Channel Estimation for Large Intelligent Metasurface Assisted Massive {MIMO}}, 
  year={2020},
  volume={9},
  number={2},
  pages={210-214},
  doi={10.1109/LWC.2019.2948632}}

@INPROCEEDINGS{MMSE,
  author={Mishra, Deepak and Johansson, Håkan},
  booktitle={IEEE International Conference on Acoustics, Speech and Signal Processing (ICASSP)}, 
  title={Channel Estimation and Low-complexity Beamforming Design for Passive Intelligent Surface Assisted {MISO} Wireless Energy Transfer}, 
  year={2019},
  volume={},
  number={},
  pages={4659-4663},
  keywords={Channel estimation;MISO communication;Protocols;Coherence;Energy exchange;Rician channels;Array signal processing;Wireless energy harvesting;passive beamforming;antenna array;channel estimation;least-squares;phase shifters},
  doi={10.1109/ICASSP.2019.8683663}}

@article{RL_CL_1,
  author={Sadeghi, Mohammad and Erol-Kantarci, Melike},
  booktitle={2021 IEEE 4th 5G World Forum (5GWF)}, 
  title={Deep Reinforcement Learning Based Coalition Formation for Energy Trading in Smart Grid}, 
  year={2021},
  volume={},
  number={},
  pages={200-205},
  keywords={Renewable energy sources;Costs;Uncertainty;Reinforcement learning;Microgrids;Minimization;Smart grids;Energy trading;machine learning;microgrid;smart grid},
  doi={10.1109/5GWF52925.2021.00042}}

@article{RL_CL_2,
  author={Dai, Weiheng and Bidwai, Aditya and Sartoretti, Guillaume},
  booktitle={2024 IEEE International Conference on Robotics and Automation (ICRA)}, 
  title={Dynamic Coalition Formation and Routing for Multirobot Task Allocation via Reinforcement Learning}, 
  year={2024},
  volume={},
  number={},
  pages={16567-16573},
  keywords={Schedules;Robot kinematics;Neural networks;Reinforcement learning;Routing;Trajectory;Resource management},
  doi={10.1109/ICRA57147.2024.10611244}}

@ARTICLE{RL_CL_3,
  author={Xiong, Kui and Zhang, Tianxian and Cui, Guolong and Wang, Shiyuan and Kong, Lingjiang},
  journal={IEEE Transactions on Aerospace and Electronic Systems}, 
  title={Coalition Game of Radar Network for Multitarget Tracking via Model-Based Multiagent Reinforcement Learning}, 
  year={2023},
  volume={59},
  number={3},
  pages={2123-2140},
  keywords={Radar tracking;Radar;Task analysis;Target tracking;Games;Optimization;Behavioral sciences;Coalition game;multiagent cooperative tracking;radar network;random Fourier features (RFFs) approximation;reinforcement learning;task assignment},
  doi={10.1109/TAES.2022.3208865}}

