@ARTICLE{cell-free,  
author={Ngo, Hien Quoc and Ashikhmin, Alexei and Yang, Hong and Larsson, Erik G. and Marzetta, Thomas L.},
journal={IEEE Transactions on Wireless Communications},   title={Cell-Free Massive {MIMO} Versus Small Cells},
year={2017},
volume={16},
number={3}, 
pages={1834-1850},
doi={10.1109/TWC.2017.2655515}
}




@ARTICLE{IRS,
author={Wu, Qingqing and Zhang, Rui},
journal={IEEE Communications Magazine},
title={Towards Smart and Reconfigurable Environment: Intelligent Reflecting Surface Aided Wireless Network},
year={2020},
volume={58},
number={1},
pages={106-112},
doi={10.1109/MCOM.001.1900107}
}
@ARTICLE{panchunhua,
author={Pan, Cunhua and Ren, Hong and Wang, Kezhi and Xu, Wei and Elkashlan, Maged and Nallanathan, Arumugam and Hanzo, Lajos},  journal={IEEE Transactions on Wireless Communications},   title={Multicell {MIMO} Communications Relying on Intelligent Reflecting Surfaces},
year={2020},
volume={19},
number={8},
pages={5218-5233},
doi={10.1109/TWC.2020.2990766}
}

@article{WSR1,
  title={Weighted Sum-Rate Maximization for Reconfigurable Intelligent Surface Aided Wireless Networks},
  author={ Guo, H.  and  Liang, Y. C.  and  Chen, J.  and  Larsson, E. G. },
  journal={IEEE Transactions on Wireless Communications},
  volume={19},
  number={5},
  pages={3064-3076},
  year={2020},
}
@ARTICLE{WSR2,
author={Zhang, Zijian and Dai, Linglong},
journal={IEEE Transactions on Signal Processing},
title={A Joint Precoding Framework for Wideband Reconfigurable Intelligent Surface-Aided Cell-Free Network},
year={2021},
volume={69},
number={},
pages={4085-4101},
doi={10.1109/TSP.2021.3088755}
}
@INPROCEEDINGS{SCA,
author={Yu, Xianghao and Xu, Dongfang and Ng, Derrick Wing Kwan and Schober, Robert},
booktitle={GLOBECOM 2020 - 2020 IEEE Global Communications Conference},
title={Power-Efficient Resource Allocation for Multiuser {MISO} Systems via Intelligent Reflecting Surfaces},
year={2020},
volume={},
number={},
pages={1-6},
doi={10.1109/GLOBECOM42002.2020.9348054}
}
@ARTICLE{ADMM,
author={Huang, Shaocheng and Ye, Yu and Xiao, Ming and Poor, H. Vincent and Skoglund, Mikael},
journal={IEEE Wireless Communications Letters},
title={Decentralized Beamforming Design for Intelligent Reflecting Surface-Enhanced Cell-Free Networks},
year={2021},
volume={10},
number={3},
pages={673-677},
doi={10.1109/LWC.2020.3045884}
}
@ARTICLE{WMMSE,
author={Shi, Qingjiang and Razaviyayn, Meisam and Luo, Zhi-Quan and He, Chen},
journal={IEEE Transactions on Signal Processing},
title={An Iteratively Weighted MMSE Approach to Distributed Sum-Utility Maximization for a {MIMO} Interfering Broadcast Channel}, 
year={2011}, 
volume={59}, 
number={9},  
pages={4331-4340},
doi={10.1109/TSP.2011.2147784}
}
@ARTICLE{elementBCD,
author={Shi, Qingjiang and Hong, Mingyi},
journal={IEEE Journal of Selected Topics in Signal Processing},   title={Spectral Efficiency Optimization For Millimeter Wave Multiuser {MIMO} Systems},
year={2018},
volume={12},
number={3}, 
pages={455-468},
doi={10.1109/JSTSP.2018.2824246}
}
@ARTICLE{MMoverview, 
author={Sun, Ying and Babu, Prabhu and Palomar, Daniel P.}, 
journal={IEEE Transactions on Signal Processing},   title={Majorization-Minimization Algorithms in Signal Processing, Communications, and Machine Learning},   year={2017},  volume={65},  number={3},  pages={794-816},  doi={10.1109/TSP.2016.2601299}}
@ARTICLE{upperboundMM,
author={Song, Junxiao and Babu, Prabhu and Palomar, Daniel P.},  journal={IEEE Transactions on Signal Processing},   title={Optimization Methods for Designing Sequences With Low Autocorrelation Sidelobes},
year={2015}, 
volume={63}, 
number={15}, 
pages={3998-4009},
doi={10.1109/TSP.2015.2425808}
}
@ARTICLE{FP1,
author={Shen, Kaiming and Yu, Wei}, 
journal={IEEE Transactions on Signal Processing},   title={Fractional Programming for Communication Systems—Part I: Power Control and Beamforming},
year={2018}, 
volume={66}, 
number={10},
pages={2616-2630},
doi={10.1109/TSP.2018.2812733}
}
@ARTICLE{FP2, 
author={Shen, Kaiming and Yu, Wei},
journal={IEEE Transactions on Signal Processing},   title={Fractional Programming for Communication Systems—Part II: Uplink Scheduling via Matching}, 
year={2018}, 
volume={66}, 
number={10},
pages={2631-2644}, 
doi={10.1109/TSP.2018.2812748}
}

@ARTICLE{SOCP,
author={Wu, Qingqing and Zhang, Rui},
journal={IEEE Transactions on Wireless Communications}, 
title={Intelligent Reflecting Surface Enhanced Wireless Network via Joint Active and Passive Beamforming}, 
year={2019}, 
volume={18}, 
number={11},
pages={5394-5409},
doi={10.1109/TWC.2019.2936025}
}

@ARTICLE{IRS2,
author={Han, Yu and Tang, Wankai and Jin, Shi and Wen, Chao-Kai and Ma, Xiaoli},
journal={IEEE Transactions on Vehicular Technology},   title={Large Intelligent Surface-Assisted Wireless Communication Exploiting Statistical {CSI}},
year={2019}, 
volume={68}, 
number={8},
pages={8238-8242},
doi={10.1109/TVT.2019.2923997}
}

@ARTICLE{IRS3,
author={Tang, Wankai and Chen, Ming Zheng and Chen, Xiangyu and Dai, Jun Yan and Han, Yu and Di Renzo, Marco and Zeng, Yong and Jin, Shi and Cheng, Qiang and Cui, Tie Jun},
journal={IEEE Transactions on Wireless Communications},   title={Wireless Communications With Reconfigurable Intelligent Surface: Path Loss Modeling and Experimental Measurement}, 
year={2021},
volume={20},
number={1}, 
pages={421-439},
doi={10.1109/TWC.2020.3024887}
}

@ARTICLE{channel-estimate,  author={Wu, Qingqing and Zhang, Shuowen and Zheng, Beixiong and You, Changsheng and Zhang, Rui},  journal={IEEE Transactions on Communications},   title={Intelligent Reflecting Surface-Aided Wireless Communications: A Tutorial},   year={2021},  volume={69},  number={5},  pages={3313-3351},  doi={10.1109/TCOMM.2021.3051897}}

@ARTICLE{FP1,
author={Shen, Kaiming and Yu, Wei}, 
journal={IEEE Transactions on Signal Processing},   title={Fractional Programming for Communication Systems—Part I: Power Control and Beamforming},
year={2018}, 
volume={66}, 
number={10},
pages={2616-2630},
doi={10.1109/TSP.2018.2812733}
}
@ARTICLE{FP2, 
author={Shen, Kaiming and Yu, Wei},
journal={IEEE Transactions on Signal Processing},   title={Fractional Programming for Communication Systems—Part II: Uplink Scheduling via Matching}, 
year={2018}, 
volume={66}, 
number={10},
pages={2631-2644}, 
doi={10.1109/TSP.2018.2812748}
}
@article{CVX,
  title={CVX : Matlab software for disciplined convex programming},
  author={ Cvx, I. },
  journal={http://cvxr.com/cvx},
  year={2011},
}
@article{SDR1,
  title={Intelligent Reflecting Surface Enhanced Wireless Network via Joint Active and Passive Beamforming},
  author={ Wu, Q.  and  Zhang, R. },
  journal={IEEE Transactions on Wireless Communications},
  volume={PP},
  number={99},
  pages={1-1},
  year={2019},
}
@ARTICLE{SDR2,
  title={Intelligent Reflecting Surface Enhanced Wireless Network: Joint Active and Passive Beamforming Design},
  author={ Wu, Q.  and  Zhang, R. },
  year={2018},
}
@article{SDR3,
  title={On Approximating Complex Quadratic Optimization Problems Via Semidefinite Programming Relaxations},
  author={ So, M. C.  and  Zhang, J.  and  Ye, Y. },
  journal={Mathematical Programming},
  volume={110},
  number={1},
  pages={93-110},
  year={2007},
}
@article{SDR4,
  title={Semidefinite Relaxation of Quadratic Optimization Problems},
  author={ Luo, Z. Q.  and  Ma, W. K.  and  So, M. C.  and  Ye, Y.  and  Zhang, S. },
  journal={IEEE Signal Processing Magazine},
  volume={27},
  number={3},
  pages={20-34},
  year={2010},
}
@book{ga,
  title={Genetic Algorithm in Search, Optimization, and Machine Learning},
  author={ Goldberg, D. E. },
  publisher={Genetic Algorithms in Search Optimization and Machine Learning},
  year={1989},
}


@ARTICLE{MRT,
  author={Lo, T.K.Y.},
  journal={IEEE Transactions on Communications}, 
  title={Maximum ratio transmission}, 
  year={1999},
  volume={47},
  number={10},
  pages={1458-1461},
  doi={10.1109/26.795811}}

@article{wqq1,
  title={Intelligent Reflecting Surface Aided Wireless Communications: A Tutorial},
  author={ Wu, Q.  and  Zhang, S.  and  Zheng, B.  and  You, C.  and  Zhang, R. },
  year={2020},
}
@article{wqq2,
  title={Towards Smart and Reconfigurable Environment: Intelligent Reflecting Surface Aided Wireless Network},
  author={ Wu, Q.  and  Zhang, R. },
  journal={IEEE},
  number={1},
  year={2020},
}
@ARTICLE{PCHoverview,
  author={Pan, Cunhua and Zhou, Gui and Zhi, Kangda and Hong, Sheng and Wu, Tuo and Pan, Yijin and Ren, Hong and Renzo, Marco Di and Lee Swindlehurst, A. and Zhang, Rui and Zhang, Angela Yingjun},
  journal={IEEE Journal of Selected Topics in Signal Processing}, 
  title={An Overview of Signal Processing Techniques for {RIS/IRS}-Aided Wireless Systems}, 
  year={2022},
  volume={16},
  number={5},
  pages={883-917},
  doi={10.1109/JSTSP.2022.3195671}}
 @ARTICLE{SOCP,
author={Wu, Qingqing and Zhang, Rui},
journal={IEEE Transactions on Wireless Communications}, 
title={Intelligent Reflecting Surface Enhanced Wireless Network via Joint Active and Passive Beamforming}, 
year={2019}, 
volume={18}, 
number={11},
pages={5394-5409},
doi={10.1109/TWC.2019.2936025}
}
@article{IRSoverview4,
  title={Wireless Energy Transfer in {RIS}-Aided Cell-Free Massive {MIMO} Systems: Opportunities and Challenges},
  author={ Shi, E.  and  Zhang, J.  and  Chen, S.  and  Zheng, J.  and  Zhang, Y.  and  Ng, Dwk  and  Ai, B. },
  year={2022},
}
@ARTICLE{cell-free,  
author={Ngo, Hien Quoc and Ashikhmin, Alexei and Yang, Hong and Larsson, Erik G. and Marzetta, Thomas L.},
journal={IEEE Transactions on Wireless Communications},   title={Cell-Free Massive {MIMO} Versus Small Cells},
year={2017},
volume={16},
number={3}, 
pages={1834-1850},
doi={10.1109/TWC.2017.2655515}
}
@article{IRS_cell-free,
  title={Reconfigurable Intelligent Surface Aided Cell-Free {MIMO} Communications},
  author={ Zhang, Y.  and  Di, B.  and  Zhang, H.  and  Lin, J.  and  Song, L. },
  pages={1-1},
  year={2020},
}

@ARTICLE{ADMM,
author={Huang, Shaocheng and Ye, Yu and Xiao, Ming and Poor, H. Vincent and Skoglund, Mikael},
journal={IEEE Wireless Communications Letters},
title={Decentralized Beamforming Design for Intelligent Reflecting Surface-Enhanced Cell-Free Networks},
year={2021},
volume={10},
number={3},
pages={673-677},
doi={10.1109/LWC.2020.3045884}
}

@ARTICLE{easy-location,
  author={Huang, Wei and Ding, Wenqi and Kai, Caihong and Yi, Yibo and Huang, Yongming},
  journal={IEEE Transactions on Communications}, 
  title={Joint Placement and Beamforming Design for {IRS}-Enhanced Multiuser {MISO} Systems}, 
  year={2022},
  volume={70},
  number={10},
  pages={6678-6692},
  doi={10.1109/TCOMM.2022.3197625}
  }

  @article{discrete-phase,
  title={Reconfigurable Intelligent Surface Aided Cell-Free {MIMO} Communications},
  author={ Zhang, Y.  and  Di, B.  and  Zhang, H.  and  Lin, J.  and  Song, L. },
  pages={1-1},
  year={2020},
}

@article{cell-free-IRS,
  title={A Joint Precoding Framework for Wideband Reconfigurable Intelligent Surface-Aided Cell-Free Network},
  author={ Zhang, Z.  and  Dai, L. },
  year={2020},
}

@ARTICLE{distributed,
author={Huang, Shaocheng and Ye, Yu and Xiao, Ming and Poor, H. Vincent and Skoglund, Mikael},
journal={IEEE Wireless Communications Letters},
title={Decentralized Beamforming Design for Intelligent Reflecting Surface-Enhanced Cell-Free Networks},
year={2021},
volume={10},
number={3},
pages={673-677},
doi={10.1109/LWC.2020.3045884}
}

@article{WSR-location,
  author={Ge, Linghui and Zhang, Hua and Wang, Jun–Bo},
  booktitle={2021 IEEE Global Communications Conference (GLOBECOM)}, 
  title={Joint Placement and Beamforming Design in Multi-{UAV}-{IRS} Assisted Multiuser Communication}, 
  year={2021},
  volume={},
  number={},
  pages={01-06},
  doi={10.1109/GLOBECOM46510.2021.9685505}}

  @article{max-min1,
  title={Max-Min Fairness in {IRS}-Aided {MISO} Broadcast Channel via Joint Transmit and Reflective Beamforming},
  author={ Kai, C.  and  Ding, W.  and  Huang, W. },
  booktitle={GLOBECOM 2020 - 2020 IEEE Global Communications Conference},
  year={2020},
}

@ARTICLE{max-min2,
  title={Max-Min Fairness in {IRS}-Aided Multi-Cell {MISO} Systems with Joint Transmit and Reflective Beamforming},
  author={ Xie, H.  and  Xu, J.  and  Liu, Y. F. },
  publisher={IEEE},
  year={2020},
}

@ARTICLE{max-min3,
  author={Shabir, Muhammad Wasif and Nguyen, Tu N. and Mirza, Jawad and Ali, Bakhtiar and Javed, Muhammad Awais},
  journal={IEEE Transactions on Intelligent Transportation Systems}, 
  title={Transmit and Reflect Beamforming for Max-Min SINR in {IRS}-Aided {MIMO} Vehicular Networks}, 
  year={2023},
  volume={24},
  number={1},
  pages={1099-1105},
  doi={10.1109/TITS.2022.3151135}}

%调研部分
%wkw

@article{name1,
  title={A Programmable Wireless World With Reconfigurable Intelligent Surfaces},
  author={Emil Björnson},
  year={July. 2020},
  url={https://www.youtube.com/watch?v=9cBn5piI9Ms}
}


@ARTICLE{name2,
  author={Wu, Qingqing and Zhang, Rui},
  journal={IEEE Communications Magazine}, 
  title={Towards Smart and Reconfigurable Environment: Intelligent Reflecting Surface Aided Wireless Network}, 
  year={2020},
  volume={58},
  number={1},
  pages={106-112},
  doi={10.1109/MCOM.001.1900107}}

  
@ARTICLE{name3,
  author={Papazafeiropoulos, Anastasios and Kourtessis, Pandelis and Renzo, Marco Di and Chatzinotas, Symeon and Senior, John M.},
  journal={IEEE Transactions on Vehicular Technology}, 
  title={Performance Analysis of Cell-Free Massive {MIMO} Systems: A Stochastic Geometry Approach}, 
  year={2020},
  volume={69},
  number={4},
  pages={3523-3537},
  doi={10.1109/TVT.2020.2970018}}


@ARTICLE{name4,
  author={Adhikary, Ansuman and Nam, Junyoung and Ahn, Jae-Young and Caire, Giuseppe},
  journal={IEEE Transactions on Information Theory}, 
  title={Joint Spatial Division and Multiplexing—The Large-Scale Array Regime}, 
  year={2013},
  volume={59},
  number={10},
  pages={6441-6463},
  doi={10.1109/TIT.2013.2269476}}


@ARTICLE{name5,
  author={Mosleh, Susanna and Almosa, Hayder and Perrins, Erik and Liu, Lingiia},
  booktitle={2019 International Conference on Computing, Networking and Communications (ICNC)}, 
  title={Downlink Resource Allocation in Cell-Free Massive {MIMO} Systems}, 
  year={2019},
  volume={},
  number={},
  pages={883-887},
  doi={10.1109/ICCNC.2019.8685542}}


@ARTICLE{name6,
  author={Zhou, Tao and Xu, Kui and Xia, Xiaochen and Xie, Wei and Xu, Jianhui},
  journal={IEEE Access}, 
  title={Achievable Rate Optimization for Aerial Intelligent Reflecting Surface-Aided Cell-Free Massive {MIMO} System}, 
  year={2021},
  volume={9},
  number={},
  pages={3828-3837},
  doi={10.1109/ACCESS.2020.3047450}}


@ARTICLE{name7,
  author={Khalily, Mohsen and Yurduseven, Okan and Cui, Tie Jun and Hao, Yang and Eleftheriades, George V.},
  journal={IEEE Communications Magazine}, 
  title={Engineered Electromagnetic Metasurfaces in Wireless Communications: Applications, Research Frontiers and Future Directions}, 
  year={2022},
  volume={60},
  number={10},
  pages={88-94},
  doi={10.1109/MCOM.004.2200052}}


@ARTICLE{name8,
  author={Wu, Qingqing and Zhang, Rui},
  booktitle={2018 IEEE Global Communications Conference (GLOBECOM)}, 
  title={Intelligent Reflecting Surface Enhanced Wireless Network: Joint Active and Passive Beamforming Design}, 
  year={2018},
  volume={},
  number={},
  pages={1-6},
  doi={10.1109/GLOCOM.2018.8647620}}


@ARTICLE{name9,
  author={Wu, Qingqing and Zhang, Rui},
  journal={IEEE Transactions on Wireless Communications}, 
  title={Intelligent Reflecting Surface Enhanced Wireless Network via Joint Active and Passive Beamforming}, 
  year={2019},
  volume={18},
  number={11},
  pages={5394-5409},
  doi={10.1109/TWC.2019.2936025}}



@ARTICLE{name10,
  author={Yu, Xianghao and Xu, Dongfang and Ng, Derrick Wing Kwan and Schober, Robert},
  booktitle={GLOBECOM 2020 - 2020 IEEE Global Communications Conference}, 
  title={Power-Efficient Resource Allocation for Multiuser {MISO} Systems via Intelligent Reflecting Surfaces}, 
  year={2020},
  volume={},
  number={},
  pages={1-6},
  doi={10.1109/GLOBECOM42002.2020.9348054}}



@ARTICLE{name11,
  author={Zamanian, S. Fatemeh and Razavizadeh, S. Mohammad and Wu, Qingqing},
  journal={IEEE Wireless Communications Letters}, 
  title={Vertical Beamforming in Intelligent Reflecting Surface-Aided Cognitive Radio Networks}, 
  year={2021},
  volume={10},
  number={9},
  pages={1919-1923},
  doi={10.1109/LWC.2021.3086309}}


@ARTICLE{name12,
  author={Zhou, Gui and Pan, Cunhua and Ren, Hong and Wang, Kezhi and Renzo, Marco Di and Nallanathan, Arumugam},
  journal={IEEE Wireless Communications Letters}, 
  title={Robust Beamforming Design for Intelligent Reflecting Surface Aided {MISO} Communication Systems}, 
  year={2020},
  volume={9},
  number={10},
  pages={1658-1662},
  doi={10.1109/LWC.2020.3000490}}


@ARTICLE{name13,
  author={Hong, Sheng and Pan, Cunhua and Ren, Hong and Wang, Kezhi and Chai, Kok Keong and Nallanathan, Arumugam},
  journal={IEEE Transactions on Wireless Communications}, 
  title={Robust Transmission Design for Intelligent Reflecting Surface-Aided Secure Communication Systems With Imperfect Cascaded {CSI}}, 
  year={2021},
  volume={20},
  number={4},
  pages={2487-2501},
  doi={10.1109/TWC.2020.3042828}}


@ARTICLE{name14,
  author={Yu, Xianghao and Xu, Dongfang and Ng, Derrick Wing Kwan and Schober, Robert},
  booktitle={GLOBECOM 2020 - 2020 IEEE Global Communications Conference}, 
  title={Power-Efficient Resource Allocation for Multiuser {MISO} Systems via Intelligent Reflecting Surfaces}, 
  year={2020},
  volume={},
  number={},
  pages={1-6},
  doi={10.1109/GLOBECOM42002.2020.9348054}}



@ARTICLE{name15,
  author={Yang, Helin and Xiong, Zehui and Zhao, Jun and Niyato, Dusit and Xiao, Liang and Wu, Qingqing},
  journal={IEEE Transactions on Wireless Communications}, 
  title={Deep Reinforcement Learning-Based Intelligent Reflecting Surface for Secure Wireless Communications}, 
  year={2021},
  volume={20},
  number={1},
  pages={375-388},
  doi={10.1109/TWC.2020.3024860}}


@ARTICLE{name16,
  author={Nguyen, Tu V. and Nguyen, Diep N. and Renzo, Marco Di and Zhang, Rui},
  journal={IEEE Transactions on Wireless Communications}, 
  title={Leveraging Secondary Reflections and Mitigating Interference in Multi-{IRS/RIS} Aided Wireless Networks}, 
  year={2023},
  volume={22},
  number={1},
  pages={502-517},
  doi={10.1109/TWC.2022.3195683}}


@ARTICLE{name17,
  author={Guo, Huayan and Liang, Ying-Chang and Chen, Jie and Larsson, Erik G.},
  journal={IEEE Transactions on Wireless Communications}, 
  title={Weighted Sum-Rate Maximization for Reconfigurable Intelligent Surface Aided Wireless Networks}, 
  year={2020},
  volume={19},
  number={5},
  pages={3064-3076},
  doi={10.1109/TWC.2020.2970061}}


@ARTICLE{name18,
  author={Huang, Shaocheng and Ye, Yu and Xiao, Ming and Poor, H. Vincent and Skoglund, Mikael},
  journal={IEEE Wireless Communications Letters}, 
  title={Decentralized Beamforming Design for Intelligent Reflecting Surface-Enhanced Cell-Free Networks}, 
  year={2021},
  volume={10},
  number={3},
  pages={673-677},
  doi={10.1109/LWC.2020.3045884}}


@ARTICLE{name19,
  author={Zhou, Tao and Xu, Kui and Xia, Xiaochen and Xie, Wei and Xu, Jianhui},
  journal={IEEE Access}, 
  title={Achievable Rate Optimization for Aerial Intelligent Reflecting Surface-Aided Cell-Free Massive {MIMO} System}, 
  year={2021},
  volume={9},
  number={},
  pages={3828-3837},
  doi={10.1109/ACCESS.2020.3047450}}


%lhx

@ARTICLE{c1,
  author={Jensen, Tobias Lindstrøm and De Carvalho, Elisabeth},
  booktitle={ICASSP 2020 - 2020 IEEE International Conference on Acoustics, Speech and Signal Processing (ICASSP)}, 
  title={An Optimal Channel Estimation Scheme for Intelligent Reflecting Surfaces Based on a Minimum Variance Unbiased Estimator}, 
  year={2020},
  volume={},
  number={},
  pages={5000-5004},
  doi={10.1109/ICASSP40776.2020.9053695}}

@ARTICLE{c2,
  author={Wang, Zhaorui and Liu, Liang and Cui, Shuguang},
  journal={IEEE Transactions on Wireless Communications}, 
  title={Channel Estimation for Intelligent Reflecting Surface Assisted Multiuser Communications: Framework, Algorithms, and Analysis}, 
  year={2020},
  volume={19},
  number={10},
  pages={6607-6620},
  doi={10.1109/TWC.2020.3004330}}

@ARTICLE{c3,
  author={Zhou, Zhengyi and Ge, Ning and Wang, Zhaocheng and Hanzo, Lajos},
  journal={IEEE Transactions on Communications}, 
  title={Joint Transmit Precoding and Reconfigurable Intelligent Surface Phase Adjustment: A Decomposition-Aided Channel Estimation Approach}, 
  year={2021},
  volume={69},
  number={2},
  pages={1228-1243},
  doi={10.1109/TCOMM.2020.3034259}}

@ARTICLE{c4,
  author={An, Jiancheng and Xu, Chao and Gan, Lu and Hanzo, Lajos},
  journal={IEEE Transactions on Communications}, 
  title={Low-Complexity Channel Estimation and Passive Beamforming for {RIS}-Assisted {MIMO} Systems Relying on Discrete Phase Shifts}, 
  year={2022},
  volume={70},
  number={2},
  pages={1245-1260},
  doi={10.1109/TCOMM.2021.3127924}}

@ARTICLE{c5,
  author={Zheng, Beixiong and Zhang, Rui},
  journal={IEEE Wireless Communications Letters}, 
  title={Intelligent Reflecting Surface-Enhanced {OFDM}: Channel Estimation and Reflection Optimization}, 
  year={2020},
  volume={9},
  number={4},
  pages={518-522},
  doi={10.1109/LWC.2019.2961357}}

@ARTICLE{c6,
  author={Xu, Meng and Zhang, Shun and Ma, Jianpeng and Dobre, Octavia A.},
  journal={IEEE Communications Letters}, 
  title={Deep Learning-Based Time-Varying Channel Estimation for {RIS} Assisted Communication}, 
  year={2022},
  volume={26},
  number={1},
  pages={94-98},
  doi={10.1109/LCOMM.2021.3127160}}

@ARTICLE{c7,
  author={Liu, Chang and Liu, Xuemeng and Kwan Ng, Derrick Wing and Yuan, Jinhong},
  booktitle={ICC 2021 - IEEE International Conference on Communications}, 
  title={Deep Residual Network Empowered Channel Estimation for {IRS}-Assisted Multi-User Communication Systems}, 
  year={2021},
  volume={},
  number={},
  pages={1-7},
  doi={10.1109/ICC42927.2021.9500708}}

@ARTICLE{c8,
  author={Elbir, Ahmet M. and Papazafeiropoulos, Anastasios and Kourtessis, Pandelis and Chatzinotas, Symeon},
  journal={IEEE Wireless Communications Letters}, 
  title={Deep Channel Learning for Large Intelligent Surfaces Aided mm-Wave Massive {MIMO} Systems}, 
  year={2020},
  volume={9},
  number={9},
  pages={1447-1451},
  doi={10.1109/LWC.2020.2993699}}

@ARTICLE{c9,
  author={Wei, Li and Huang, Chongwen and Alexandropoulos, George C. and Yuen, Chau and Zhang, Zhaoyang and Debbah, Mérouane},
  journal={IEEE Transactions on Communications}, 
  title={Channel Estimation for {RIS}-Empowered Multi-User {MISO} Wireless Communications}, 
  year={2021},
  volume={69},
  number={6},
  pages={4144-4157},
  doi={10.1109/TCOMM.2021.3063236}}

@ARTICLE{c10,
  author={Zhang, Wei and Tay, Wee Peng},
  journal={IEEE Wireless Communications Letters}, 
  title={Cost-Efficient {RIS}-Aided Channel Estimation via Rank-One Matrix Factorization}, 
  year={2021},
  volume={10},
  number={11},
  pages={2562-2566},
  doi={10.1109/LWC.2021.3107547}}

@ARTICLE{c11,
  author={Hu, Jiangfeng and Yin, Haifan and Björnson, Emil},
  booktitle={2021 IEEE Global Communications Conference (GLOBECOM)}, 
  title={MmWave {MIMO} Communication with Semi-Passive {RIS}: A Low-Complexity Channel Estimation Scheme}, 
  year={2021},
  volume={},
  number={},
  pages={01-06},
  doi={10.1109/GLOBECOM46510.2021.9685434}}

@ARTICLE{c12,
  author={Jin, Yu and Zhang, Jiayi and Zhang, Xiaodan and Xiao, Huahua and Ai, Bo and Ng, Derrick Wing Kwan},
  journal={IEEE Transactions on Vehicular Technology}, 
  title={Channel Estimation for Semi-Passive Reconfigurable Intelligent Surfaces With Enhanced Deep Residual Networks}, 
  year={2021},
  volume={70},
  number={10},
  pages={11083-11088},
  doi={10.1109/TVT.2021.3109937}}

@ARTICLE{c13,
  author={Liu, Yushan and Zhang, Shun and Gao, Feifei and Tang, Jie and Dobre, Octavia A.},
  journal={IEEE Wireless Communications Letters}, 
  title={Cascaded Channel Estimation for {RIS} Assisted mmWave {MIMO} Transmissions}, 
  year={2021},
  volume={10},
  number={9},
  pages={2065-2069},
  doi={10.1109/LWC.2021.3092147}}

@ARTICLE{c14,
  author={Hu, Chen and Dai, Linglong and Han, Shuangfeng and Wang, Xiaoyun},
  journal={IEEE Transactions on Communications}, 
  title={Two-Timescale Channel Estimation for Reconfigurable Intelligent Surface Aided Wireless Communications}, 
  year={2021},
  volume={69},
  number={11},
  pages={7736-7747},
  doi={10.1109/TCOMM.2021.3072729}}

@ARTICLE{c15,
  author={Zhang, Jinming and Qi, Chenhao and Li, Ping and Lu, Ping},
  booktitle={2020 IEEE 21st International Workshop on Signal Processing Advances in Wireless Communications (SPAWC)}, 
  title={Channel Estimation for Reconfigurable Intelligent Surface Aided Massive {MIMO} System}, 
  year={2020},
  volume={},
  number={},
  pages={1-5},
  doi={10.1109/SPAWC48557.2020.9154276}}

  @ARTICLE{boyd,
  author={Boyd, Stephen, and Lieven Vandenberghe},
  booktitle={Cambridge university press}, 
  title={Convex optimization}, 
  year={2004},
  volume={},
  number={},
  pages={},
  doi={}
  }

  @ARTICLE{SDRcomplexity,
  author={Luo, Zhi-Quan and Ma, Wing-Kin and So, Anthony Man-Cho and Ye, Yinyu and Zhang, Shuzhong},
  journal={IEEE Signal Processing Magazine}, 
  title={Semidefinite Relaxation of Quadratic Optimization Problems}, 
  year={2010},
  volume={27},
  number={3},
  pages={20-34},
  doi={10.1109/MSP.2010.936019}}


@ARTICLE{EE-1,
  author={Li, Jing and Li, Xin and Bi, Yanjun and Ma, Jian},
  journal={IEEE Transactions on Cognitive Communications and Networking}, 
  title={Energy-Efficient Joint Resource Allocation With Reconfigurable Intelligent Surfaces in Symbiotic Radio Networks}, 
  year={2022},
  volume={8},
  number={4},
  pages={1816-1827},
  doi={10.1109/TCCN.2022.3188986}}

@INPROCEEDINGS{EE-2,
  author={Quispe, Jaime J. L. and Maciel, Tarcisio F. and Silva, Yuri C. B. and Klein, Anja},
  booktitle={2021 IEEE Globecom Workshops (GC Wkshps)}, 
  title={Joint Beamforming and BS Selection for Energy-Efficient Communications via Aerial-{RIS}}, 
  year={2021},
  volume={},
  number={},
  pages={1-6},
  doi={10.1109/GCWkshps52748.2021.9681981}}


@ARTICLE{WSR-cite-1,
  author={Saeidi, Mohammad Amin and Emadi, Mohammad Javad and Masoumi, Hamed and Mili, Mohammad Robat and Ng, Derrick Wing Kwan and Krikidis, Ioannis},
  journal={IEEE Transactions on Cognitive Communications and Networking}, 
  title={Weighted Sum-Rate Maximization for Multi-{IRS}-Assisted Full-Duplex Systems With Hardware Impairments}, 
  year={2021},
  volume={7},
  number={2},
  pages={466-481},
  doi={10.1109/TCCN.2021.3070587}}

@ARTICLE{WSR-cite-2,
  author={Gan, Xu and Zhong, Caijun and Huang, Chongwen and Yang, Zhaohui and Zhang, Zhaoyang},
  journal={IEEE Transactions on Communications}, 
  title={Multiple {RISs} Assisted Cell-Free Networks With Two-Timescale {CSI}: Performance Analysis and System Design}, 
  year={2022},
  volume={70},
  number={11},
  pages={7696-7710},
  doi={10.1109/TCOMM.2022.3208629}}

@INPROCEEDINGS{WSR-cite-3,
  author={Hu, Huazhi and Xu, Kui and Xie, Wei and Xia, Xiaochen and Wang, Meng},
  booktitle={2021 IEEE 21st International Conference on Communication Technology (ICCT)}, 
  title={Multi-Intelligent Reflecting Surface Assisted Cell-free Massive {MIMO} Downlink Transmission}, 
  year={2021},
  volume={},
  number={},
  pages={531-537},
  doi={10.1109/ICCT52962.2021.9657869}}

@ARTICLE{cell-free-cite-1,
  author={Noh, Taegyun and Choi, Junil},
  journal={IEEE Communications Letters}, 
  title={Cell-Free {MIMO} Systems Powered by Intelligent Reflecting Surfaces}, 
  year={2022},
  volume={26},
  number={5},
  pages={1076-1080},
  doi={10.1109/LCOMM.2022.3152616}}
  
@ARTICLE{cell-free-cite-2,
  author={Zhang, Zijian and Dai, Linglong},
  journal={IEEE Transactions on Signal Processing}, 
  title={A Joint Precoding Framework for Wideband Reconfigurable Intelligent Surface-Aided Cell-Free Network}, 
  year={2021},
  volume={69},
  number={},
  pages={4085-4101},
  doi={10.1109/TSP.2021.3088755}}
  
@ARTICLE{cell-free-MIMO-cite,
  author={Zhang, Yutong and Di, Boya and Zhang, Hongliang and Lin, Jinlong and Xu, Chenren and Zhang, Daqing and Li, Yonghui and Song, Lingyang},
  journal={IEEE Transactions on Cognitive Communications and Networking}, 
  title={Beyond Cell-Free {MIMO}: Energy Efficient Reconfigurable Intelligent Surface Aided Cell-Free {MIMO} Communications}, 
  year={2021},
  volume={7},
  number={2},
  pages={412-426},
  doi={10.1109/TCCN.2021.3058683}}

@ARTICLE{dead-zone,
  author={Sihlbom, Bjorn and Poulakis, Marios I. and Renzo, Marco Di},
  journal={IEEE Wireless Communications}, 
  title={Reconfigurable Intelligent Surfaces: Performance Assessment Through a System-Level Simulator}, 
  year={2022},
  volume={},
  number={},
  pages={1-10},
  doi={10.1109/MWC.015.2100668}}

@InProceedings{DeepMIMO,
author = {Alkhateeb, Ahmed},
year = {2019},
month = {02},
pages = {1-8},
title = {DeepMIMO: A Generic Deep Learning Dataset for Millimeter Wave and Massive MIMO Applications},
booktitle = {Proc. of Information Theory and Applications Workshop (ITA)},
doi = {10.48550/arXiv.1902.06435},
Address = {San Diego, CA}
}

@ARTICLE{DML,
  author={Dai, Linglong and Wei, Xiuhong},
  journal={IEEE Transactions on Communications}, 
  title={Distributed Machine Learning Based Downlink Channel Estimation for {RIS} Assisted Wireless Communications}, 
  year={2022},
  volume={70},
  number={7},
  pages={4900-4909},
  doi={10.1109/TCOMM.2022.3175175}}

@inproceedings{FL-model,
  title={Communication-Efficient Learning of Deep Networks from Decentralized Data},
  author={H. B. McMahan and Eider Moore and Daniel Ramage and Seth Hampson and Blaise Ag{\"u}era y Arcas},
  booktitle={International Conference on Artificial Intelligence and Statistics},
  year={2016},
}

@INPROCEEDINGS{MMSE,
  author={Mishra, Deepak and Johansson, Håkan},
  booktitle={IEEE International Conference on Acoustics, Speech and Signal Processing (ICASSP)}, 
  title={Channel Estimation and Low-complexity Beamforming Design for Passive Intelligent Surface Assisted {MISO} Wireless Energy Transfer}, 
  year={2019},
  volume={},
  number={},
  pages={4659-4663},
  keywords={Channel estimation;MISO communication;Protocols;Coherence;Energy exchange;Rician channels;Array signal processing;Wireless energy harvesting;passive beamforming;antenna array;channel estimation;least-squares;phase shifters},
  doi={10.1109/ICASSP.2019.8683663}}

@ARTICLE{MF,
  author={He, Zhen-Qing and Yuan, Xiaojun},
  journal={IEEE Wireless Communications Letters}, 
  title={Cascaded Channel Estimation for Large Intelligent Metasurface Assisted Massive {MIMO}}, 
  year={2020},
  volume={9},
  number={2},
  pages={210-214},
  doi={10.1109/LWC.2019.2948632}}
@ARTICLE{CS,
  author={Ardah, Khaled and Gherekhloo, Sepideh and de Almeida, André L. F. and Haardt, Martin},
  journal={IEEE Signal Processing Letters}, 
  title={TRICE: A Channel Estimation Framework for {RIS}-Aided Millimeter-Wave {MIMO} Systems}, 
  year={2021},
  volume={28},
  number={},
  pages={513-517},
  doi={10.1109/LSP.2021.3059363}}
@ARTICLE{DNN-1,
  author={Mashhadi, Mahdi Boloursaz and Gündüz, Deniz},
  journal={IEEE Transactions on Wireless Communications}, 
  title={Pruning the Pilots: Deep Learning-Based Pilot Design and Channel Estimation for {MIMO}-{OFDM} Systems}, 
  year={2021},
  volume={20},
  number={10},
  pages={6315-6328},
  doi={10.1109/TWC.2021.3073309}}
@ARTICLE{DNN-2,
  author={Yu, Jiadong and Liu, Xiaolan and Gao, Yue and Zhang, Chiya and Zhang, Wei},
  journal={IEEE Transactions on Wireless Communications}, 
  title={Deep Learning for Channel Tracking in {IRS}-Assisted {UAV} Communication Systems}, 
  year={2022},
  volume={21},
  number={9},
  pages={7711-7722},
  doi={10.1109/TWC.2022.3160517}}
@ARTICLE{DNN-3,
  author={Liu, Chang and Liu, Xuemeng and Ng, Derrick Wing Kwan and Yuan, Jinhong},
  journal={IEEE Transactions on Wireless Communications}, 
  title={Deep Residual Learning for Channel Estimation in Intelligent Reflecting Surface-Assisted Multi-User Communications}, 
  year={2022},
  volume={21},
  number={2},
  pages={898-912},
  doi={10.1109/TWC.2021.3100148}}

 @ARTICLE{ChannelModel,
  author={Pan, Cunhua and Ren, Hong and Wang, Kezhi and Xu, Wei and Elkashlan, Maged and Nallanathan, Arumugam and Hanzo, Lajos},
  journal={IEEE Transactions on Wireless Communications}, 
  title={Multicell {MIMO} Communications Relying on Intelligent Reflecting Surfaces}, 
  year={2020},
  volume={19},
  number={8},
  pages={5218-5233},
  doi={10.1109/TWC.2020.2990766}}

@ARTICLE{power-model,
  title={Reconfigurable Intelligent Surface: Power Consumption Modeling and Practical Measurement Validation},
  author={Wang, Jinghe and Tang, Wankai and Liang, Jing Cheng and Zhang, Lei and Dai, Jun Yan and Li, Xiao and Jin, Shi and Cheng, Qiang and Cui, Tie Jun},
  journal={arXiv preprint arXiv:2211.00323},
  year={2022}
}


@ARTICLE{Wireless_Systems,
  author={Boulogeorgos, Alexandros-Apostolos A. and Chatzidiamantis, Nestor D. and Sandalidis, Harilaos G. and Alexiou, Angeliki and Renzo, Marco Di},
  journal={IEEE Transactions on Vehicular Technology}, 
  title={Cascaded Composite Turbulence and Misalignment: Statistical Characterization and Applications to Reconfigurable Intelligent Surface-Empowered Wireless Systems}, 
  year={2022},
  volume={71},
  number={4},
  pages={3821-3836},
  keywords={Wireless communication;Adaptive optics;Wireless sensor networks;Optical diffraction;Metasurfaces;Integrated optics;Fading channels;Optical wireless communications;outage proba-bility;performance analysis;reconfigurable intelligent surfaces;statistical characterization;THz wireless communications},
  doi={10.1109/TVT.2021.3140084}}

@ARTICLE{IRS-concept,
  author={Dai, Linglong and Wang, Bichai and Wang, Min and Yang, Xue and Tan, Jingbo and Bi, Shuangkaisheng and Xu, Shenheng and Yang, Fan and Chen, Zhi and Renzo, Marco Di and Chae, Chan-Byoung and Hanzo, Lajos},
  journal={IEEE Access}, 
  title={Reconfigurable Intelligent Surface-Based Wireless Communications: Antenna Design, Prototyping, and Experimental Results}, 
  year={2020},
  volume={8},
  number={},
  pages={45913-45923},
  doi={10.1109/ACCESS.2020.2977772}}
@ARTICLE{shixiong,
  author={Wang, Kewei and Qi, Nan and Guan, Xin and Shi, Qingjiang and Xiao, Ming and Jin, Shi and Wong, Kai-Kit},
  journal={IEEE Systems Journal}, 
  title={Transmit/Passive Beamforming Design for Multi-{IRS} Assisted Cell-Free {MIMO} Networks}, 
  year={2023},
  volume={17},
  number={4},
  pages={6282-6291},
  doi={10.1109/JSYST.2023.3307556}}

@ARTICLE{Jamming,
  author={Tang, Xiao and Wang, Dawei and Zhang, Ruonan and Chu, Zheng and Han, Zhu},
  journal={IEEE Transactions on Vehicular Technology}, 
  title={Jamming Mitigation via Aerial Reconfigurable Intelligent Surface: Passive Beamforming and Deployment Optimization}, 
  year={2021},
  volume={70},
  number={6},
  pages={6232-6237},
  doi={10.1109/TVT.2021.3077662}}
@ARTICLE{efficiency,
  author={Wu, Xuewen and Ma, Jingxiao and Xing, Zhe and Gu, Chenwei and Xue, Xiaoping and Zeng, Xin},
  journal={IEEE Transactions on Cognitive Communications and Networking}, 
  title={Secure and Energy Efficient Transmission for {IRS}-Assisted Cognitive Radio Networks}, 
  year={2022},
  volume={8},
  number={1},
  pages={170-185},
  doi={10.1109/TCCN.2021.3114176}}



@ARTICLE{FL_Elbir,
  author={Elbir, Ahmet M. and Coleri, Sinem},
  journal={IEEE Transactions on Wireless Communications}, 
  title={Federated Learning for Channel Estimation in Conventional and {RIS}-Assisted Massive {MIMO}}, 
  year={2022},
  volume={21},
  number={6},
  pages={4255-4268},
  keywords={Channel estimation;Training;Data models;Computational modeling;Radio frequency;Massive MIMO;Wireless communication;Channel estimation;federated learning;machine learning;centralized learning;massive MIMO},
  doi={10.1109/TWC.2021.3128392}}

@INPROCEEDINGS{FL_Shen_Qin,
  author={Shen, Wenhan and Qin, Zhijin and Nallanathan, Arumugam},
  booktitle={2022 IEEE International Conference on Communications Workshops (ICC Workshops)}, 
  title={Federated Learning Enabled Channel Estimation for {RIS}-Aided Multi-User Wireless Systems}, 
  year={2022},
  volume={},
  number={},
  pages={812-817},
  keywords={Wireless communication;Training;Conferences;Simulation;Channel estimation;Training data;Data models;RIS;channel estimation;federated learning;multi-user;OFDM},
  doi={10.1109/ICCWorkshops53468.2022.9814694}}











%%%%%%%%%%%%%%%%%%%%%%%%%%%%%%%%%%%%%%%%%%%%%%%%%%%%%%%%%%%%%%%%%%%%%%%%%%%%%

@ARTICLE{Intro-IRS-1,
  author={Basar, Ertugrul and Di Renzo, Marco and De Rosny, Julien and Debbah, Merouane and Alouini, Mohamed-Slim and Zhang, Rui},
  journal={IEEE Access}, 
  title={Wireless Communications Through Reconfigurable Intelligent Surfaces}, 
  year={2019},
  volume={7},
  number={},
  pages={116753-116773},
  doi={10.1109/ACCESS.2019.2935192}}

@ARTICLE{Intro-IRS-2,
  author={Wu, Qingqing and Zhang, Rui},
  journal={IEEE Communications Magazine}, 
  title={Towards Smart and Reconfigurable Environment: Intelligent Reflecting Surface Aided Wireless Network}, 
  year={2020},
  volume={58},
  number={1},
  pages={106-112},
  doi={10.1109/MCOM.001.1900107}}

@ARTICLE{MISO-1,
  author={Wu, Qingqing and Zhang, Rui},
  journal={IEEE Transactions on Wireless Communications}, 
  title={Intelligent Reflecting Surface Enhanced Wireless Network via Joint Active and Passive Beamforming}, 
  year={2019},
  volume={18},
  number={11},
  pages={5394-5409},
  doi={10.1109/TWC.2019.2936025}}

 @ARTICLE{MISO-2,
  author={Hu, Shaokang and Wei, Zhiqiang and Cai, Yuanxin and Liu, Chang and Ng, Derrick Wing Kwan and Yuan, Jinhong},
  journal={IEEE Transactions on Communications}, 
  title={Robust and Secure Sum-Rate Maximization for Multiuser {MISO} Downlink Systems With Self-Sustainable {IRS}}, 
  year={2021},
  volume={69},
  number={10},
  pages={7032-7049},
  doi={10.1109/TCOMM.2021.3097140}}

@ARTICLE{Green,
  author={S. Dang, O. Amin, B. Shihada, and M.-S. Alouini},
  journal={IEEE Transactions on Communications}, 
  title={What should {6G} be?}, 
  year={2020},
  volume={3},
  number={1},
  pages={20-29},
  doi={}
}

@ARTICLE{Cell-free-1,
  author={Nayebi, Elina and Ashikhmin, Alexei and Marzetta, Thomas L. and Yang, Hong},
  booktitle={2015 49th Asilomar Conference on Signals, Systems and Computers}, 
  title={Cell-Free Massive {MIMO} systems}, 
  year={2015},
  volume={},
  number={},
  pages={695-699},
  doi={10.1109/ACSSC.2015.7421222}}

@ARTICLE{Cell-free-2,
  author={Shaik, Zakir Hussain and Björnson, Emil and Larsson, Erik G.},
  booktitle={2020 IEEE International Conference on Communications Workshops (ICC Workshops)}, 
  title={Cell-Free Massive {MIMO} with Radio Stripes and Sequential Uplink Processing}, 
  year={2020},
  volume={},
  number={},
  pages={1-6},
  doi={10.1109/ICCWorkshops49005.2020.9145164}}

@ARTICLE{cell-IRS-1,
  author={Galappaththige, Diluka Loku and Kudathanthirige, Dhanushka and Amarasuriya, Gayan},
  booktitle={2021 IEEE Global Communications Conference (GLOBECOM)}, 
  title={Performance Analysis of {IRS}-Assisted Cell-Free Communication}, 
  year={2021},
  volume={},
  number={},
  pages={1-6},
  doi={10.1109/GLOBECOM46510.2021.9685730}}

@ARTICLE{cell-IRS-2,
  author={Noh, Taegyun and Choi, Junil},
  journal={IEEE Communications Letters}, 
  title={Cell-Free {MIMO} Systems Powered by Intelligent Reflecting Surfaces}, 
  year={2022},
  volume={26},
  number={5},
  pages={1076-1080},
  doi={10.1109/LCOMM.2022.3152616}}

@ARTICLE{cell-IRS-3,
  author={Zhou, Tao and Xu, Kui and Xia, Xiaochen and Xie, Wei and Yang, Xiaoqin},
  journal={2020 IEEE 6th International Conference on Computer and Communications (ICCC)}, 
  title={Achievable Rate Maximization for Aerial Intelligent Reflecting Surface-aided Cell-free Massive {MIMO} System}, 
  year={2020},
  volume={},
  number={},
  pages={623-628},
  doi={10.1109/ICCC51575.2020.9344963}}

@ARTICLE{cell-IRS-4,
  author={Rafieifar, Anahid and Ahmadinejad, Hosein and Falahati, Abolfazl},
  journal={2022 30th International Conference on Electrical Engineering (ICEE)}, 
  title={{IRS}-aided {NOMA} in a Cell-free Massive {MIMO} System}, 
  year={2022},
  volume={},
  number={},
  pages={874-879},
  doi={10.1109/ICEE55646.2022.9827408}}


@Article{Cell-free-EE,
  title={Beyond cell-free {MIMO}: Energy efficient reconfigurable intelligent surface aided cell-free MIMO communications},
  author={Zhang, Yutong and Di, Boya and Zhang, Hongliang and Lin, Jinlong and Xu, Chenren and Zhang, Daqing and Li, Yonghui and Song, Lingyang},
  journal={IEEE Transactions on Cognitive Communications and Networking},
  volume={7},
  number={2},
  pages={412--426},
  year={2021},
  publisher={IEEE}
}

@Article{EE-Backscatter,
  title={Energy-efficient joint resource allocation with reconfigurable intelligent surfaces in symbiotic radio networks},
  author={Li, Jing and Li, Xin and Bi, Yanjun and Ma, Jian},
  journal={IEEE Transactions on Cognitive Communications and Networking},
  volume={8},
  number={4},
  pages={1816--1827},
  year={2022},
  publisher={IEEE}
}

@ARTICLE{EE-1,
  author={Weinberger, Kevin and Ahmad, Alaa Alameer and Sezgin, Aydin and Zappone, Alessio},
  journal={IEEE Transactions on Wireless Communications}, 
  title={Synergistic Benefits in {IRS}- and RS-Enabled C-RAN With Energy-Efficient Clustering}, 
  year={2022},
  volume={21},
  number={10},
  pages={8459-8475},
  doi={10.1109/TWC.2022.3166393}}

@ARTICLE{EE-2,
  author={Wu, Xuewen and Ma, Jingxiao and Xing, Zhe and Gu, Chenwei and Xue, Xiaoping and Zeng, Xin},
  journal={IEEE Transactions on Cognitive Communications and Networking}, 
  title={Secure and Energy Efficient Transmission for {IRS}-Assisted Cognitive Radio Networks}, 
  year={2022},
  volume={8},
  number={1},
  pages={170-185},
  doi={10.1109/TCCN.2021.3114176}}


@ARTICLE{EE-3,
  author={Zeng, Ming and Bedeer, Ebrahim and Dobre, Octavia A. and Fortier, Paul and Pham, Quoc-Viet and Hao, Wanming},
  journal={IEEE Wireless Communications Letters}, 
  title={Energy-Efficient Resource Allocation for {IRS}-Assisted Multi-Antenna Uplink Systems}, 
  year={2021},
  volume={10},
  number={6},
  pages={1261-1265},
  doi={10.1109/LWC.2021.3063554}}

  @ARTICLE{EE-4,
  author={Rezaei, Atefeh and Khalili, Ata and Jalali, Jalal and Shafiei, Hossein and Wu, Qingqing},
  journal={IEEE Wireless Communications Letters}, 
  title={Energy-Efficient Resource Allocation and Antenna Selection for {IRS}-Assisted Multicell Downlink Networks}, 
  year={2022},
  volume={11},
  number={6},
  pages={1229-1233},
  doi={10.1109/LWC.2022.3161410}}

@ARTICLE{Discrete-phase,
  author={Wu, Qingqing and Zhang, Rui},
  journal={IEEE Transactions on Communications}, 
  title={Beamforming Optimization for Wireless Network Aided by Intelligent Reflecting Surface With Discrete Phase Shifts}, 
  year={2020},
  volume={68},
  number={3},
  pages={1838-1851},
  doi={10.1109/TCOMM.2019.2958916}}


@ARTICLE{SOCP,
author={Wu, Qingqing and Zhang, Rui},
journal={IEEE Transactions on Wireless Communications}, 
title={Intelligent Reflecting Surface Enhanced Wireless Network via Joint Active and Passive Beamforming}, 
year={2019}, 
volume={18}, 
number={11},
pages={5394-5409},
doi={10.1109/TWC.2019.2936025}
}

@ARTICLE{FP1,
author={Shen, Kaiming and Yu, Wei}, 
journal={IEEE Transactions on Signal Processing},   title={Fractional Programming for Communication Systems—Part I: Power Control and Beamforming},
year={2018}, 
volume={66}, 
number={10},
pages={2616-2630},
doi={10.1109/TSP.2018.2812733}
}

@ARTICLE{SE,
  author={Niyato, Dusit and Hossain, Ekram},
  journal={IEEE Transactions on Wireless Communications}, 
  title={A game theoretic analysis of service competition and pricing in heterogeneous wireless access networks}, 
  year={2008},
  volume={7},
  number={12},
  pages={5150-5155},
  doi={10.1109/T-WC.2008.070609}}

@ARTICLE{GameTheory,
  author={Mukherjee, Amitav and Fakoorian, S Ali A and Huang, Jing and Swindlehurst, A Lee},  
  journal={IEEE Communications Surveys and Tutorials}, 
  title={A comprehensive survey of potential game approaches to wireless networks},
  year={2014},
  volume={16},
  number={3},
  pages={1550--1573}
}

@ARTICLE{ChannelModel,
  author={Pan, Cunhua and Ren, Hong and Wang, Kezhi and Xu, Wei and Elkashlan, Maged and Nallanathan, Arumugam and Hanzo, Lajos},
  journal={IEEE Transactions on Wireless Communications}, 
  title={Multicell {MIMO} Communications Relying on Intelligent Reflecting Surfaces}, 
  year={2020},
  volume={19},
  number={8},
  pages={5218-5233},
  doi={10.1109/TWC.2020.2990766}}

@ARTICLE{channel-estimate,  author={Wu, Qingqing and Zhang, Shuowen and Zheng, Beixiong and You, Changsheng and Zhang, Rui},  journal={IEEE Transactions on Communications},   title={Intelligent Reflecting Surface-Aided Wireless Communications: A Tutorial},   year={2021},  volume={69},  number={5},  pages={3313-3351},  doi={10.1109/TCOMM.2021.3051897}}

@@ARTICLE{power-model,
  title={Reconfigurable Intelligent Surface: Power Consumption Modeling and Practical Measurement Validation},
  author={Wang, Jinghe and Tang, Wankai and Liang, Jing Cheng and Zhang, Lei and Dai, Jun Yan and Li, Xiao and Jin, Shi and Cheng, Qiang and Cui, Tie Jun},
  journal={arXiv preprint arXiv:2211.00323},
  year={2022}
}



@article{FL_DQN,
  title = 	 {How To Backdoor Federated Learning},
  author =       {Bagdasaryan, Eugene and Veit, Andreas and Hua, Yiqing and Estrin, Deborah and Shmatikov, Vitaly},
  journal = 	 {Proceedings of the Twenty Third International Conference on Artificial Intelligence and Statistics},
  pages = 	 {2938--2948},
  year = 	 {2020},
  volume = 	 {108},
  month = 	 {26--28 Aug}
}

%%%%%%%%%%%%%%%%%%%%introduction
@ARTICLE{1-MIMO,
  author={Boccardi, Federico and Heath, Robert W. and Lozano, Angel and Marzetta, Thomas L. and Popovski, Petar},
  journal={IEEE Communications Magazine}, 
  title={Five disruptive technology directions for 5{G}}, 
  year={2014},
  volume={52},
  number={2},
  pages={74-80},
  keywords={MIMO;Antenna arrays;Microwave communication;Base stations;Uplink;Downlink;Next generation networking},
  doi={10.1109/MCOM.2014.6736746}}

@ARTICLE{2-cost,
  author={Zhang, Shunqing and Wu, Qingqing and Xu, Shugong and Li, Geoffrey Ye},
  journal={IEEE Communications Surveys Tutorials}, 
  title={Fundamental Green Tradeoffs: Progresses, Challenges, and Impacts on {5G} Networks}, 
  year={2017},
  volume={19},
  number={1},
  pages={33-56},
  keywords={OFDM;5G mobile communication;MIMO;Wireless communication;Tutorials;Bandwidth;Measurement;Green communication;fundamental tradeoffs;energy efficiency;5G networks},
  doi={10.1109/COMST.2016.2594120}}

@ARTICLE{3-MIMO,
  author={Larsson, Erik G. and Edfors, Ove and Tufvesson, Fredrik and Marzetta, Thomas L.},
  journal={IEEE Communications Magazine}, 
  title={Massive {MIMO} for next generation wireless systems}, 
  year={2014},
  volume={52},
  number={2},
  pages={186-195},
  keywords={MIMO;Base stations;Antenna arrays;Uplink;Fading;Downlink},
  doi={10.1109/MCOM.2014.6736761}}

@article{4-MIMO,
  author={Björnson, Emil and Hoydis, Jakob and Sanguinetti, Luca},
  title={Massive {MIMO} Networks: Spectral, Energy, and Hardware Efficiency},
  journal={Found. Trends Siganl Process}, 
  year={2017},
  volume={11},
  number={3},
  pages={154-655},
  keywords={},
  doi={10.1561/2000000093}}


@article{5-Soc,
  author = {Jindan, Xu and Chau, Yuen and Chongwen, Huang and Naveed Ul, Hassan and George C. Alexandropoulos and Marco Di Renzo and Mérouane Debbah},
  title = {Reconfiguring wireless environments via intelligent surfaces for 6{G}: reflection, modulation, and security},
  journal = {SCIENCE CHINA Information Sciences},
  year = {2023},
  volume = {66},
  number = {3},
  pages = {130304-},
  doi = {https://doi.org/10.1007/s11432-022-3626-5}
}


@ARTICLE{6-Soc,
  author={Xu, Wei and Yang, Zhaohui and Ng, Derrick Wing Kwan and Levorato, Marco and Eldar, Yonina C. and Debbah, Mérouane},
  journal={IEEE Journal of Selected Topics in Signal Processing}, 
  title={Edge Learning for {B5G} Networks With Distributed Signal Processing: Semantic Communication, Edge Computing, and Wireless Sensing}, 
  year={2023},
  volume={17},
  number={1},
  pages={9-39},
  keywords={Wireless communication;Optimization;Training;Reinforcement learning;Measurement;Deep learning;Signal processing algorithms;Artificial intelligence (AI);deep learning (DL);edge learning (EL);federated learning (FL);multi-agent reinforcement learning (MARL);communication optimization;Internet-of-Everything (IoE);beyond 5G (B5G)},
  doi={10.1109/JSTSP.2023.3239189}}

@ARTICLE{7-IRS,
  author={Huang, Chongwen and Zappone, Alessio and Alexandropoulos, George C. and Debbah, Mérouane and Yuen, Chau},
  journal={IEEE Transactions on Wireless Communications}, 
  title={Reconfigurable Intelligent Surfaces for Energy Efficiency in Wireless Communication}, 
  year={2019},
  volume={18},
  number={8},
  pages={4157-4170},
  keywords={Wireless communication;Relays;Downlink;Power demand;Hardware;Antennas;Resource management;Reconfigurable intelligent surfaces;multi-user MIMO;energy efficiency;phase shift;non-convex optimization;alternating maximization;gradient descent;sequential fractional programming},
  doi={10.1109/TWC.2019.2922609}}

@ARTICLE{8-IRS,
  author={Lin, Shaoe and Chen, Fangjiong and Wen, Miaowen and Feng, Yizhi and Di Renzo, Marco},
  journal={IEEE Transactions on Wireless Communications}, 
  title={Reconfigurable Intelligent Surface-Aided Quadrature Reflection Modulation for Simultaneous Passive Beamforming and Information Transfer}, 
  year={2022},
  volume={21},
  number={3},
  pages={1469-1481},
  keywords={Modulation;Array signal processing;Wireless communication;Signal to noise ratio;MISO communication;Fading channels;Optimization;Reconfigurable intelligent surface (RIS);simultaneous passive beamforming and information transfer;metasurface;error performance;reflection modulation},
  doi={10.1109/TWC.2021.3104059}}

@ARTICLE{9-MIMO,
  author={Zhi, Kangda and Pan, Cunhua and Ren, Hong and Wang, Kezhi and Elkashlan, Maged and Renzo, Marco Di and Schober, Robert and Poor, H. Vincent and Wang, Jiangzhou and Hanzo, Lajos},
  journal={IEEE Transactions on Information Theory}, 
  title={Two-Timescale Design for Reconfigurable Intelligent Surface-Aided Massive {MIMO} Systems With Imperfect {CSI}}, 
  year={2023},
  volume={69},
  number={5},
  pages={3001-3033},
  keywords={Electromagnetic interference;Massive MIMO;Channel estimation;Correlation;Array signal processing;Rician channels;Analytical models;Reconfigurable intelligent surface (RIS);massive MIMO;two-timescale transmission scheme;channel estimation;spatial correlation;electromagnetic interference (EMI)},
  doi={10.1109/TIT.2022.3227538}}

@ARTICLE{10-kw,
  author={Wang, Kewei and Qi, Nan and Guan, Xin and Shi, Qingjiang and Xiao, Ming and Jin, Shi and Wong, Kai-Kit},
  journal={IEEE Systems Journal}, 
  title={Transmit/Passive Beamforming Design for Multi-{IRS} Assisted Cell-Free {MIMO} Networks}, 
  year={2023},
  volume={17},
  number={4},
  pages={6282-6291},
  keywords={Array signal processing;Complexity theory;MIMO communication;Linear programming;Channel estimation;Optimization;Sensors;Beamforming;cell-free network;elementwise block coordinate descent (BCD);intelligent reflecting surface (IRS)/reconfigurable intelligent surface (RIS);weighted sum-rate (WSR) maximization},
  doi={10.1109/JSYST.2023.3307556}}

@ARTICLE{11-fair,
  author={Noh, Taegyun and Choi, Junil},
  journal={IEEE Communications Letters}, 
  title={Cell-Free {MIMO} Systems Powered by Intelligent Reflecting Surfaces}, 
  year={2022},
  volume={26},
  number={5},
  pages={1076-1080},
  keywords={MIMO communication;Optimized production technology;Resource management;Array signal processing;Optimization;Interference;Signal to noise ratio;Intelligent reflecting surface;cell-free;joint beamforming;statistical channel state information},
  doi={10.1109/LCOMM.2022.3152616}}

@INPROCEEDINGS{12-kw,
  author={Wang, Kewei and Qi, Nan and Xiao, Ming and Hu, Sha and Sihlbom, Bjorn},
  booktitle={2023 IEEE/CIC International Conference on Communications in China (ICCC)}, 
  title={Fairness-aware Location and Hybrid Beamforming Optimization in {IRS}s-aided Cell-free {MIMO} System}, 
  year={2023},
  volume={},
  number={},
  pages={1-6},
  keywords={6G mobile communication;Base stations;Array signal processing;Optimization methods;Programming;Approximation algorithms;Reliability;IRS/RIS;cell-free network;max-min fairness optimization;beamforming;IRS location optimization (ILO)},
  doi={10.1109/ICCC57788.2023.10233607}}

@article{13-liu,
title = {Network deployment with energy efficiency optimization in {IRS}-assisted cell-free {MIMO} system},
journal = {Physical Communication},
volume = {63},
pages = {102287},
year = {2024},
issn = {1874-4907},
doi = {https://doi.org/10.1016/j.phycom.2024.102287},
author = {Haoxuan Liu and Nan Qi and Kewei Wang and Theodoros A. Tsiftsis and Wenjing Wang and Yawen Liu},
keywords = {Intelligent reflecting surface (IRS), Energy efficiency, Stackelberg game, On/off mode optimization of IRSs}
}

@ARTICLE{14-kw,
  author={Wang, Kewei and Qi, Nan and Liu, Haoxuan and Boulogeorgos, Alexandros-Apostolos A. and Tsiftsis, Theodoros A. and Xiao, Ming and Wong, Kai-Kit},
  journal={IEEE Wireless Communications Letters}, 
  title={Reconfigurable Intelligent Surfaces Aided Energy Efficiency Maximization in Cell-Free Networks}, 
  year={2024},
  volume={13},
  number={6},
  pages={1596-1600},
  keywords={Array signal processing;Optimization;Vectors;Transforms;Reconfigurable intelligent surfaces;Power demand;Signal to noise ratio;Reconfigurable intelligent surface;cell-free network;energy efficiency maximization;fractional programming;beamforming},
  doi={10.1109/LWC.2024.3382778}}

@ARTICLE{MingRIS,
  author={Huang, Shaocheng and Ye, Yu and Xiao, Ming and Poor, H. Vincent and Skoglund, Mikael},
  journal={IEEE Wireless Communications Letters}, 
  title={Decentralized Beamforming Design for Intelligent Reflecting Surface-Enhanced Cell-Free Networks}, 
  year={2021},
  volume={10},
  number={3},
  pages={673-677},
  keywords={Array signal processing;Optimization;Transforms;Channel estimation;Wireless communication;Power demand;Interference;Beamforming;cell-free networks;intelligent reflecting surface;decentralized optimization},
  doi={10.1109/LWC.2020.3045884}}

@ARTICLE{channelmodel1,
  author={Hu, Chen and Dai, Linglong and Mir, Talha and Gao, Zhen and Fang, Jun},
  journal={IEEE Transactions on Vehicular Technology}, 
  title={Super-Resolution Channel Estimation for MmWave Massive {MIMO} With Hybrid Precoding}, 
  year={2018},
  volume={67},
  number={9},
  pages={8954-8958},
  keywords={Channel estimation;Radio frequency;MIMO communication;Precoding;Estimation;Antennas;Optimization;Millimeter-wave (mmWave);massive MIMO;hybrid precoding;angle of arrival (AoA);angle of departure (AoD);superresolution channel estimation},
  doi={10.1109/TVT.2018.2842724}}

@article{TLcite,
  title={A Survey on Deep Transfer Learning},
  author={Chuanqi Tan and Fuchun Sun and Tao Kong and Wenchang Zhang and Chao Yang and Chunfang Liu},
  booktitle={International Conference on Artificial Neural Networks},
  year={2018},
  url={https://api.semanticscholar.org/CorpusID:51929263}
}

@ARTICLE{name14,
  author={Yu, Xianghao and Xu, Dongfang and Ng, Derrick Wing Kwan and Schober, Robert},
  booktitle={GLOBECOM 2020 - 2020 IEEE Global Communications Conference}, 
  title={Power-Efficient Resource Allocation for Multiuser {MISO} Systems via Intelligent Reflecting Surfaces}, 
  year={2020},
  volume={},
  number={},
  pages={1-6},
  doi={10.1109/GLOBECOM42002.2020.9348054}}


@INPROCEEDINGS{matching,
  author={Wan, Ziwei and Gao, Zhen and Alouini, Mohamed-Slim},
  booktitle={ICC 2020 - 2020 IEEE International Conference on Communications (ICC)}, 
  title={Broadband Channel Estimation for Intelligent Reflecting Surface Aided mmWave Massive {MIMO} Systems}, 
  year={2020},
  volume={},
  number={},
  pages={1-6},
  keywords={Channel estimation;MIMO communication;OFDM;Broadband communication;Radio frequency;Downlink;Compressed sensing;Millimeter-wave (mmWave);intelligent reflecting surface (IRS);massive MIMO;compressive sensing (CS).},
  doi={10.1109/ICC40277.2020.9149146}}

@ARTICLE{FL+RL_1,
  author={Yang, Helin and Zhao, Jun and Xiong, Zehui and Lam, Kwok-Yan and Sun, Sumei and Xiao, Liang},
  journal={IEEE Journal on Selected Areas in Communications}, 
  title={Privacy-Preserving Federated Learning for UAV-Enabled Networks: Learning-Based Joint Scheduling and Resource Management}, 
  year={2021},
  volume={39},
  number={10},
  pages={3144-3159},
  keywords={Computational modeling;Servers;Wireless networks;Data models;Resource management;Training;Heuristic algorithms;Unmanned aerial vehicle;data sharing;asynchronous federated learning;scheduling;resource management;asynchronous advantage actor-critic},
  doi={10.1109/JSAC.2021.3088655}}


@ARTICLE{FL+RL_2,
  author={Lu, Yunlong and Huang, Xiaohong and Zhang, Ke and Maharjan, Sabita and Zhang, Yan},
  journal={IEEE Transactions on Vehicular Technology}, 
  title={Blockchain Empowered Asynchronous Federated Learning for Secure Data Sharing in Internet of Vehicles}, 
  year={2020},
  volume={69},
  number={4},
  pages={4298-4311},
  keywords={Resource management;Reliability;Device-to-device communication;Wireless networks;Data privacy;Data sharing;Blockchain;Asynchronous federated learning;Deep reinforcement learning;Internet of Vehicles},
  doi={10.1109/TVT.2020.2973651}}

@article{Coalition_1,
  title={A Coalition Formation Game Approach for Personalized Federated Learning},
  author={Leijie Wu and Song Guo and Yao-Xiang Ding and Yufeng Zhan and J. Zhang},
  journal={ArXiv},
  year={2022},
  volume={abs/2202.02502},
  url={https://api.semanticscholar.org/CorpusID:246634014}
}


@ARTICLE{Coalition_2,
  author={Arisdakessian, Sarhad and Wahab, Omar Abdel and Mourad, Azzam and Otrok, Hadi},
  journal={IEEE Transactions on Services Computing}, 
  title={Coalitional Federated Learning: Improving Communication and Training on Non-IID Data With Selfish Clients}, 
  year={2023},
  volume={16},
  number={4},
  pages={2462-2476},
  keywords={Servers;Federated learning;Training;Data models;Computational modeling;Games;Convergence;Client selection;communication efficiency;federated learning;non-IID data;security;selfish client},
  doi={10.1109/TSC.2023.3246988}}

@ARTICLE{DML1,
  author={Hu, Shuyan and Chen, Xiaojing and Ni, Wei and Hossain, Ekram and Wang, Xin},
  journal={IEEE Communications Surveys Tutorials}, 
  title={Distributed Machine Learning for Wireless Communication Networks: Techniques, Architectures, and Applications}, 
  year={2021},
  volume={23},
  number={3},
  pages={1458-1493},
  keywords={Wireless communication;Wireless networks;Communication system security;Wireless sensor networks;Computer architecture;Servers;Security;Distributed machine learning;wireless communication networks;convergence;computation and communication cost;architecture and platform;data privacy and security},
  doi={10.1109/COMST.2021.3086014}}

@ARTICLE{FL+RL_3,
  author={Zhang, Peiying and Wang, Chao and Jiang, Chunxiao and Han, Zhu},
  journal={IEEE Transactions on Industrial Informatics}, 
  title={Deep Reinforcement Learning Assisted Federated Learning Algorithm for Data Management of IIoT}, 
  year={2021},
  volume={17},
  number={12},
  pages={8475-8484},
  keywords={Informatics;Data training;deep reinforcement learning (DRL);federated learning (FL);industrial Internet of Things (IIoT);IIoT equipment},
  doi={10.1109/TII.2021.3064351}}

@ARTICLE{HFL1,
      title={Heterogeneous Federated Learning}, 
      author={Fuxun Yu and Weishan Zhang and Zhuwei Qin and Zirui Xu and Di Wang and Chenchen Liu and Zhi Tian and Xiang Chen},
      year={2022},
      eprint={2008.06767},
      archivePrefix={arXiv},
      primaryClass={cs.LG},
      url={https://arxiv.org/abs/2008.06767}, 
}

@ARTICLE{HFL2,
  title = 	 {Data-Free Knowledge Distillation for Heterogeneous Federated Learning},
  author =       {Zhu, Zhuangdi and Hong, Junyuan and Zhou, Jiayu},
  booktitle = 	 {Proceedings of the 38th International Conference on Machine Learning},
  pages = 	 {12878--12889},
  year = 	 {2021},
  editor = 	 {Meila, Marina and Zhang, Tong},
  volume = 	 {139},
  series = 	 {Proceedings of Machine Learning Research},
  month = 	 {18--24 Jul},
  publisher =    {PMLR},
  pdf = 	 {http://proceedings.mlr.press/v139/zhu21b/zhu21b.pdf},
  url = 	 {https://proceedings.mlr.press/v139/zhu21b.html},
}

@article{HFL3,
author = {Ye, Mang and Fang, Xiuwen and Du, Bo and Yuen, Pong C. and Tao, Dacheng},
title = {Heterogeneous Federated Learning: State-of-the-art and Research Challenges},
year = {2023},
issue_date = {March 2024},
publisher = {Association for Computing Machinery},
address = {New York, NY, USA},
volume = {56},
number = {3},
issn = {0360-0300},
url = {https://doi.org/10.1145/3625558},
doi = {10.1145/3625558},
journal = {ACM Comput. Surv.},
month = oct,
articleno = {79},
numpages = {44},
keywords = {Survey, federated learning, trustworthy AI}
}

@article{RL_CL_1,
  author={Sadeghi, Mohammad and Erol-Kantarci, Melike},
  booktitle={2021 IEEE 4th 5G World Forum (5GWF)}, 
  title={Deep Reinforcement Learning Based Coalition Formation for Energy Trading in Smart Grid}, 
  year={2021},
  volume={},
  number={},
  pages={200-205},
  keywords={Renewable energy sources;Costs;Uncertainty;Reinforcement learning;Microgrids;Minimization;Smart grids;Energy trading;machine learning;microgrid;smart grid},
  doi={10.1109/5GWF52925.2021.00042}}

@article{RL_CL_2,
  author={Dai, Weiheng and Bidwai, Aditya and Sartoretti, Guillaume},
  booktitle={2024 IEEE International Conference on Robotics and Automation (ICRA)}, 
  title={Dynamic Coalition Formation and Routing for Multirobot Task Allocation via Reinforcement Learning}, 
  year={2024},
  volume={},
  number={},
  pages={16567-16573},
  keywords={Schedules;Robot kinematics;Neural networks;Reinforcement learning;Routing;Trajectory;Resource management},
  doi={10.1109/ICRA57147.2024.10611244}}

@ARTICLE{RL_CL_3,
  author={Xiong, Kui and Zhang, Tianxian and Cui, Guolong and Wang, Shiyuan and Kong, Lingjiang},
  journal={IEEE Transactions on Aerospace and Electronic Systems}, 
  title={Coalition Game of Radar Network for Multitarget Tracking via Model-Based Multiagent Reinforcement Learning}, 
  year={2023},
  volume={59},
  number={3},
  pages={2123-2140},
  keywords={Radar tracking;Radar;Task analysis;Target tracking;Games;Optimization;Behavioral sciences;Coalition game;multiagent cooperative tracking;radar network;random Fourier features (RFFs) approximation;reinforcement learning;task assignment},
  doi={10.1109/TAES.2022.3208865}}

@ARTICLE{DL_1,
  author={Feng, Hao and Xu, Yuting and Zhao, Yuping},
  journal={IEEE Communications Letters}, 
  title={Deep Learning-Based Joint Channel Estimation and CSI Feedback for {RIS}-Assisted Communications}, 
  year={2024},
  volume={28},
  number={8},
  pages={1860-1864},
  keywords={Channel estimation;Vectors;Estimation;Convolution;Array signal processing;Decoding;Accuracy;RIS;deep learning;channel estimation;CSI feedback},
  doi={10.1109/LCOMM.2024.3413729}}

@ARTICLE{FL_Bin,
  author={Qiu, Bin and Chang, Xiao and Li, Xian and Xiao, Hailin and Zhang, Zhongshan},
  journal={IEEE Wireless Communications Letters}, 
  title={Federated Learning-Based Channel Estimation for {RIS}-Aided Communication Systems}, 
  year={2024},
  volume={13},
  number={8},
  pages={2130-2134},
  keywords={Channel estimation;Training;Feature extraction;Vectors;Indexes;Wireless communication;Task analysis;Reconfigurable intelligent surface;federated learning;channel estimation},
  doi={10.1109/LWC.2024.3402968}}

@ARTICLE{CF_CE_1,
  author={Wang, Zhifeng and Yang, Feifan and Yan, Shi and Memon, Saleemullah and Zhao, Zhongyuan and Hu, Chunjing},
  journal={China Communications}, 
  title={Joint design of coalition formation and semi-blind channel estimation in fog radio access networks}, 
  year={2019},
  volume={16},
  number={11},
  pages={1-15},
  keywords={Channel estimation;Training;Games;Signal processing algorithms;Clustering algorithms;Signal processing;Spectral efficiency;channel estimation;cluster formation;game theory;fog radio access networks (F-RANs)},
  doi={10.23919/JCC.2019.11.001}}

@article{potentialgame,
title = {Potential Games},
journal = {Games and Economic Behavior},
volume = {14},
number = {1},
pages = {124-143},
year = {1996},
issn = {0899-8256},
author = {Dov Monderer and Lloyd S. Shapley},
doi = {https://doi.org/10.1006/game.1996.0044}
}

@misc{RSRP,
    author       = {Nitin Gupta1},
    title        = {5{G} {C}ell {S}election {C}riteria},
    howpublished = "\url{https://www.telecomhall.net/t/5g-cell-selection-criteria/23860}",
    year         = {Jun. 2023},
    note         = {(accessed Feb. 2024)}
}

@ARTICLE{SEMIMO,
  author={Zhang, Xiu and Qi, Hao and Zhang, Xin and Han, Liang},
  journal={IEEE Access}, 
  title={Spectral Efficiency Improvement and Power Control Optimization of Massive MIMO Networks}, 
  year={2021},
  volume={9},
  number={},
  pages={11523-11532},
  keywords={Wireless communication;Wireless sensor networks;Spectral efficiency;Power control;Massive MIMO;Downlink;Sensors;Massive multiple-input multiple-output;neighborhood field optimization;optimization;power control;spectral efficiency},
  doi={10.1109/ACCESS.2021.3051170}}

@ARTICLE{channelreciprocity,
  author={Hu, Xiaoling and Zhang, Rui and Zhong, Caijun},
  journal={IEEE Transactions on Wireless Communications}, 
  title={Semi-Passive Elements Assisted Channel Estimation for Intelligent Reflecting Surface-Aided Communications}, 
  year={2022},
  volume={21},
  number={2},
  pages={1132-1142},
  keywords={Channel estimation;Training;Wireless communication;Sensors;Array signal processing;Estimation;Protocols;Intelligent reflecting surface (IRS);channel estimation;semi-passive elements},
  doi={10.1109/TWC.2021.3102446}}

@ARTICLE{WCNC,
  author={Liu, Haoxuan and Qi, Nan and Li, Xiaojie and Alexandros -Apostolos. A. Boulogeorgos and Theodoros A. Tsiftsis and Xiao, Ming and Juha Röning},
  journal={IEEE Wireless Communications and Networking Conference(WCNC)}, 
  title={{IRS}
Channel Estimation in Cell-free {MIMO} Network: A Coalition Formation
Guided Federated Learning Approach}, 
  year={2025},
  volume={},
  number={},
  pages={}}
