@inproceedings{10.1007/978-3-031-43415-0_35,
author = {Nguyen, Minh and Kishan, K. C. and Nguyen, Toan and Chadha, Ankit and Vu, Thuy},
title = {Efficient Fine-Tuning Large Language Models for Knowledge-Aware Response Planning},
year = {2023},
isbn = {978-3-031-43414-3},
publisher = {Springer-Verlag},
address = {Berlin, Heidelberg},
url = {https://doi.org/10.1007/978-3-031-43415-0_35},
doi = {10.1007/978-3-031-43415-0_35},
booktitle = {Machine Learning and Knowledge Discovery in Databases: Research Track: European Conference, ECML PKDD 2023, Turin, Italy, September 18–22, 2023, Proceedings, Part II},
pages = {593–611},
numpages = {19},
keywords = {Knowledge-Aware Response Planning, Question Answering, Large Language Models, Fine-tuning},
location = {Turin, Italy}
}

@inproceedings{10.1007/978-3-540-69132-7_41,
author = {Barnes, Tiffany and Stamper, John},
title = {Toward Automatic Hint Generation for Logic Proof Tutoring Using Historical Student Data},
year = {2008},
isbn = {9783540691303},
publisher = {Springer-Verlag},
address = {Berlin, Heidelberg},
url = {https://doi.org/10.1007/978-3-540-69132-7_41},
doi = {10.1007/978-3-540-69132-7_41},
booktitle = {Proceedings of the 9th International Conference on Intelligent Tutoring Systems},
pages = {373–382},
numpages = {10},
location = {Montreal, Canada},
series = {ITS '08}
}

@article{10.1007/s00521-021-06748-3,
author = {Hao, Tianyong and Li, Xinxin and He, Yulan and Wang, Fu Lee and Qu, Yingying},
title = {Recent progress in leveraging deep learning methods for question answering},
year = {2022},
issue_date = {Feb 2022},
publisher = {Springer-Verlag},
address = {Berlin, Heidelberg},
volume = {34},
number = {4},
issn = {0941-0643},
url = {https://doi.org/10.1007/s00521-021-06748-3},
doi = {10.1007/s00521-021-06748-3},
journal = {Neural Comput. Appl.},
month = feb,
pages = {2765–2783},
numpages = {19},
keywords = {Question answering, Deep learning, Methods, Dataset, Performance evaluation}
}

@article{10.1007/s10791-023-09420-7,
author = {Francis, Sumam and Moens, Marie-Francine},
title = {Investigating better context representations for generative question answering},
year = {2023},
issue_date = {Dec 2023},
publisher = {Kluwer Academic Publishers},
address = {USA},
volume = {26},
number = {1–2},
issn = {1386-4564},
url = {https://doi.org/10.1007/s10791-023-09420-7},
doi = {10.1007/s10791-023-09420-7},
journal = {Inf. Retr.},
month = oct,
numpages = {35},
keywords = {Generative question answering, Information retrieval, Query focused summarization, Passage reranking, Reading comprehension, Language models}
}

@article{10.1007/s13748-023-00295-9,
author = {Mulla, Nikahat and Gharpure, Prachi},
title = {Automatic question generation: a review of methodologies, datasets, evaluation metrics, and applications},
year = {2023},
issue_date = {Mar 2023},
publisher = {Springer-Verlag},
address = {Berlin, Heidelberg},
volume = {12},
number = {1},
url = {https://doi.org/10.1007/s13748-023-00295-9},
doi = {10.1007/s13748-023-00295-9},
journal = {Prog. in Artif. Intell.},
month = jan,
pages = {1–32},
numpages = {32},
keywords = {Automatic question generation, Natural language generation, Natural language processing}
}

@inproceedings{10.1145/3404835.3463238,
author = {Lin, Jimmy and Ma, Xueguang and Lin, Sheng-Chieh and Yang, Jheng-Hong and Pradeep, Ronak and Nogueira, Rodrigo},
title = {Pyserini: A Python Toolkit for Reproducible Information Retrieval Research with Sparse and Dense Representations},
year = {2021},
isbn = {9781450380379},
publisher = {Association for Computing Machinery},
address = {New York, NY, USA},
url = {https://doi.org/10.1145/3404835.3463238},
doi = {10.1145/3404835.3463238},
booktitle = {Proceedings of the 44th International ACM SIGIR Conference on Research and Development in Information Retrieval},
pages = {2356–2362},
numpages = {7},
keywords = {first-stage retrieval, open-source search engine},
location = {Virtual Event, Canada},
series = {SIGIR '21}
}

@article{10.1145/3468889,
author = {Zhang, Ruqing and Guo, Jiafeng and Chen, Lu and Fan, Yixing and Cheng, Xueqi},
title = {A Review on Question Generation from Natural Language Text},
year = {2021},
issue_date = {January 2022},
publisher = {Association for Computing Machinery},
address = {New York, NY, USA},
volume = {40},
number = {1},
issn = {1046-8188},
url = {https://doi.org/10.1145/3468889},
doi = {10.1145/3468889},
journal = {ACM Trans. Inf. Syst.},
month = sep,
articleno = {14},
numpages = {43},
keywords = {survey, natural language generation, Question generation}
}

@article{10.1145/3469885,
author = {McBroom, Jessica and Koprinska, Irena and Yacef, Kalina},
title = {A Survey of Automated Programming Hint Generation: The HINTS Framework},
year = {2021},
issue_date = {November 2022},
publisher = {Association for Computing Machinery},
address = {New York, NY, USA},
volume = {54},
number = {8},
issn = {0360-0300},
url = {https://doi.org/10.1145/3469885},
doi = {10.1145/3469885},
journal = {ACM Comput. Surv.},
month = oct,
articleno = {172},
numpages = {27},
keywords = {Automated hint and feedback generation, computer science education, artificial intelligence in education, intelligent tutoring systems}
}

@inproceedings{10.1145/3477495.3531734,
author = {Wang, Jiexin and Jatowt, Adam and Yoshikawa, Masatoshi},
title = {ArchivalQA: A Large-scale Benchmark Dataset for Open-Domain Question Answering over Historical News Collections},
year = {2022},
isbn = {9781450387323},
publisher = {Association for Computing Machinery},
address = {New York, NY, USA},
url = {https://doi.org/10.1145/3477495.3531734},
doi = {10.1145/3477495.3531734},
pages = {3025–3035},
numpages = {11},
keywords = {question generation, question answering, datasets},
location = {Madrid, Spain},
series = {SIGIR '22}
}

@article{10.1145/3560260,
author = {Rogers, Anna and Gardner, Matt and Augenstein, Isabelle},
title = {QA Dataset Explosion: A Taxonomy of NLP Resources for Question Answering and Reading Comprehension},
year = {2023},
issue_date = {October 2023},
publisher = {Association for Computing Machinery},
address = {New York, NY, USA},
volume = {55},
number = {10},
issn = {0360-0300},
url = {https://doi.org/10.1145/3560260},
doi = {10.1145/3560260},
journal = {ACM Comput. Surv.},
month = feb,
articleno = {197},
numpages = {45},
keywords = {natural language understanding, Reading comprehension}
}

@inproceedings{10.1145/3626772.3657891,
author = {Piryani, Bhawna and Mozafari, Jamshid and Jatowt, Adam},
title = {ChroniclingAmericaQA: A Large-scale Question Answering Dataset based on Historical American Newspaper Pages},
year = {2024},
isbn = {9798400704314},
publisher = {Association for Computing Machinery},
address = {New York, NY, USA},
url = {https://doi.org/10.1145/3626772.3657891},
doi = {10.1145/3626772.3657891},
booktitle = {Proceedings of the 47th International ACM SIGIR Conference on Research and Development in Information Retrieval},
pages = {2038–2048},
numpages = {11},
keywords = {heritage collections, ocr text, question answering},
location = {Washington DC, USA},
series = {SIGIR '24}
}

@inproceedings{10.3115/1073083.1073135,
author = {Papineni, Kishore and Roukos, Salim and Ward, Todd and Zhu, Wei-Jing},
title = {BLEU: a method for automatic evaluation of machine translation},
year = {2002},
publisher = {Association for Computational Linguistics},
address = {USA},
url = {https://doi.org/10.3115/1073083.1073135},
doi = {10.3115/1073083.1073135},
booktitle = {Proceedings of the 40th Annual Meeting on Association for Computational Linguistics},
pages = {311–318},
numpages = {8},
location = {Philadelphia, Pennsylvania},
series = {ACL '02}
}

@article{10.5555/3455716.3455856,
author = {Raffel, Colin and Shazeer, Noam and Roberts, Adam and Lee, Katherine and Narang, Sharan and Matena, Michael and Zhou, Yanqi and Li, Wei and Liu, Peter J.},
title = {Exploring the limits of transfer learning with a unified text-to-text transformer},
year = {2020},
issue_date = {January 2020},
publisher = {JMLR.org},
volume = {21},
number = {1},
issn = {1532-4435},
journal = {J. Mach. Learn. Res.},
month = jan,
articleno = {140},
numpages = {67},
keywords = {deep learning, attention based models, multi-task learning, natural language processing, transfer learning}
}

@inproceedings{10.5555/3495724.3495883,
author = {Brown, Tom B. and Mann, Benjamin and Ryder, Nick and Subbiah, Melanie and Kaplan, Jared and Dhariwal, Prafulla and Neelakantan, Arvind and Shyam, Pranav and Sastry, Girish and Askell, Amanda and Agarwal, Sandhini and Herbert-Voss, Ariel and Krueger, Gretchen and Henighan, Tom and Child, Rewon and Ramesh, Aditya and Ziegler, Daniel M. and Wu, Jeffrey and Winter, Clemens and Hesse, Christopher and Chen, Mark and Sigler, Eric and Litwin, Mateusz and Gray, Scott and Chess, Benjamin and Clark, Jack and Berner, Christopher and McCandlish, Sam and Radford, Alec and Sutskever, Ilya and Amodei, Dario},
title = {Language models are few-shot learners},
year = {2020},
isbn = {9781713829546},
publisher = {Curran Associates Inc.},
address = {Red Hook, NY, USA},
booktitle = {Proceedings of the 34th International Conference on Neural Information Processing Systems},
articleno = {159},
numpages = {25},
location = {Vancouver, BC, Canada},
series = {NIPS '20}
}

@article{10.5555/3648699.3648939,
author = {Chowdhery, Aakanksha and Narang, Sharan and Devlin, Jacob and Bosma, Maarten and Mishra, Gaurav and Roberts, Adam and Barham, Paul and Chung, Hyung Won and Sutton, Charles and Gehrmann, Sebastian and Schuh, Parker and Shi, Kensen and Tsvyashchenko, Sashank and Maynez, Joshua and Rao, Abhishek and Barnes, Parker and Tay, Yi and Shazeer, Noam and Prabhakaran, Vinodkumar and Reif, Emily and Du, Nan and Hutchinson, Ben and Pope, Reiner and Bradbury, James and Austin, Jacob and Isard, Michael and Gur-Ari, Guy and Yin, Pengcheng and Duke, Toju and Levskaya, Anselm and Ghemawat, Sanjay and Dev, Sunipa and Michalewski, Henryk and Garcia, Xavier and Misra, Vedant and Robinson, Kevin and Fedus, Liam and Zhou, Denny and Ippolito, Daphne and Luan, David and Lim, Hyeontaek and Zoph, Barret and Spiridonov, Alexander and Sepassi, Ryan and Dohan, David and Agrawal, Shivani and Omernick, Mark and Dai, Andrew M. and Pillai, Thanumalayan Sankaranarayana and Pellat, Marie and Lewkowycz, Aitor and Moreira, Erica and Child, Rewon and Polozov, Oleksandr and Lee, Katherine and Zhou, Zongwei and Wang, Xuezhi and Saeta, Brennan and Diaz, Mark and Firat, Orhan and Catasta, Michele and Wei, Jason and Meier-Hellstern, Kathy and Eck, Douglas and Dean, Jeff and Petrov, Slav and Fiedel, Noah},
title = {PaLM: scaling language modeling with pathways},
year = {2024},
issue_date = {January 2023},
publisher = {JMLR.org},
volume = {24},
number = {1},
issn = {1532-4435},
journal = {J. Mach. Learn. Res.},
month = mar,
articleno = {240},
numpages = {113},
keywords = {large language models, few-shot learning, natural language processing, scalable deep learning}
}

@ARTICLE{2015arXiv150602075B,
       author = {{Bordes}, Antoine and {Usunier}, Nicolas and {Chopra}, Sumit and {Weston}, Jason},
        title = "{Large-scale Simple Question Answering with Memory Networks}",
      journal = {arXiv e-prints},
     keywords = {Computer Science - Machine Learning, Computer Science - Computation and Language},
         year = 2015,
        month = jun,
          eid = {arXiv:1506.02075},
        pages = {arXiv:1506.02075},
          doi = {10.48550/arXiv.1506.02075},
archivePrefix = {arXiv},
       eprint = {1506.02075},
 primaryClass = {cs.LG},
       adsurl = {https://ui.adsabs.harvard.edu/abs/2015arXiv150602075B},
      adsnote = {Provided by the SAO/NASA Astrophysics Data System}
}

@ARTICLE{2020arXiv200501107E,
       author = {{Enrico Lopez}, Luis and {Cruz}, Diane Kathryn and {Blaise Cruz}, Jan Christian and {Cheng}, Charibeth},
        title = "{Simplifying Paragraph-level Question Generation via Transformer Language Models}",
      journal = {arXiv e-prints},
     keywords = {Computer Science - Computation and Language},
         year = 2020,
        month = may,
          eid = {arXiv:2005.01107},
        pages = {arXiv:2005.01107},
          doi = {10.48550/arXiv.2005.01107},
archivePrefix = {arXiv},
       eprint = {2005.01107},
 primaryClass = {cs.CL},
       adsurl = {https://ui.adsabs.harvard.edu/abs/2020arXiv200501107E},
      adsnote = {Provided by the SAO/NASA Astrophysics Data System}
}

@ARTICLE{2020arXiv201008983R,
       author = {{Ramnath}, Sahana and {Nema}, Preksha and {Sahni}, Deep and {Khapra}, Mitesh M.},
        title = "{Towards Interpreting BERT for Reading Comprehension Based QA}",
      journal = {arXiv e-prints},
     keywords = {Computer Science - Computation and Language, Computer Science - Artificial Intelligence},
         year = 2020,
        month = oct,
          eid = {arXiv:2010.08983},
        pages = {arXiv:2010.08983},
          doi = {10.48550/arXiv.2010.08983},
archivePrefix = {arXiv},
       eprint = {2010.08983},
 primaryClass = {cs.CL},
       adsurl = {https://ui.adsabs.harvard.edu/abs/2020arXiv201008983R},
      adsnote = {Provided by the SAO/NASA Astrophysics Data System}
}

@ARTICLE{2021arXiv211006393X,
       author = {{Xu}, Peng and {Liang}, Davis and {Huang}, Zhiheng and {Xiang}, Bing},
        title = "{Attention-guided Generative Models for Extractive Question Answering}",
      journal = {arXiv e-prints},
     keywords = {Computer Science - Computation and Language, Computer Science - Information Retrieval},
         year = 2021,
        month = oct,
          eid = {arXiv:2110.06393},
        pages = {arXiv:2110.06393},
          doi = {10.48550/arXiv.2110.06393},
archivePrefix = {arXiv},
       eprint = {2110.06393},
 primaryClass = {cs.CL},
       adsurl = {https://ui.adsabs.harvard.edu/abs/2021arXiv211006393X},
      adsnote = {Provided by the SAO/NASA Astrophysics Data System}
}

@ARTICLE{2024arXiv240201512A,
       author = {{Alhazmi}, Elaf and {Sheng}, Quan Z. and {Zhang}, Wei Emma and {Zaib}, Munazza and {Alhazmi}, Ahoud},
        title = "{Distractor Generation in Multiple-Choice Tasks: A Survey of Methods, Datasets, and Evaluation}",
      journal = {arXiv e-prints},
     keywords = {Computer Science - Computation and Language, Computation and Language (cs.CL)},
         year = 2024,
        month = feb,
          eid = {arXiv:2402.01512},
        pages = {arXiv:2402.01512},
          doi = {10.48550/arXiv.2402.01512},
archivePrefix = {arXiv},
       eprint = {2402.01512},
 primaryClass = {cs.CL},
       adsurl = {https://ui.adsabs.harvard.edu/abs/2024arXiv240201512A},
      adsnote = {Provided by the SAO/NASA Astrophysics Data System}
}

@ARTICLE{2024arXiv240214320Z,
       author = {{Zong}, Chang and {Yan}, Yuchen and {Lu}, Weiming and {Shao}, Jian and {Huang}, Eliot and {Chang}, Heng and {Zhuang}, Yueting},
        title = "{Triad: A Framework Leveraging a Multi-Role LLM-based Agent to Solve Knowledge Base Question Answering}",
      journal = {arXiv e-prints},
     keywords = {Computer Science - Computation and Language, Computer Science - Artificial Intelligence, 68T50, I.2.7},
         year = 2024,
        month = feb,
          eid = {arXiv:2402.14320},
        pages = {arXiv:2402.14320},
          doi = {10.48550/arXiv.2402.14320},
archivePrefix = {arXiv},
       eprint = {2402.14320},
 primaryClass = {cs.CL},
       adsurl = {https://ui.adsabs.harvard.edu/abs/2024arXiv240214320Z},
      adsnote = {Provided by the SAO/NASA Astrophysics Data System}
}

@ARTICLE{2024arXiv240404728J,
       author = {{Jangra}, Anubhav and {Mozafari}, Jamshid and {Jatowt}, Adam and {Muresan}, Smaranda},
        title = {Navigating the Landscape of Hint Generation Research: From the Past to the Future},
      journal = {arXiv e-prints},
     keywords = {Computer Science - Computation and Language, Computer Science - Human-Computer Interaction},
         year = 2024,
        month = apr,
          eid = {arXiv:2404.04728},
        pages = {arXiv:2404.04728},
          doi = {10.48550/arXiv.2404.04728}
}

@ARTICLE{2024arXiv240608394W,
       author = {{Wu}, Jiannan and {Zhong}, Muyan and {Xing}, Sen and {Lai}, Zeqiang and {Liu}, Zhaoyang and {Wang}, Wenhai and {Chen}, Zhe and {Zhu}, Xizhou and {Lu}, Lewei and {Lu}, Tong and {Luo}, Ping and {Qiao}, Yu and {Dai}, Jifeng},
        title = "{VisionLLM v2: An End-to-End Generalist Multimodal Large Language Model for Hundreds of Vision-Language Tasks}",
      journal = {arXiv e-prints},
     keywords = {Computer Science - Computer Vision and Pattern Recognition},
         year = 2024,
        month = jun,
          eid = {arXiv:2406.08394},
        pages = {arXiv:2406.08394},
          doi = {10.48550/arXiv.2406.08394},
archivePrefix = {arXiv},
       eprint = {2406.08394},
 primaryClass = {cs.CV},
       adsurl = {https://ui.adsabs.harvard.edu/abs/2024arXiv240608394W},
      adsnote = {Provided by the SAO/NASA Astrophysics Data System}
}

@ARTICLE{2024arXiv240701102R,
       author = {{Rau}, David and {D{\'e}jean}, Herv{\'e} and {Chirkova}, Nadezhda and {Formal}, Thibault and {Wang}, Shuai and {Nikoulina}, Vassilina and {Clinchant}, St{\'e}phane},
        title = "{BERGEN: A Benchmarking Library for Retrieval-Augmented Generation}",
      journal = {arXiv e-prints},
     keywords = {Computer Science - Computation and Language, Computer Science - Information Retrieval},
         year = 2024,
        month = jul,
          eid = {arXiv:2407.01102},
        pages = {arXiv:2407.01102},
          doi = {10.48550/arXiv.2407.01102},
archivePrefix = {arXiv},
       eprint = {2407.01102},
 primaryClass = {cs.CL},
       adsurl = {https://ui.adsabs.harvard.edu/abs/2024arXiv240701102R},
      adsnote = {Provided by the SAO/NASA Astrophysics Data System}
}

@article{2024arXiv240721783D,
       author = {{Dubey}, Abhimanyu and {Jauhri}, Abhinav and {Pandey}, Abhinav and {Kadian}, Abhishek and {Al-Dahle}, Ahmad and {Letman}, Aiesha and {Mathur}, Akhil and {Schelten}, Alan and {Yang}, Amy and others},
        title = "{The Llama 3 Herd of Models}",
      journal = {arXiv e-prints},
     keywords = {Computer Science - Artificial Intelligence, Computer Science - Computation and Language, Computer Science - Computer Vision and Pattern Recognition},
         year = 2024,
        month = jul,
          eid = {arXiv:2407.21783},
        pages = {arXiv:2407.21783},
          doi = {10.48550/arXiv.2407.21783}
}

@ARTICLE{2024arXiv240802114F,
       author = {{Foolad}, Shima and {Kiani}, Kourosh and {Rastgoo}, Razieh},
        title = "{Recent Advances in Multi-Choice Machine Reading Comprehension: A Survey on Methods and Datasets}",
      journal = {arXiv e-prints},
     keywords = {Computer Science - Computation and Language, Computer Science - Machine Learning},
         year = 2024,
        month = aug,
          eid = {arXiv:2408.02114},
        pages = {arXiv:2408.02114},
          doi = {10.48550/arXiv.2408.02114},
archivePrefix = {arXiv},
       eprint = {2408.02114},
 primaryClass = {cs.CL},
       adsurl = {https://ui.adsabs.harvard.edu/abs/2024arXiv240802114F},
      adsnote = {Provided by the SAO/NASA Astrophysics Data System}
}

@ARTICLE{2024arXiv240817344C,
       author = {{Clavi{\'e}}, Benjamin},
        title = "{rerankers: A Lightweight Python Library to Unify Ranking Methods}",
      journal = {arXiv e-prints},
     keywords = {Computer Science - Information Retrieval, Computer Science - Artificial Intelligence},
         year = 2024,
        month = aug,
          eid = {arXiv:2408.17344},
        pages = {arXiv:2408.17344},
          doi = {10.48550/arXiv.2408.17344},
archivePrefix = {arXiv},
       eprint = {2408.17344},
 primaryClass = {cs.IR},
       adsurl = {https://ui.adsabs.harvard.edu/abs/2024arXiv240817344C},
      adsnote = {Provided by the SAO/NASA Astrophysics Data System}
}

@ARTICLE{2024arXiv241201626M,
       author = {{Mozafari}, Jamshid and {Gerhold}, Florian and {Jatowt}, Adam},
        title = "{Using Large Language Models in Automatic Hint Ranking and Generation Tasks}",
      journal = {arXiv e-prints},
     keywords = {Computer Science - Computation and Language, Computer Science - Information Retrieval},
         year = 2024,
        month = dec,
          eid = {arXiv:2412.01626},
        pages = {arXiv:2412.01626},
          doi = {10.48550/arXiv.2412.01626}
}

@INPROCEEDINGS{7732102,
  author={Das, Rubel and Ray, Antariksha and Mondal, Souvik and Das, Dipankar},
  booktitle={2016 International Conference on Advances in Computing, Communications and Informatics (ICACCI)}, 
  title={A rule based question generation framework to deal with simple and complex sentences}, 
  year={2016},
  volume={},
  number={},
  pages={542-548},
  keywords={Informatics;Semantics;Error analysis;Natural languages;Syntactics;Pragmatics;Computer science},
  doi={10.1109/ICACCI.2016.7732102}}

@INPROCEEDINGS{9621874,
  author={Aigo, Kosuke and Tsunakawa, Takashi and Nishida, Masafumi and Nishimura, Masafumi},
  booktitle={2021 IEEE 10th Global Conference on Consumer Electronics (GCCE)}, 
  title={Question Generation using Knowledge Graphs with the T5 Language Model and Masked Self-Attention}, 
  year={2021},
  volume={},
  number={},
  pages={85-87},
  keywords={Codes;Conferences;Benchmark testing;Task analysis;Consumer electronics;Context modeling;KG2QG;Question generation;T5 language model},
  doi={10.1109/GCCE53005.2021.9621874}}

@INPROCEEDINGS{9991478,
  author={Wang, Luqi and Zheng, Kaiwen and Qian, Liyin and Li, Sheng},
  booktitle={2022 International Conference on High Performance Big Data and Intelligent Systems (HDIS)}, 
  title={A Survey of Extractive Question Answering}, 
  year={2022},
  volume={},
  number={},
  pages={147-153},
  keywords={Big Data;Question answering (information retrieval);Data models;Data mining;Task analysis;Intelligent systems;question answering;attention mechanism;single-span extractive;multi-span extractive},
  doi={10.1109/HDIS56859.2022.9991478}}

@Article{Abdallah2023,
author={Abdallah, Abdelrahman
and Piryani, Bhawna
and Jatowt, Adam},
title={Exploring the state of the art in legal QA systems},
journal={Journal of Big Data},
year={2023},
month={Aug},
day={12},
volume={10},
number={1},
pages={127},
issn={2196-1115},
doi={10.1186/s40537-023-00802-8},
url={https://doi.org/10.1186/s40537-023-00802-8}
}

@article{Chen_Lin_Han_Sun_2024, title={Benchmarking Large Language Models in Retrieval-Augmented Generation}, volume={38}, url={https://ojs.aaai.org/index.php/AAAI/article/view/29728}, DOI={10.1609/aaai.v38i16.29728},  number={16}, journal={Proceedings of the AAAI Conference on Artificial Intelligence}, author={Chen, Jiawei and Lin, Hongyu and Han, Xianpei and Sun, Le}, year={2024}, month={Mar.}, pages={17754-17762} }

@article{DBLP:journals/ftir/MaviJJ24,
  author       = {Vaibhav Mavi and
                  Anubhav Jangra and
                  Adam Jatowt},
  title        = {Multi-hop Question Answering},
  journal      = {Found. Trends Inf. Retr.},
  volume       = {17},
  number       = {5},
  pages        = {457--586},
  year         = {2024},
  url          = {https://doi.org/10.1561/1500000102},
  doi          = {10.1561/1500000102},
  timestamp    = {Mon, 01 Jul 2024 20:47:48 +0200},
  biburl       = {https://dblp.org/rec/journals/ftir/MaviJJ24.bib},
  bibsource    = {dblp computer science bibliography, https://dblp.org}
}

@Article{Goyal2024,
author={Goyal, Rupali
and Kumar, Parteek
and Singh, V. P.},
title={Automated Question and Answer Generation from Texts using Text-to-Text Transformers},
journal={Arabian Journal for Science and Engineering},
year={2024},
month={Mar},
day={01},
volume={49},
number={3},
pages={3027-3041},
issn={2191-4281},
doi={10.1007/s13369-023-07840-7},
url={https://doi.org/10.1007/s13369-023-07840-7}
}

@Article{Kochmar2022,
author={Kochmar, Ekaterina
and Vu, Dung Do
and Belfer, Robert
and Gupta, Varun
and Serban, Iulian Vlad
and Pineau, Joelle},
title={Automated Data-Driven Generation of Personalized Pedagogical Interventions in Intelligent Tutoring Systems},
journal={International Journal of Artificial Intelligence in Education},
year={2022},
month={Jun},
day={01},
volume={32},
number={2},
pages={323-349},
issn={1560-4306},
doi={10.1007/s40593-021-00267-x},
url={https://doi.org/10.1007/s40593-021-00267-x}
}

@Article{Price2019,
author={Price, Thomas W.
and Dong, Yihuan
and Zhi, Rui
and Paa{\ss}en, Benjamin
and Lytle, Nicholas
and Catet{\'e}, Veronica
and Barnes, Tiffany},
title={A Comparison of the Quality of Data-Driven Programming Hint Generation Algorithms},
journal={International Journal of Artificial Intelligence in Education},
year={2019},
month={Aug},
day={01},
volume={29},
number={3},
pages={368-395},
issn={1560-4306},
doi={10.1007/s40593-019-00177-z},
url={https://doi.org/10.1007/s40593-019-00177-z}
}

@article{abdel2023deep,
  title={Deep learning-based question answering: a survey},
  author={Abdel-Nabi, Heba and Awajan, Arafat and Ali, Mostafa Z},
  journal={Knowledge and Information Systems},
  volume={65},
  number={4},
  pages={1399--1485},
  year={2023},
  publisher={Springer},
  doi={10.1007/s10115-022-01783-5}
}

@inproceedings{amini-etal-2019-mathqa,
    title = "{M}ath{QA}: Towards Interpretable Math Word Problem Solving with Operation-Based Formalisms",
    author = "Amini, Aida  and
      Gabriel, Saadia  and
      Lin, Shanchuan  and
      Koncel-Kedziorski, Rik  and
      Choi, Yejin  and
      Hajishirzi, Hannaneh",
    editor = "Burstein, Jill  and
      Doran, Christy  and
      Solorio, Thamar",
    booktitle = "Proceedings of the 2019 Conference of the North {A}merican Chapter of the Association for Computational Linguistics: Human Language Technologies, Volume 1 (Long and Short Papers)",
    month = jun,
    year = "2019",
    address = "Minneapolis, Minnesota",
    publisher = "Association for Computational Linguistics",
    url = "https://aclanthology.org/N19-1245",
    doi = "10.18653/v1/N19-1245",
    pages = "2357--2367"
}

@inproceedings{banerjee-lavie-2005-meteor,
    title = "{METEOR}: An Automatic Metric for {MT} Evaluation with Improved Correlation with Human Judgments",
    author = "Banerjee, Satanjeev  and
      Lavie, Alon",
    editor = "Goldstein, Jade  and
      Lavie, Alon  and
      Lin, Chin-Yew  and
      Voss, Clare",
    booktitle = "Proceedings of the {ACL} Workshop on Intrinsic and Extrinsic Evaluation Measures for Machine Translation and/or Summarization",
    month = jun,
    year = "2005",
    address = "Ann Arbor, Michigan",
    publisher = "Association for Computational Linguistics",
    url = "https://aclanthology.org/W05-0909",
    pages = "65--72",
}

@inproceedings{berant-etal-2013-semantic,
    title = "Semantic Parsing on {F}reebase from Question-Answer Pairs",
    author = "Berant, Jonathan  and
      Chou, Andrew  and
      Frostig, Roy  and
      Liang, Percy",
    editor = "Yarowsky, David  and
      Baldwin, Timothy  and
      Korhonen, Anna  and
      Livescu, Karen  and
      Bethard, Steven",
    booktitle = "Proceedings of the 2013 Conference on Empirical Methods in Natural Language Processing",
    month = oct,
    year = "2013",
    address = "Seattle, Washington, USA",
    publisher = "Association for Computational Linguistics",
    url = "https://aclanthology.org/D13-1160",
    pages = "1533--1544",
}

@inproceedings{bulian-etal-2022-tomayto,
    title = "Tomayto, Tomahto. Beyond Token-level Answer Equivalence for Question Answering Evaluation",
    author = {Bulian, Jannis  and
      Buck, Christian  and
      Gajewski, Wojciech  and
      B{\"o}rschinger, Benjamin  and
      Schuster, Tal},
    editor = "Goldberg, Yoav  and
      Kozareva, Zornitsa  and
      Zhang, Yue",
    booktitle = "Proceedings of the 2022 Conference on Empirical Methods in Natural Language Processing",
    month = dec,
    year = "2022",
    address = "Abu Dhabi, United Arab Emirates",
    publisher = "Association for Computational Linguistics",
    url = "https://aclanthology.org/2022.emnlp-main.20",
    doi = "10.18653/v1/2022.emnlp-main.20",
    pages = "291--305"
}

@inproceedings{clark-etal-2019-boolq,
    title = "{B}ool{Q}: Exploring the Surprising Difficulty of Natural Yes/No Questions",
    author = "Clark, Christopher  and
      Lee, Kenton  and
      Chang, Ming-Wei  and
      Kwiatkowski, Tom  and
      Collins, Michael  and
      Toutanova, Kristina",
    editor = "Burstein, Jill  and
      Doran, Christy  and
      Solorio, Thamar",
    booktitle = "Proceedings of the 2019 Conference of the North {A}merican Chapter of the Association for Computational Linguistics: Human Language Technologies, Volume 1 (Long and Short Papers)",
    month = jun,
    year = "2019",
    address = "Minneapolis, Minnesota",
    publisher = "Association for Computational Linguistics",
    url = "https://aclanthology.org/N19-1300",
    doi = "10.18653/v1/N19-1300",
    pages = "2924--2936",
}

@article{clark-etal-2020-tydi,
    title = "{T}y{D}i {QA}: A Benchmark for Information-Seeking Question Answering in Typologically Diverse Languages",
    author = "Clark, Jonathan H.  and
      Choi, Eunsol  and
      Collins, Michael  and
      Garrette, Dan  and
      Kwiatkowski, Tom  and
      Nikolaev, Vitaly  and
      Palomaki, Jennimaria",
    editor = "Johnson, Mark  and
      Roark, Brian  and
      Nenkova, Ani",
    journal = "Transactions of the Association for Computational Linguistics",
    volume = "8",
    year = "2020",
    address = "Cambridge, MA",
    publisher = "MIT Press",
    url = "https://aclanthology.org/2020.tacl-1.30",
    doi = "10.1162/tacl_a_00317",
    pages = "454--470"
}

@inproceedings{fabbri-etal-2020-template,
    title = "Template-Based Question Generation from Retrieved Sentences for Improved Unsupervised Question Answering",
    author = "Fabbri, Alexander  and
      Ng, Patrick  and
      Wang, Zhiguo  and
      Nallapati, Ramesh  and
      Xiang, Bing",
    editor = "Jurafsky, Dan  and
      Chai, Joyce  and
      Schluter, Natalie  and
      Tetreault, Joel",
    booktitle = "Proceedings of the 58th Annual Meeting of the Association for Computational Linguistics",
    month = jul,
    year = "2020",
    address = "Online",
    publisher = "Association for Computational Linguistics",
    url = "https://aclanthology.org/2020.acl-main.413",
    doi = "10.18653/v1/2020.acl-main.413",
    pages = "4508--4513"
}

@inproceedings{fernando2008semantic,
  title={A semantic similarity approach to paraphrase detection},
  author={Fernando, Samuel and Stevenson, Mark},
  booktitle={Proceedings of the 11th annual research colloquium of the UK special interest group for computational linguistics},
  pages={45--52},
  year={2008}
}

@inproceedings{jatowt_kg_hint,
author = {Jatowt, Adam and Gehrer, Calvin and F\"{a}rber, Michael},
title = {Automatic Hint Generation},
year = {2023},
isbn = {9798400700736},
publisher = {Association for Computing Machinery},
address = {New York, NY, USA},
url = {https://doi.org/10.1145/3578337.3605119},
doi = {10.1145/3578337.3605119},
booktitle = {Proceedings of the 2023 ACM SIGIR International Conference on Theory of Information Retrieval},
pages = {117–123},
numpages = {7},
keywords = {hint generation, question answering, question generation},
location = {Taipei, Taiwan},
series = {ICTIR '23}
}

@inproceedings{joshi-etal-2017-triviaqa,
    title = "{T}rivia{QA}: A Large Scale Distantly Supervised Challenge Dataset for Reading Comprehension",
    author = "Joshi, Mandar  and
      Choi, Eunsol  and
      Weld, Daniel  and
      Zettlemoyer, Luke",
    editor = "Barzilay, Regina  and
      Kan, Min-Yen",
    booktitle = "Proceedings of the 55th Annual Meeting of the Association for Computational Linguistics (Volume 1: Long Papers)",
    month = jul,
    year = "2017",
    address = "Vancouver, Canada",
    publisher = "Association for Computational Linguistics",
    url = "https://aclanthology.org/P17-1147",
    doi = "10.18653/v1/P17-1147",
    pages = "1601--1611"
}

@book{jurafsky2013,
  author   = {Jurafsky, Daniel and Martin, James},
  title    = {{Speech and Language Processing Pearson New International Edition}},
}},
  pages    = {},
  publisher = {Pearson Deutschland},
  year     = {2013},
  isbn     = {9781292025438},
  doi      = {},
  url      = {https://elibrary.pearson.de/book/99.150005/9781292037936}
}

@article{kwiatkowski-etal-2019-natural,
    title = "Natural Questions: A Benchmark for Question Answering Research",
    author = "Kwiatkowski, Tom  and
      Palomaki, Jennimaria  and
      Redfield, Olivia  and
      Collins, Michael  and
      Parikh, Ankur  and
      Alberti, Chris  and
      Epstein, Danielle  and
      Polosukhin, Illia  and
      Devlin, Jacob  and
      Lee, Kenton  and
      Toutanova, Kristina  and
      Jones, Llion  and
      Kelcey, Matthew  and
      Chang, Ming-Wei  and
      Dai, Andrew M.  and
      Uszkoreit, Jakob  and
      Le, Quoc  and
      Petrov, Slav",
    editor = "Lee, Lillian  and
      Johnson, Mark  and
      Roark, Brian  and
      Nenkova, Ani",
    journal = "Transactions of the Association for Computational Linguistics",
    volume = "7",
    year = "2019",
    address = "Cambridge, MA",
    publisher = "MIT Press",
    url = "https://aclanthology.org/Q19-1026",
    doi = "10.1162/tacl_a_00276",
    pages = "452--466"
}

@inproceedings{li-etal-2024-self-prompting,
    title = "Self-Prompting Large Language Models for Zero-Shot Open-Domain {QA}",
    author = "Li, Junlong  and
      Wang, Jinyuan  and
      Zhang, Zhuosheng  and
      Zhao, Hai",
    editor = "Duh, Kevin  and
      Gomez, Helena  and
      Bethard, Steven",
    booktitle = "Proceedings of the 2024 Conference of the North American Chapter of the Association for Computational Linguistics: Human Language Technologies (Volume 1: Long Papers)",
    month = jun,
    year = "2024",
    address = "Mexico City, Mexico",
    publisher = "Association for Computational Linguistics",
    url = "https://aclanthology.org/2024.naacl-long.17",
    doi = "10.18653/v1/2024.naacl-long.17",
    pages = "296--310",
}

@inproceedings{lin-2004-rouge,
    title = "{ROUGE}: A Package for Automatic Evaluation of Summaries",
    author = "Lin, Chin-Yew",
    booktitle = "Text Summarization Branches Out",
    month = jul,
    year = "2004",
    address = "Barcelona, Spain",
    publisher = "Association for Computational Linguistics",
    url = "https://aclanthology.org/W04-1013",
    pages = "74--81",
}

@incollection{liu2020semantics,
  title={Semantics-reinforced networks for question generation},
  author={Liu, Zhuang and Huang, Kaiyu and Huang, Degen and Zhao, Jun},
  booktitle={ECAI 2020},
  pages={2078--2084},
  year={2020},
  publisher={IOS Press}
}

@ARTICLE{mozafari-hintqa,
    title = "Exploring Hint Generation Approaches for Open-Domain Question Answering",
    author = "Mozafari, Jamshid  and
      Abdallah, Abdelrahman  and
      Piryani, Bhawna  and
      Jatowt, Adam",
    editor = "Al-Onaizan, Yaser  and
      Bansal, Mohit  and
      Chen, Yun-Nung",
    booktitle = "Findings of the Association for Computational Linguistics: EMNLP 2024",
    month = nov,
    year = "2024",
    address = "Miami, Florida, USA",
    publisher = "Association for Computational Linguistics",
    url = "https://aclanthology.org/2024.findings-emnlp.546",
    doi = "10.18653/v1/2024.findings-emnlp.546",
    pages = "9327--9352"
}

@inproceedings{mozafari-triviahg,
author = {Mozafari, Jamshid and Jangra, Anubhav and Jatowt, Adam},
title = {TriviaHG: A Dataset for Automatic Hint Generation from Factoid Questions},
year = {2024},
isbn = {9798400704314},
publisher = {Association for Computing Machinery},
address = {New York, NY, USA},
url = {https://doi.org/10.1145/3626772.3657855},
doi = {10.1145/3626772.3657855},
pages = {2060–2070},
numpages = {11},
keywords = {hint generation, large language models, question answering},
location = {Washington DC, USA},
series = {SIGIR '24}
}

@InProceedings{pmlr-v139-ramesh21a,
  title = 	 {Zero-Shot Text-to-Image Generation},
  author =       {Ramesh, Aditya and Pavlov, Mikhail and Goh, Gabriel and Gray, Scott and Voss, Chelsea and Radford, Alec and Chen, Mark and Sutskever, Ilya},
  booktitle = 	 {Proceedings of the 38th International Conference on Machine Learning},
  pages = 	 {8821--8831},
  year = 	 {2021},
  editor = 	 {Meila, Marina and Zhang, Tong},
  volume = 	 {139},
  series = 	 {Proceedings of Machine Learning Research},
  month = 	 {18--24 Jul},
  publisher =    {PMLR},
  pdf = 	 {http://proceedings.mlr.press/v139/ramesh21a/ramesh21a.pdf},
  url = 	 {https://proceedings.mlr.press/v139/ramesh21a.html}
}

@article{punyakanok2004natural,
  title={Natural language inference via dependency tree mapping: An application to question answering},
  author={Punyakanok, Vasin and Roth, Dan and Yih, Wen-tau},
  year={2004}
}

@inproceedings{rajpurkar-etal-2018-know,
    title = "Know What You Don{'}t Know: Unanswerable Questions for {SQ}u{AD}",
    author = "Rajpurkar, Pranav  and
      Jia, Robin  and
      Liang, Percy",
    editor = "Gurevych, Iryna  and
      Miyao, Yusuke",
    booktitle = "Proceedings of the 56th Annual Meeting of the Association for Computational Linguistics (Volume 2: Short Papers)",
    month = jul,
    year = "2018",
    address = "Melbourne, Australia",
    publisher = "Association for Computational Linguistics",
    url = "https://aclanthology.org/P18-2124",
    doi = "10.18653/v1/P18-2124",
    pages = "784--789"
}

@article{reddy-etal-2019-coqa,
    title = "{C}o{QA}: A Conversational Question Answering Challenge",
    author = "Reddy, Siva  and
      Chen, Danqi  and
      Manning, Christopher D.",
    editor = "Lee, Lillian  and
      Johnson, Mark  and
      Roark, Brian  and
      Nenkova, Ani",
    journal = "Transactions of the Association for Computational Linguistics",
    volume = "7",
    year = "2019",
    address = "Cambridge, MA",
    publisher = "MIT Press",
    url = "https://aclanthology.org/Q19-1016",
    doi = "10.1162/tacl_a_00266",
    pages = "249--266"
}

@inproceedings{sachan-etal-2022-improving,
    title = "Improving Passage Retrieval with Zero-Shot Question Generation",
    author = "Sachan, Devendra  and
      Lewis, Mike  and
      Joshi, Mandar  and
      Aghajanyan, Armen  and
      Yih, Wen-tau  and
      Pineau, Joelle  and
      Zettlemoyer, Luke",
    editor = "Goldberg, Yoav  and
      Kozareva, Zornitsa  and
      Zhang, Yue",
    booktitle = "Proceedings of the 2022 Conference on Empirical Methods in Natural Language Processing",
    month = dec,
    year = "2022",
    address = "Abu Dhabi, United Arab Emirates",
    publisher = "Association for Computational Linguistics",
    url = "https://aclanthology.org/2022.emnlp-main.249",
    doi = "10.18653/v1/2022.emnlp-main.249",
    pages = "3781--3797"
}

@inproceedings{sun-etal-2023-chatgpt,
    title = "Is {C}hat{GPT} Good at Search? Investigating Large Language Models as Re-Ranking Agents",
    author = "Sun, Weiwei  and
      Yan, Lingyong  and
      Ma, Xinyu  and
      Wang, Shuaiqiang  and
      Ren, Pengjie  and
      Chen, Zhumin  and
      Yin, Dawei  and
      Ren, Zhaochun",
    editor = "Bouamor, Houda  and
      Pino, Juan  and
      Bali, Kalika",
    booktitle = "Proceedings of the 2023 Conference on Empirical Methods in Natural Language Processing",
    month = dec,
    year = "2023",
    address = "Singapore",
    publisher = "Association for Computational Linguistics",
    url = "https://aclanthology.org/2023.emnlp-main.923",
    doi = "10.18653/v1/2023.emnlp-main.923",
    pages = "14918--14937"
}

@inproceedings{talmor-etal-2019-commonsenseqa,
    title = "{C}ommonsense{QA}: A Question Answering Challenge Targeting Commonsense Knowledge",
    author = "Talmor, Alon  and
      Herzig, Jonathan  and
      Lourie, Nicholas  and
      Berant, Jonathan",
    editor = "Burstein, Jill  and
      Doran, Christy  and
      Solorio, Thamar",
    booktitle = "Proceedings of the 2019 Conference of the North {A}merican Chapter of the Association for Computational Linguistics: Human Language Technologies, Volume 1 (Long and Short Papers)",
    month = jun,
    year = "2019",
    address = "Minneapolis, Minnesota",
    publisher = "Association for Computational Linguistics",
    url = "https://aclanthology.org/N19-1421",
    doi = "10.18653/v1/N19-1421",
    pages = "4149--4158"
}

@inproceedings{ushio-etal-2023-practical,
    title = "A Practical Toolkit for Multilingual Question and Answer Generation",
    author = "Ushio, Asahi  and
      Alva-Manchego, Fernando  and
      Camacho-Collados, Jose",
    editor = "Bollegala, Danushka  and
      Huang, Ruihong  and
      Ritter, Alan",
    booktitle = "Proceedings of the 61st Annual Meeting of the Association for Computational Linguistics (Volume 3: System Demonstrations)",
    month = jul,
    year = "2023",
    address = "Toronto, Canada",
    publisher = "Association for Computational Linguistics",
    url = "https://aclanthology.org/2023.acl-demo.8",
    doi = "10.18653/v1/2023.acl-demo.8",
    pages = "86--94"
}

@inproceedings{wang-etal-2021-generative,
    title = "Can Generative Pre-trained Language Models Serve As Knowledge Bases for Closed-book {QA}?",
    author = "Wang, Cunxiang  and
      Liu, Pai  and
      Zhang, Yue",
    editor = "Zong, Chengqing  and
      Xia, Fei  and
      Li, Wenjie  and
      Navigli, Roberto",
    booktitle = "Proceedings of the 59th Annual Meeting of the Association for Computational Linguistics and the 11th International Joint Conference on Natural Language Processing (Volume 1: Long Papers)",
    month = aug,
    year = "2021",
    address = "Online",
    publisher = "Association for Computational Linguistics",
    url = "https://aclanthology.org/2021.acl-long.251",
    doi = "10.18653/v1/2021.acl-long.251",
    pages = "3241--3251",
}

@inproceedings{yang-etal-2018-hotpotqa,
    title = "{H}otpot{QA}: A Dataset for Diverse, Explainable Multi-hop Question Answering",
    author = "Yang, Zhilin  and
      Qi, Peng  and
      Zhang, Saizheng  and
      Bengio, Yoshua  and
      Cohen, William  and
      Salakhutdinov, Ruslan  and
      Manning, Christopher D.",
    editor = "Riloff, Ellen  and
      Chiang, David  and
      Hockenmaier, Julia  and
      Tsujii, Jun{'}ichi",
    booktitle = "Proceedings of the 2018 Conference on Empirical Methods in Natural Language Processing",
    month = oct # "-" # nov,
    year = "2018",
    address = "Brussels, Belgium",
    publisher = "Association for Computational Linguistics",
    url = "https://aclanthology.org/D18-1259",
    doi = "10.18653/v1/D18-1259",
    pages = "2369--2380"
}

@inproceedings{yuan-etal-2023-selecting,
    title = "Selecting Better Samples from Pre-trained {LLM}s: A Case Study on Question Generation",
    author = "Yuan, Xingdi  and
      Wang, Tong  and
      Wang, Yen-Hsiang  and
      Fine, Emery  and
      Abdelghani, Rania  and
      Sauz{\'e}on, H{\'e}l{\`e}ne  and
      Oudeyer, Pierre-Yves",
    editor = "Rogers, Anna  and
      Boyd-Graber, Jordan  and
      Okazaki, Naoaki",
    booktitle = "Findings of the Association for Computational Linguistics: ACL 2023",
    month = jul,
    year = "2023",
    address = "Toronto, Canada",
    publisher = "Association for Computational Linguistics",
    url = "https://aclanthology.org/2023.findings-acl.820",
    doi = "10.18653/v1/2023.findings-acl.820",
    pages = "12952--12965",
}

