@article{yan2012controlling,
  title={Controlling complex networks: How much energy is needed?},
  author={Yan, Gang and Ren, Jie and Lai, Ying-Cheng and Lai, Choy-Heng and Li, Baowen},
  journal={Physical review letters},
  volume={108},
  number={21},
  pages={218703},
  year={2012},
  publisher={APS}
}

@article{lindmark2018minimum,
  title={Minimum energy control for complex networks},
  author={Lindmark, Gustav and Altafini, Claudio},
  journal={Scientific reports},
  volume={8},
  number={1},
  pages={3188},
  year={2018},
  publisher={Nature Publishing Group UK London}
}

@article{liu2011controllability,
  title={Controllability of complex networks},
  author={Liu, Yang-Yu and Slotine, Jean-Jacques and Barab{\'a}si, Albert-L{\'a}szl{\'o}},
  journal={nature},
  volume={473},
  number={7346},
  pages={167--173},
  year={2011},
  publisher={Nature Publishing Group UK London}
}

@article{gao2014target,
  title={Target control of complex networks},
  author={Gao, Jianxi and Liu, Yang-Yu and D'souza, Raissa M and Barab{\'a}si, Albert-L{\'a}szl{\'o}},
  journal={Nature communications},
  volume={5},
  number={1},
  pages={1--8},
  year={2014},
  publisher={Nature Publishing Group}
}

@article{baggio2021data,
  title={Data-driven control of complex networks},
  author={Baggio, Giacomo and Bassett, Danielle S and Pasqualetti, Fabio},
  journal={Nature communications},
  volume={12},
  number={1},
  pages={1429},
  year={2021},
  publisher={Nature Publishing Group UK London}
}

@article{li2006pid,
  title={PID control system analysis and design},
  author={Li, Yun and Ang, Kiam Heong and Chong, Gregory CY},
  journal={IEEE Control Systems Magazine},
  volume={26},
  number={1},
  pages={32--41},
  year={2006},
  publisher={IEEE}
}

@inproceedings{haarnoja2018soft,
  title={Soft actor-critic: Off-policy maximum entropy deep reinforcement learning with a stochastic actor},
  author={Haarnoja, Tuomas and Zhou, Aurick and Abbeel, Pieter and Levine, Sergey},
  booktitle={International conference on machine learning},
  pages={1861--1870},
  year={2018},
  organization={PMLR}
}

@article{pomerleau1988alvinn,
  title={Alvinn: An autonomous land vehicle in a neural network},
  author={Pomerleau, Dean A},
  journal={Advances in neural information processing systems},
  volume={1},
  year={1988}
}

@inproceedings{hwang2022solving,
  title={Solving pde-constrained control problems using operator learning},
  author={Hwang, Rakhoon and Lee, Jae Yong and Shin, Jin Young and Hwang, Hyung Ju},
  booktitle={Proceedings of the AAAI Conference on Artificial Intelligence},
  volume={36},
  number={4},
  pages={4504--4512},
  year={2022}
}

@article{wei2024generative,
  title={A Generative Approach to Control Complex Physical Systems},
  author={Wei, Long and Hu, Peiyan and Feng, Ruiqi and Feng, Haodong and Du, Yixuan and Zhang, Tao and Wang, Rui and Wang, Yue and Ma, Zhi-Ming and Wu, Tailin},
  journal={arXiv preprint arXiv:2407.06494},
  year={2024}
}



@article{dhariwal2021diffusion,
  title={Diffusion models beat gans on image synthesis},
  author={Dhariwal, Prafulla and Nichol, Alexander},
  journal={Advances in neural information processing systems},
  volume={34},
  pages={8780--8794},
  year={2021}
}

@article{kong2020diffwave,
  title={Diffwave: A versatile diffusion model for audio synthesis},
  author={Kong, Zhifeng and Ping, Wei and Huang, Jiaji and Zhao, Kexin and Catanzaro, Bryan},
  journal={arXiv preprint arXiv:2009.09761},
  year={2020}
}
@article{ho2020denoising,
  title={Denoising diffusion probabilistic models},
  author={Ho, Jonathan and Jain, Ajay and Abbeel, Pieter},
  journal={Advances in neural information processing systems},
  volume={33},
  pages={6840--6851},
  year={2020}
}
@article{ho2022video,
  title={Video diffusion models},
  author={Ho, Jonathan and Salimans, Tim and Gritsenko, Alexey and Chan, William and Norouzi, Mohammad and Fleet, David J},
  journal={Advances in Neural Information Processing Systems},
  volume={35},
  pages={8633--8646},
  year={2022}
}

@article{chung2022diffusion,
  title={Diffusion posterior sampling for general noisy inverse problems},
  author={Chung, Hyungjin and Kim, Jeongsol and Mccann, Michael T and Klasky, Marc L and Ye, Jong Chul},
  journal={arXiv preprint arXiv:2209.14687},
  year={2022}
}

@article{ajay2022conditional,
  title={Is conditional generative modeling all you need for decision-making?},
  author={Ajay, Anurag and Du, Yilun and Gupta, Abhi and Tenenbaum, Joshua and Jaakkola, Tommi and Agrawal, Pulkit},
  journal={arXiv preprint arXiv:2211.15657},
  year={2022}
}

@article{janner2022planning,
  title={Planning with diffusion for flexible behavior synthesis},
  author={Janner, Michael and Du, Yilun and Tenenbaum, Joshua B and Levine, Sergey},
  journal={arXiv preprint arXiv:2205.09991},
  year={2022}
}

@inproceedings{krishnamoorthy2023diffusion,
  title={Diffusion models for black-box optimization},
  author={Krishnamoorthy, Siddarth and Mashkaria, Satvik Mehul and Grover, Aditya},
  booktitle={International Conference on Machine Learning},
  pages={17842--17857},
  year={2023},
  organization={PMLR}
}

@article{sun2023difusco,
  title={Difusco: Graph-based diffusion solvers for combinatorial optimization},
  author={Sun, Zhiqing and Yang, Yiming},
  journal={Advances in Neural Information Processing Systems},
  volume={36},
  pages={3706--3731},
  year={2023}
}

@article{sohl2015deep,
  title={Deep unsupervised learning using nonequilibrium thermodynamics},
  author={Sohl-Dickstein, Jascha and Weiss, Eric and Maheswaranathan, Niru and Ganguli, Surya},
  journal={International Conference on Machine Learning},
  pages={2256--2265},
  year={2015},
  organization={PMLR}
}

@article{song2019generative,
  title={Generative modeling by estimating gradients of the data distribution},
  author={Song, Yang and Ermon, Stefano},
  journal={Advances in Neural Information Processing Systems},
  volume={32},
  year={2019}
}

@article{ho2022classifier,
  title={Classifier-free diffusion guidance},
  author={Ho, Jonathan and Salimans, Tim},
  journal={arXiv preprint arXiv:2207.12598},
  year={2022}
}

@article{ramesh2022hierarchical,
  title={Hierarchical text-conditional image generation with clip latents},
  author={Ramesh, Aditya and Dhariwal, Prafulla and Nichol, Alex and Chu, Casey and Chen, Mark},
  journal={arXiv preprint arXiv:2204.06125},
  year={2022}
}

@article{poole2022dreamfusion,
  title={Dreamfusion: Text-to-3d using 2d diffusion},
  author={Poole, Ben and Jain, Ajay and Barron, Jonathan T and Mildenhall, Ben},
  journal={arXiv preprint arXiv:2209.14988},
  year={2022}
}

@inproceedings{lugmayr2022repaint,
  title={Repaint: Inpainting using denoising diffusion probabilistic models},
  author={Lugmayr, Andreas and Danelljan, Martin and Romero, Andres and Yu, Fisher and Timofte, Radu and Van Gool, Luc},
  booktitle={Proceedings of the IEEE/CVF conference on computer vision and pattern recognition},
  pages={11461--11471},
  year={2022}
}
@article{agrawal2016learning,
  title={Learning to poke by poking: Experiential learning of intuitive physics},
  author={Agrawal, Pulkit and Nair, Ashvin V and Abbeel, Pieter and Malik, Jitendra and Levine, Sergey},
  journal={Advances in neural information processing systems},
  volume={29},
  year={2016}
}

@article{acebron2005kuramoto,
  title={The Kuramoto model: A simple paradigm for synchronization phenomena},
  author={Acebr{\'o}n, Juan A and Bonilla, Luis L and P{\'e}rez Vicente, Conrad J and Ritort, F{\'e}lix and Spigler, Renato},
  journal={Reviews of modern physics},
  volume={77},
  number={1},
  pages={137--185},
  year={2005},
  publisher={APS}
}

@article{tang2014synchronization,
  title={Synchronization in complex networks and its application--a survey of recent advances and challenges},
  author={Tang, Yang and Qian, Feng and Gao, Huijun and Kurths, J{\"u}rgen},
  journal={Annual Reviews in Control},
  volume={38},
  number={2},
  pages={184--198},
  year={2014},
  publisher={Elsevier}
}

@article{susuki2011coherent,
  title={Coherent swing instability of power grids},
  author={Susuki, Yoshihiko and Mezi{\'c}, Igor and Hikihara, Takashi},
  journal={Journal of nonlinear science},
  volume={21},
  pages={403--439},
  year={2011},
  publisher={Springer}
}

@article{ladyman2013complex,
  title={What is a complex system?},
  author={Ladyman, James and Lambert, James and Wiesner, Karoline},
  journal={European Journal for Philosophy of Science},
  volume={3},
  pages={33--67},
  year={2013},
  publisher={Springer}
}

@article{zhu2018big,
  title={Big data analytics in intelligent transportation systems: A survey},
  author={Zhu, Li and Yu, Fei Richard and Wang, Yige and Ning, Bin and Tang, Tao},
  journal={IEEE Transactions on Intelligent Transportation Systems},
  volume={20},
  number={1},
  pages={383--398},
  year={2018},
  publisher={IEEE}
}

@article{holl2020learning,
  title={Learning to control pdes with differentiable physics},
  author={Holl, Philipp and Koltun, Vladlen and Thuerey, Nils},
  journal={arXiv preprint arXiv:2001.07457},
  year={2020}
}

@article{bottcher2022ai,
  title={AI Pontryagin or how artificial neural networks learn to control dynamical systems},
  author={B{\"o}ttcher, Lucas and Antulov-Fantulin, Nino and Asikis, Thomas},
  journal={Nature communications},
  volume={13},
  number={1},
  pages={333},
  year={2022},
  publisher={Nature Publishing Group UK London}
}

@article{zhang2022pde,
  title={PDE modeling and tracking control for the flexible tail of an autonomous robotic fish},
  author={Zhang, Shuang and Qian, Xinyu and Liu, Zhijie and Li, Qing and Li, Guang},
  journal={IEEE Transactions on Systems, Man, and Cybernetics: Systems},
  volume={52},
  number={12},
  pages={7618--7627},
  year={2022},
  publisher={IEEE}
}

@article{zhou2024adaptive,
  title={Adaptive online replanning with diffusion models},
  author={Zhou, Siyuan and Du, Yilun and Zhang, Shun and Xu, Mengdi and Shen, Yikang and Xiao, Wei and Yeung, Dit-Yan and Gan, Chuang},
  journal={Advances in Neural Information Processing Systems},
  volume={36},
  year={2024}
}

@misc{song2021scorebasedgenerativemodelingstochastic,
      title={Score-Based Generative Modeling through Stochastic Differential Equations}, 
      author={Yang Song and Jascha Sohl-Dickstein and Diederik P. Kingma and Abhishek Kumar and Stefano Ermon and Ben Poole},
      year={2021},
      eprint={2011.13456},
      archivePrefix={arXiv},
      primaryClass={cs.LG},
      url={https://arxiv.org/abs/2011.13456}, 
}

@article{zhuang2023behavior,
  title={Behavior proximal policy optimization},
  author={Zhuang, Zifeng and Lei, Kun and Liu, Jinxin and Wang, Donglin and Guo, Yilang},
  journal={arXiv preprint arXiv:2302.11312},
  year={2023}
}

@article{liang2023adaptdiffuser,
  title={Adaptdiffuser: Diffusion models as adaptive self-evolving planners},
  author={Liang, Zhixuan and Mu, Yao and Ding, Mingyu and Ni, Fei and Tomizuka, Masayoshi and Luo, Ping},
  journal={arXiv preprint arXiv:2302.01877},
  year={2023}
}

@article{boubaker2013inverted,
  title={The inverted pendulum benchmark in nonlinear control theory: a survey},
  author={Boubaker, Olfa},
  journal={International Journal of Advanced Robotic Systems},
  volume={10},
  number={5},
  pages={233},
  year={2013},
  publisher={SAGE Publications Sage UK: London, England}
}

@article{gu2015controllability,
  title={Controllability of structural brain networks},
  author={Gu, Shi and Pasqualetti, Fabio and Cieslak, Matthew and Telesford, Qawi K and Yu, Alfred B and Kahn, Ari E and Medaglia, John D and Vettel, Jean M and Miller, Michael B and Grafton, Scott T and others},
  journal={Nature communications},
  volume={6},
  number={1},
  pages={8414},
  year={2015},
  publisher={Nature Publishing Group UK London}
}

@article{gupta2022learning,
  title={Learning modular simulations for homogeneous systems},
  author={Gupta, Jayesh and Vemprala, Sai and Kapoor, Ashish},
  journal={Advances in Neural Information Processing Systems},
  volume={35},
  pages={14852--14864},
  year={2022}
}

@misc{ding2024artificialintelligencecomplexnetwork,
      title={Artificial Intelligence for Complex Network: Potential, Methodology and Application}, 
      author={Jingtao Ding and Chang Liu and Yu Zheng and Yunke Zhang and Zihan Yu and Ruikun Li and Hongyi Chen and Jinghua Piao and Huandong Wang and Jiazhen Liu and Yong Li},
      year={2024},
      eprint={2402.16887},
      archivePrefix={arXiv},
      primaryClass={cs.SI},
      url={https://arxiv.org/abs/2402.16887}, 
}