@article{ajay2022conditional,
  title={Is conditional generative modeling all you need for decision-making?},
  author={Ajay, Anurag and Du, Yilun and Gupta, Abhi and Tenenbaum, Joshua and Jaakkola, Tommi and Agrawal, Pulkit},
  journal={arXiv preprint arXiv:2211.15657},
  year={2022}
}

@article{baggio2021data,
  title={Data-driven control of complex networks},
  author={Baggio, Giacomo and Bassett, Danielle S and Pasqualetti, Fabio},
  journal={Nature communications},
  volume={12},
  number={1},
  pages={1429},
  year={2021},
  publisher={Nature Publishing Group UK London}
}

@article{chung2022diffusion,
  title={Diffusion posterior sampling for general noisy inverse problems},
  author={Chung, Hyungjin and Kim, Jeongsol and Mccann, Michael T and Klasky, Marc L and Ye, Jong Chul},
  journal={arXiv preprint arXiv:2209.14687},
  year={2022}
}

@article{dhariwal2021diffusion,
  title={Diffusion models beat gans on image synthesis},
  author={Dhariwal, Prafulla and Nichol, Alexander},
  journal={Advances in neural information processing systems},
  volume={34},
  pages={8780--8794},
  year={2021}
}

@inproceedings{haarnoja2018soft,
  title={Soft actor-critic: Off-policy maximum entropy deep reinforcement learning with a stochastic actor},
  author={Haarnoja, Tuomas and Zhou, Aurick and Abbeel, Pieter and Levine, Sergey},
  booktitle={International conference on machine learning},
  pages={1861--1870},
  year={2018},
  organization={PMLR}
}

@article{ho2020denoising,
  title={Denoising diffusion probabilistic models},
  author={Ho, Jonathan and Jain, Ajay and Abbeel, Pieter},
  journal={Advances in neural information processing systems},
  volume={33},
  pages={6840--6851},
  year={2020}
}

@article{ho2022video,
  title={Video diffusion models},
  author={Ho, Jonathan and Salimans, Tim and Gritsenko, Alexey and Chan, William and Norouzi, Mohammad and Fleet, David J},
  journal={Advances in Neural Information Processing Systems},
  volume={35},
  pages={8633--8646},
  year={2022}
}

@inproceedings{hwang2022solving,
  title={Solving pde-constrained control problems using operator learning},
  author={Hwang, Rakhoon and Lee, Jae Yong and Shin, Jin Young and Hwang, Hyung Ju},
  booktitle={Proceedings of the AAAI Conference on Artificial Intelligence},
  volume={36},
  number={4},
  pages={4504--4512},
  year={2022}
}

@article{janner2022planning,
  title={Planning with diffusion for flexible behavior synthesis},
  author={Janner, Michael and Du, Yilun and Tenenbaum, Joshua B and Levine, Sergey},
  journal={arXiv preprint arXiv:2205.09991},
  year={2022}
}

@article{kong2020diffwave,
  title={Diffwave: A versatile diffusion model for audio synthesis},
  author={Kong, Zhifeng and Ping, Wei and Huang, Jiaji and Zhao, Kexin and Catanzaro, Bryan},
  journal={arXiv preprint arXiv:2009.09761},
  year={2020}
}

@inproceedings{krishnamoorthy2023diffusion,
  title={Diffusion models for black-box optimization},
  author={Krishnamoorthy, Siddarth and Mashkaria, Satvik Mehul and Grover, Aditya},
  booktitle={International Conference on Machine Learning},
  pages={17842--17857},
  year={2023},
  organization={PMLR}
}

@article{li2006pid,
  title={PID control system analysis and design},
  author={Li, Yun and Ang, Kiam Heong and Chong, Gregory CY},
  journal={IEEE Control Systems Magazine},
  volume={26},
  number={1},
  pages={32--41},
  year={2006},
  publisher={IEEE}
}

@article{liang2023adaptdiffuser,
  title={Adaptdiffuser: Diffusion models as adaptive self-evolving planners},
  author={Liang, Zhixuan and Mu, Yao and Ding, Mingyu and Ni, Fei and Tomizuka, Masayoshi and Luo, Ping},
  journal={arXiv preprint arXiv:2302.01877},
  year={2023}
}

@article{pomerleau1988alvinn,
  title={Alvinn: An autonomous land vehicle in a neural network},
  author={Pomerleau, Dean A},
  journal={Advances in neural information processing systems},
  volume={1},
  year={1988}
}

@article{sun2023difusco,
  title={Difusco: Graph-based diffusion solvers for combinatorial optimization},
  author={Sun, Zhiqing and Yang, Yiming},
  journal={Advances in Neural Information Processing Systems},
  volume={36},
  pages={3706--3731},
  year={2023}
}

@article{wei2024generative,
  title={A Generative Approach to Control Complex Physical Systems},
  author={Wei, Long and Hu, Peiyan and Feng, Ruiqi and Feng, Haodong and Du, Yixuan and Zhang, Tao and Wang, Rui and Wang, Yue and Ma, Zhi-Ming and Wu, Tailin},
  journal={arXiv preprint arXiv:2407.06494},
  year={2024}
}

@article{zhou2024adaptive,
  title={Adaptive online replanning with diffusion models},
  author={Zhou, Siyuan and Du, Yilun and Zhang, Shun and Xu, Mengdi and Shen, Yikang and Xiao, Wei and Yeung, Dit-Yan and Gan, Chuang},
  journal={Advances in Neural Information Processing Systems},
  volume={36},
  year={2024}
}

@article{zhuang2023behavior,
  title={Behavior proximal policy optimization},
  author={Zhuang, Zifeng and Lei, Kun and Liu, Jinxin and Wang, Donglin and Guo, Yilang},
  journal={arXiv preprint arXiv:2302.11312},
  year={2023}
}

