@article{arel2010reinforcement,
  title={Reinforcement learning-based multi-agent system for network traffic signal control},
  author={Arel, Itamar and Liu, Cong and Urbanik, Tom and Kohls, Airton G},
  journal={IET Intelligent Transport Systems},
  volume={4},
  number={2},
  pages={128--135},
  year={2010},
  publisher={IET}
}

@article{chu2020multi,
  title={Multi-agent reinforcement learning for networked system control},
  author={Chu, Tianshu and Chinchali, Sandeep and Katti, Sachin},
  journal={arXiv preprint arXiv:2004.01339},
  year={2020}
}

@article{hernandez2017survey,
  title={A survey of learning in multiagent environments: Dealing with non-stationarity},
  author={Hernandez-Leal, Pablo and Kaisers, Michael and Baarslag, Tim and De Cote, Enrique Munoz},
  journal={arXiv preprint arXiv:1707.09183},
  year={2017}
}

@article{lee2019reinforcement,
  title={Reinforcement learning for joint control of traffic signals in a transportation network},
  author={Lee, Jincheol and Chung, Jiyong and Sohn, Keemin},
  journal={IEEE Transactions on Vehicular Technology},
  volume={69},
  number={2},
  pages={1375--1387},
  year={2019},
  publisher={IEEE}
}

@article{li2023adaptive,
  title={Adaptive Multi-Agent Deep Mixed Reinforcement Learning for Traffic Light Control},
  author={Li, Lulu and Zhu, Ruijie and Wu, Shuning and Xu, Mingliang and Lu, Jiwen},
  journal={IEEE Transactions on Vehicular Technology},
  year={2023},
  publisher={IEEE}
}

@inproceedings{omidshafiei2017deep,
  title={Deep decentralized multi-task multi-agent reinforcement learning under partial observability},
  author={Omidshafiei, Shayegan and Pazis, Jason and Amato, Christopher and How, Jonathan P and Vian, John},
  booktitle={International Conference on Machine Learning},
  pages={2681--2690},
  year={2017},
  organization={PMLR}
}

@article{rashid2020monotonic,
  title={Monotonic value function factorisation for deep multi-agent reinforcement learning},
  author={Rashid, Tabish and Samvelyan, Mikayel and De Witt, Christian Schroeder and Farquhar, Gregory and Foerster, Jakob and Whiteson, Shimon},
  journal={Journal of Machine Learning Research},
  volume={21},
  number={178},
  pages={1--51},
  year={2020}
}

@article{tan2019cooperative,
  title={Cooperative deep reinforcement learning for large-scale traffic grid signal control},
  author={Tan, Tian and Bao, Feng and Deng, Yue and Jin, Alex and Dai, Qionghai and Wang, Jie},
  journal={IEEE transactions on cybernetics},
  volume={50},
  number={6},
  pages={2687--2700},
  year={2019},
  publisher={IEEE}
}

@article{van2016coordinated,
  title={Coordinated deep reinforcement learners for traffic light control},
  author={Van der Pol, Elise and Oliehoek, Frans A},
  journal={Proceedings of learning, inference and control of multi-agent systems (at NIPS 2016)},
  volume={1},
  year={2016}
}

@article{wang2021traffic,
  title={Traffic signal control with reinforcement learning based on region-aware cooperative strategy},
  author={Wang, Min and Wu, Libing and Li, Jianxin and He, Liu},
  journal={IEEE Transactions on Intelligent Transportation Systems},
  volume={23},
  number={7},
  pages={6774--6785},
  year={2021},
  publisher={IEEE}
}

@inproceedings{wei2019colight,
  title={Colight: Learning network-level cooperation for traffic signal control},
  author={Wei, Hua and Xu, Nan and Zhang, Huichu and Zheng, Guanjie and Zang, Xinshi and Chen, Chacha and Zhang, Weinan and Zhu, Yanmin and Xu, Kai and Li, Zhenhui},
  booktitle={Proceedings of the 28th ACM International Conference on Information and Knowledge Management},
  pages={1913--1922},
  year={2019}
}

@inproceedings{xie2020iedqn,
  title={Iedqn: Information exchange dqn with a centralized coordinator for traffic signal control},
  author={Xie, Donghan and Wang, Zhi and Chen, Chunlin and Dong, Daoyi},
  booktitle={2020 International Joint Conference on Neural Networks (IJCNN)},
  pages={1--8},
  year={2020},
  organization={IEEE}
}

@article{zhang2022neighborhood,
  title={Neighborhood cooperative multiagent reinforcement learning for adaptive traffic signal control in epidemic regions},
  author={Zhang, Chengwei and Tian, Yu and Zhang, Zhibin and Xue, Wanli and Xie, Xiaofei and Yang, Tianpei and Ge, Xin and Chen, Rong},
  journal={IEEE Transactions on Intelligent Transportation Systems},
  volume={23},
  number={12},
  pages={25157--25168},
  year={2022},
  publisher={IEEE}
}

@inproceedings{zhang2023large,
  title={Large-Scale Traffic Signal Control by a Nash Deep Q-network Approach},
  author={Zhang, Yuli and Wang, Shangbo and Ma, Xiaoguang and Yue, Wenwei and Jiang, Ruiyuan},
  booktitle={2023 IEEE 26th International Conference on Intelligent Transportation Systems (ITSC)},
  pages={4584--4591},
  year={2023},
  organization={IEEE}
}

@article{zhou2024cooperative,
  title={Cooperative Traffic Signal Control Using a Distributed Agent-Based Deep Reinforcement Learning With Incentive Communication},
  author={Zhou, Bin and Zhou, Qishen and Hu, Simon and Ma, Dongfang and Jin, Sheng and Lee, Der-Horng},
  journal={IEEE Transactions on Intelligent Transportation Systems},
  year={2024},
  publisher={IEEE}
}

