%importance of the topic

@misc{smog,
title={smog, soot, and other air pollution from transportation},
 url={https://www.epa.gov/transportation-air-pollution-and-climate-change/smog-soot-and-other-air-pollution-transportation},
 institution = {{United States Environmental Protection Agency}},
 year={2022}
 }

@misc{inrix2021us,
title={ INRIX: Americans Lost 3.4 Billion Hours Due to Congestion in 2021, 42\% Below Pre-COVID},
url={https://inrix.com/press-releases/2021-traffic-scorecard-uk/},
journal={Inrix},
year={2022}
}  
@misc{inrix2021uk,
title={INRIX 2021 Global Traffic Scorecard: As lockdowns ease UK city centres show signs of return to 2019 levels of congestion},
url={https://inrix.com/press-releases/2021-traffic-scorecard-uk/},
journal={Inrix},
year={2022}
} 
@misc{who,
title={who releases country estimates on air pollution exposure and health impact\_2022}, 
url={www.who.int/news/item/27-09-2016-who-releases-country-estimates-on-air-pollution-exposure-and-health-impact},
institution = {{World Health Organization}},
year={2022}
}
@article{hussain2023investigating,
  title={Investigating the role of green transport, environmental taxes and expenditures in mitigating the transport CO2 emissions},
  author={Hussain, Zahid and Kaleem Khan, Muhammad and Xia, Zhiqing},
  journal={Transportation Letters},
  volume={15},
  number={5},
  pages={439--449},
  year={2023},
  publisher={Taylor \& Francis}
}
@article{geng2016environmental,
  title={Environmental generation scheduling considering air pollution control technologies and weather effects},
  author={Geng, Zhaowei and Chen, Qixin and Xia, Qing and Kirschen, Daniel S and Kang, Chongqing},
  journal={IEEE Transactions on Power Systems},
  volume={32},
  number={1},
  pages={127--136},
  year={2016},
  publisher={IEEE}
}
@article{brilon2013experiences,
  title={Experiences with adaptive signal control in Germany},
  author={Brilon, Werner and Wietholt, Thomas},
  journal={Transportation research record},
  volume={2356},
  number={1},
  pages={9--16},
  year={2013},
  publisher={SAGE Publications Sage CA: Los Angeles, CA}
}

% classic transportation method
@techreport{webster1958traffic,
  title={Traffic signal settings},
  author={Webster, Fo Vo},
  year={1958}
}
@techreport{koonce2008traffic,
  title={Traffic signal timing manual.},
  author={Koonce, Peter and Rodegerdts, Lee},
  year={2008},
  institution={United States. Federal Highway Administration}
}
@article{gershenson2004self,
  title={Self-organizing traffic lights},
  author={Gershenson, Carlos},
  journal={arXiv preprint nlin/0411066},
  year={2004}
}
@article{lowrie1990scats,
  title={Scats, sydney co-ordinated adaptive traffic system: A traffic responsive method of controlling urban traffic},
  author={Lowrie, PR},
  year={1990}
}
@book{roess2004traffic,
  title={Traffic engineering},
  author={Roess, Roger P and Prassas, Elena S and McShane, William R},
  year={2004},
  publisher={Pearson/Prentice Hall}
}

@article{varaiya2013max,
  title={Max pressure control of a network of signalized intersections},
  author={Varaiya, Pravin},
  journal={Transportation Research Part C: Emerging Technologies},
  volume={36},
  pages={177--195},
  year={2013},
  publisher={Elsevier}
}

% deep AI
@article{lecun2015deep,
  title={Deep learning},
  author={LeCun, Yann and Bengio, Yoshua and Hinton, Geoffrey},
  journal={nature},
  volume={521},
  number={7553},
  pages={436--444},
  year={2015},
  publisher={Nature Publishing Group}
}
%AI rl traffic signal control
@inproceedings{zhang2019cityflow,
  title={Cityflow: A multi-agent reinforcement learning environment for large scale city traffic scenario},
  author={Zhang, Huichu and Feng, Siyuan and Liu, Chang and Ding, Yaoyao and Zhu, Yichen and Zhou, Zihan and Zhang, Weinan and Yu, Yong and Jin, Haiming and Li, Zhenhui},
  booktitle={The world wide web conference},
  pages={3620--3624},
  year={2019}
}

@article{ceylan2004traffic,
  title={Traffic signal timing optimisation based on genetic algorithm approach, including driversâ€™ routing},
  author={Ceylan, Halim and Bell, Michael GH},
  journal={Transportation Research Part B: Methodological},
  volume={38},
  number={4},
  pages={329--342},
  year={2004},
  publisher={Elsevier}
}
@article{trabia1999two,
  title={A two-stage fuzzy logic controller for traffic signals},
  author={Trabia, Mohamed B and Kaseko, Mohamed S and Ande, Murali},
  journal={Transportation Research Part C: Emerging Technologies},
  volume={7},
  number={6},
  pages={353--367},
  year={1999},
  publisher={Elsevier}
}
@article{teodorovic2008swarm,
  title={Swarm intelligence systems for transportation engineering: Principles and applications},
  author={Teodorovi{\'c}, Du{\v{s}}an},
  journal={Transportation Research Part C: Emerging Technologies},
  volume={16},
  number={6},
  pages={651--667},
  year={2008},
  publisher={Elsevier}
}
% RL application in other domains
@article{mnih2015human,
  title={Human-level control through deep reinforcement learning},
  author={Mnih, Volodymyr and Kavukcuoglu, Koray and Silver, David and Rusu, Andrei A and Veness, Joel and Bellemare, Marc G and Graves, Alex and Riedmiller, Martin and Fidjeland, Andreas K and Ostrovski, Georg and others},
  journal={nature},
  volume={518},
  number={7540},
  pages={529--533},
  year={2015},
  publisher={Nature Publishing Group}
}
@article{kober2013reinforcement,
  title={Reinforcement learning in robotics: A survey},
  author={Kober, Jens and Bagnell, J Andrew and Peters, Jan},
  journal={The International Journal of Robotics Research},
  volume={32},
  number={11},
  pages={1238--1274},
  year={2013},
  publisher={SAGE Publications Sage UK: London, England}
}
@article{vinyals2019alphastar,
  title={Alphastar: Mastering the real-time strategy game starcraft ii},
  author={Vinyals, Oriol and Babuschkin, Igor and Chung, Junyoung and Mathieu, Michael and Jaderberg, Max and Czarnecki, Wojciech M and Dudzik, Andrew and Huang, Aja and Georgiev, Petko and Powell, Richard and others},
  journal={DeepMind blog},
  volume={2},
  year={2019}
}
@inproceedings{tan1993multi,
  title={Multi-agent reinforcement learning: Independent vs. cooperative agents},
  author={Tan, Ming},
  booktitle={Proceedings of the tenth international conference on machine learning},
  pages={330--337},
  year={1993}
}

% early pioneer rl on tsc

@article{thorpe1996tra,
  title={Traffic light control using sarsa with three state representations},
  author={Thorpe, Thomas L and Anderson, Charles W},
  journal={Technical report, Citeseer},
  year={1996},
  publisher={Citeseer}
}

@inproceedings{wen2007stochastic,
  title={A stochastic adaptive control model for isolated intersections},
  author={Wen, Kaige and Qu, Shiru and Zhang, Yumei},
  booktitle={2007 IEEE International Conference on Robotics and Biomimetics (ROBIO)},
  pages={2256--2260},
  year={2007},
  organization={IEEE}
}
@article{abdulhai2003reinforcement,
  title={Reinforcement learning for true adaptive traffic signal control},
  author={Abdulhai, Baher and Pringle, Rob and Karakoulas, Grigoris J},
  journal={Journal of Transportation Engineering},
  volume={129},
  number={3},
  year={2003}
}
@inproceedings{el2010agent,
  title={An agent-based learning towards decentralized and coordinated traffic signal control},
  author={El-Tantawy, Samah and Abdulhai, Baher},
  booktitle={13th International IEEE Conference on Intelligent Transportation Systems},
  pages={665--670},
  year={2010},
  organization={IEEE}
}
@inproceedings{prashanth2011reinforcement,
  title={Reinforcement learning with average cost for adaptive control of traffic lights at intersections},
  author={Prashanth, LA and Bhatnagar, Shalabh},
  booktitle={2011 14th International IEEE Conference on Intelligent Transportation Systems (ITSC)},
  pages={1640--1645},
  year={2011},
  organization={IEEE}
}
@article{nguyen2021deep,
  title={Deep reinforcement learning for cyber security},
  author={Nguyen, Thanh Thi and Reddi, Vijay Janapa},
  journal={IEEE Transactions on Neural Networks and Learning Systems},
  volume={34},
  number={8},
  pages={3779--3795},
  year={2021},
  publisher={IEEE}
}

@article{kiran2021deep,
  title={Deep reinforcement learning for autonomous driving: A survey},
  author={Kiran, B Ravi and Sobh, Ibrahim and Talpaert, Victor and Mannion, Patrick and Al Sallab, Ahmad A and Yogamani, Senthil and P{\'e}rez, Patrick},
  journal={IEEE Transactions on Intelligent Transportation Systems},
  volume={23},
  number={6},
  pages={4909--4926},
  year={2021},
  publisher={IEEE}
}


% rl related
@article{zhang2021multi,
  title={Multi-agent reinforcement learning: A selective overview of theories and algorithms},
  author={Zhang, Kaiqing and Yang, Zhuoran and Ba{\c{s}}ar, Tamer},
  journal={Handbook of reinforcement learning and control},
  pages={321--384},
  year={2021},
  publisher={Springer}
}

@article{watkins1992q,
  title={Q-learning},
  author={Watkins, Christopher JCH and Dayan, Peter},
  journal={Machine learning},
  volume={8},
  number={3},
  pages={279--292},
  year={1992},
  publisher={Springer}
}
@book{rummery1994line,
  title={On-line Q-learning using connectionist systems},
  author={Rummery, Gavin A and Niranjan, Mahesan},
  volume={37},
  year={1994},
  publisher={Citeseer}
}
@article{sutton1995generalization,
  title={Generalization in reinforcement learning: Successful examples using sparse coarse coding},
  author={Sutton, Richard S},
  journal={Advances in neural information processing systems},
  volume={8},
  year={1995}
}
@article{little1981maxband,
  title={MAXBAND: A versatile program for setting signals on arteries and triangular networks},
  author={Little, John DC and Kelson, Mark D and Gartner, Nathan H},
  year={1981},
  publisher={Alfred P. Sloan School of Management, Massachusetts Institute of Technology}
}

@book{sutton2018reinforcement,
  title={Reinforcement learning: An introduction},
  author={Sutton, Richard S and Barto, Andrew G},
  year={2018},
  publisher={MIT press}
}

@inproceedings{kok2005using,
  title={Using the max-plus algorithm for multiagent decision making in coordination graphs},
  author={Kok, Jelle R and Vlassis, Nikos},
  booktitle={Robot Soccer World Cup},
  pages={1--12},
  year={2005},
  organization={Springer}
}
@article{laurent2011world,
  title={The world of independent learners is not Markovian},
  author={Laurent, Guillaume J and Matignon, La{\"e}titia and Fort-Piat, Le and others},
  journal={International Journal of Knowledge-based and Intelligent Engineering Systems},
  volume={15},
  number={1},
  pages={55--64},
  year={2011},
  publisher={IOS Press}
}

@incollection{littman1994markov,
  title={Markov games as a framework for multi-agent reinforcement learning},
  author={Littman, Michael L},
  booktitle={Machine learning proceedings 1994},
  pages={157--163},
  year={1994},
  publisher={Elsevier}
}
@article{dulac2015deep,
  title={Deep reinforcement learning in large discrete action spaces},
  author={Dulac-Arnold, Gabriel and Evans, Richard and van Hasselt, Hado and Sunehag, Peter and Lillicrap, Timothy and Hunt, Jonathan and Mann, Timothy and Weber, Theophane and Degris, Thomas and Coppin, Ben},
  journal={arXiv preprint arXiv:1512.07679},
  year={2015}
}
@inproceedings{tavakoli2018action,
  title={Action branching architectures for deep reinforcement learning},
  author={Tavakoli, Arash and Pardo, Fabio and Kormushev, Petar},
  booktitle={Proceedings of the aaai conference on artificial intelligence},
  volume={32},
  number={1},
  year={2018}
}

% DRL
@article{noaeen2022reinforcement,
  title={Reinforcement learning in urban network traffic signal control: A systematic literature review},
  author={Noaeen, Mohammad and Naik, Atharva and Goodman, Liana and Crebo, Jared and Abrar, Taimoor and Abad, Zahra Shakeri Hossein and Bazzan, Ana LC and Far, Behrouz},
  journal={Expert Systems with Applications},
  volume={199},
  pages={116830},
  year={2022},
  publisher={Elsevier}
}

@inproceedings{abdoos2011traffic,
  title={Traffic light control in non-stationary environments based on multi agent Q-learning},
  author={Abdoos, Monireh and Mozayani, Nasser and Bazzan, Ana LC},
  booktitle={2011 14th International IEEE conference on intelligent transportation systems (ITSC)},
  pages={1580--1585},
  year={2011},
  organization={IEEE}
}
%ma deep rl TSC
@article{wei2019survey,
  title={A survey on traffic signal control methods},
  author={Wei, Hua and Zheng, Guanjie and Gayah, Vikash and Li, Zhenhui},
  journal={arXiv preprint arXiv:1904.08117},
  year={2019}
}

@article{haydari2020deep,
  title={Deep reinforcement learning for intelligent transportation systems: A survey},
  author={Haydari, Ammar and Y{\i}lmaz, Yasin},
  journal={IEEE Transactions on Intelligent Transportation Systems},
  volume={23},
  number={1},
  pages={11--32},
  year={2020},
  publisher={IEEE}
}

@article{van2016coordinated,
  title={Coordinated deep reinforcement learners for traffic light control},
  author={Van der Pol, Elise and Oliehoek, Frans A},
  journal={Proceedings of learning, inference and control of multi-agent systems (at NIPS 2016)},
  volume={1},
  year={2016}
}
@article{wang2020large,
  title={Large-scale traffic signal control using a novel multiagent reinforcement learning},
  author={Wang, Xiaoqiang and Ke, Liangjun and Qiao, Zhimin and Chai, Xinghua},
  journal={IEEE transactions on cybernetics},
  volume={51},
  number={1},
  pages={174--187},
  year={2020},
  publisher={IEEE}
}
@inproceedings{tan2018large,
  title={Large-scale traffic grid signal control using decentralized fuzzy reinforcement learning},
  author={Tan, Tian and Chu, TianShu and Peng, Bo and Wang, Jie},
  booktitle={Proceedings of SAI Intelligent Systems Conference (IntelliSys) 2016: Volume 1},
  pages={652--662},
  year={2018},
  organization={Springer}
}
@inproceedings{zang2020metalight,
  title={Metalight: Value-based meta-reinforcement learning for traffic signal control},
  author={Zang, Xinshi and Yao, Huaxiu and Zheng, Guanjie and Xu, Nan and Xu, Kai and Li, Zhenhui},
  booktitle={Proceedings of the AAAI Conference on Artificial Intelligence},
  volume={34},
  number={01},
  pages={1153--1160},
  year={2020}
}
@inproceedings{wei2019presslight,
  title={Presslight: Learning max pressure control to coordinate traffic signals in arterial network},
  author={Wei, Hua and Chen, Chacha and Zheng, Guanjie and Wu, Kan and Gayah, Vikash and Xu, Kai and Li, Zhenhui},
  booktitle={Proceedings of the 25th ACM SIGKDD International Conference on Knowledge Discovery \& Data Mining},
  pages={1290--1298},
  year={2019}
}

@article{chu2019multi,
  title={Multi-agent deep reinforcement learning for large-scale traffic signal control},
  author={Chu, Tianshu and Wang, Jie and Codec{\`a}, Lara and Li, Zhaojian},
  journal={IEEE Transactions on Intelligent Transportation Systems},
  volume={21},
  number={3},
  pages={1086--1095},
  year={2019},
  publisher={IEEE}
}
@inproceedings{Ault2020LearningAI,
  title={Learning an Interpretable Traffic Signal Control Policy},
  author={James Ault and Josiah P. Hanna and Guni Sharon},
  booktitle={AAMAS},
  year={2020}
}

@inproceedings{xie2020iedqn,
  title={Iedqn: Information exchange dqn with a centralized coordinator for traffic signal control},
  author={Xie, Donghan and Wang, Zhi and Chen, Chunlin and Dong, Daoyi},
  booktitle={2020 International Joint Conference on Neural Networks (IJCNN)},
  pages={1--8},
  year={2020},
  organization={IEEE}
}
@inproceedings{chu2016large,
  title={Large-scale traffic grid signal control with regional reinforcement learning},
  author={Chu, Tianshu and Qu, Shuhui and Wang, Jie},
  booktitle={2016 american control conference (acc)},
  pages={815--820},
  year={2016},
  organization={IEEE}
}
@article{tan2019cooperative,
  title={Cooperative deep reinforcement learning for large-scale traffic grid signal control},
  author={Tan, Tian and Bao, Feng and Deng, Yue and Jin, Alex and Dai, Qionghai and Wang, Jie},
  journal={IEEE transactions on cybernetics},
  volume={50},
  number={6},
  pages={2687--2700},
  year={2019},
  publisher={IEEE}
}
@inproceedings{calvo2018heterogeneous,
  title={Heterogeneous Multi-Agent Deep Reinforcement Learning for Traffic Lights Control.},
  author={Calvo, Jeancarlo Arguello and Dusparic, Ivana},
  booktitle={AICS},
  pages={2--13},
  year={2018}
}
@inproceedings{chen2020toward,
  title={Toward a thousand lights: Decentralized deep reinforcement learning for large-scale traffic signal control},
  author={Chen, Chacha and Wei, Hua and Xu, Nan and Zheng, Guanjie and Yang, Ming and Xiong, Yuanhao and Xu, Kai and Li, Zhenhui},
  booktitle={Proceedings of the AAAI Conference on Artificial Intelligence},
  volume={34},
  number={04},
  pages={3414--3421},
  year={2020}
}
@inproceedings{wei2019colight,
  title={Colight: Learning network-level cooperation for traffic signal control},
  author={Wei, Hua and Xu, Nan and Zhang, Huichu and Zheng, Guanjie and Zang, Xinshi and Chen, Chacha and Zhang, Weinan and Zhu, Yanmin and Xu, Kai and Li, Zhenhui},
  booktitle={Proceedings of the 28th ACM International Conference on Information and Knowledge Management},
  pages={1913--1922},
  year={2019}
}
@article{zhang2022neighborhood,
  title={Neighborhood cooperative multiagent reinforcement learning for adaptive traffic signal control in epidemic regions},
  author={Zhang, Chengwei and Tian, Yu and Zhang, Zhibin and Xue, Wanli and Xie, Xiaofei and Yang, Tianpei and Ge, Xin and Chen, Rong},
  journal={IEEE Transactions on Intelligent Transportation Systems},
  volume={23},
  number={12},
  pages={25157--25168},
  year={2022},
  publisher={IEEE}
}
@article{lee2019reinforcement,
  title={Reinforcement learning for joint control of traffic signals in a transportation network},
  author={Lee, Jincheol and Chung, Jiyong and Sohn, Keemin},
  journal={IEEE Transactions on Vehicular Technology},
  volume={69},
  number={2},
  pages={1375--1387},
  year={2019},
  publisher={IEEE}
}
@article{arel2010reinforcement,
  title={Reinforcement learning-based multi-agent system for network traffic signal control},
  author={Arel, Itamar and Liu, Cong and Urbanik, Tom and Kohls, Airton G},
  journal={IET Intelligent Transport Systems},
  volume={4},
  number={2},
  pages={128--135},
  year={2010},
  publisher={IET}
}
@inproceedings{wei2018intellilight,
  title={Intellilight: A reinforcement learning approach for intelligent traffic light control},
  author={Wei, Hua and Zheng, Guanjie and Yao, Huaxiu and Li, Zhenhui},
  booktitle={Proceedings of the 24th ACM SIGKDD International Conference on Knowledge Discovery \& Data Mining},
  pages={2496--2505},
  year={2018}
}


@ARTICLE{gu2024large,
  author={Gu, Hankang and Wang, Shangbo and Ma, Xiaoguang and Jia, Dongyao and Mao, Guoqiang and Lim, Eng Gee and Wong, Cheuk Pong Ryan},
  journal={IEEE Transactions on Intelligent Transportation Systems}, 
  title={Large-Scale Traffic Signal Control Using Constrained Network Partition and Adaptive Deep Reinforcement Learning}, 
  year={2024},
  volume={25},
  number={7},
  pages={7619-7632},
  keywords={Topology;Network topology;Scalability;Artificial intelligence;Traffic congestion;Correlation;Convergence;Adaptive traffic signal control;multi-agent deep reinforcement learning;regional control},
  doi={10.1109/TITS.2024.3352446}
}

@article{zheng2019diagnosing,
  title={Diagnosing reinforcement learning for traffic signal control},
  author={Zheng, Guanjie and Zang, Xinshi and Xu, Nan and Wei, Hua and Yu, Zhengyao and Gayah, Vikash and Xu, Kai and Li, Zhenhui},
  journal={arXiv preprint arXiv:1905.04716},
  year={2019}
}
% others
@book{west2001introduction,
  title={Introduction to graph theory},
  author={West, Douglas Brent and others},
  volume={2},
  year={2001},
  publisher={Prentice hall Upper Saddle River}
}
@book{papadimitriou1998combinatorial,
  title={Combinatorial optimization: algorithms and complexity},
  author={Papadimitriou, Christos H and Steiglitz, Kenneth},
  year={1998},
  publisher={Courier Corporation}
}
@article{duraisamy2021linear,
  title={Linear programming approach for various domination parameters},
  author={Duraisamy, Pandiaraja and Esakkimuthu, Shanmugam},
  journal={Discrete Mathematics, Algorithms and Applications},
  volume={13},
  number={01},
  pages={2050096},
  year={2021},
  publisher={World Scientific}
}
%
@article{shi2000normalized,
  title={Normalized cuts and image segmentation},
  author={Shi, Jianbo and Malik, Jitendra},
  journal={IEEE Transactions on pattern analysis and machine intelligence},
  volume={22},
  number={8},
  pages={888--905},
  year={2000},
  publisher={Ieee}
}
@article{velivckovic2017graph,
  title={Graph attention networks},
  author={Veli{\v{c}}kovi{\'c}, Petar and Cucurull, Guillem and Casanova, Arantxa and Romero, Adriana and Lio, Pietro and Bengio, Yoshua},
  journal={arXiv preprint arXiv:1710.10903},
  year={2017}
}

% new
@article{li2016traffic,
  title={Traffic signal timing via deep reinforcement learning},
  author={Li, Li and Lv, Yisheng and Wang, Fei-Yue},
  journal={IEEE/CAA Journal of Automatica Sinica},
  volume={3},
  number={3},
  pages={247--254},
  year={2016},
  publisher={IEEE}
}
@article{genders2016using,
  title={Using a deep reinforcement learning agent for traffic signal control},
  author={Genders, Wade and Razavi, Saiedeh},
  journal={arXiv preprint arXiv:1611.01142},
  year={2016}
}
@article{mousavi2017traffic,
  title={Traffic light control using deep policy-gradient and value-function-based reinforcement learning},
  author={Mousavi, Seyed Sajad and Schukat, Michael and Howley, Enda},
  journal={IET Intelligent Transport Systems},
  volume={11},
  number={7},
  pages={417--423},
  year={2017},
  publisher={Wiley Online Library}
}
@article{li2023adaptive,
  title={Adaptive Multi-Agent Deep Mixed Reinforcement Learning for Traffic Light Control},
  author={Li, Lulu and Zhu, Ruijie and Wu, Shuning and Xu, Mingliang and Lu, Jiwen},
  journal={IEEE Transactions on Vehicular Technology},
  year={2023},
  publisher={IEEE}
}
@article{ge2021multi,
  title={Multi-agent transfer reinforcement learning with multi-view encoder for adaptive traffic signal control},
  author={Ge, Hongwei and Gao, Dongwan and Sun, Liang and Hou, Yaqing and Yu, Chao and Wang, Yuxin and Tan, Guozhen},
  journal={IEEE Transactions on Intelligent Transportation Systems},
  volume={23},
  number={8},
  pages={12572--12587},
  year={2021},
  publisher={IEEE}
}
@article{gronauer2022multi,
  title={Multi-agent deep reinforcement learning: a survey},
  author={Gronauer, Sven and Diepold, Klaus},
  journal={Artificial Intelligence Review},
  volume={55},
  number={2},
  pages={895--943},
  year={2022},
  publisher={Springer}
}
@article{oroojlooy2023review,
  title={A review of cooperative multi-agent deep reinforcement learning},
  author={Oroojlooy, Afshin and Hajinezhad, Davood},
  journal={Applied Intelligence},
  volume={53},
  number={11},
  pages={13677--13722},
  year={2023},
  publisher={Springer}
}
@article{zhu2024survey,
  title={A survey of multi-agent deep reinforcement learning with communication},
  author={Zhu, Changxi and Dastani, Mehdi and Wang, Shihan},
  journal={Autonomous Agents and Multi-Agent Systems},
  volume={38},
  number={1},
  pages={4},
  year={2024},
  publisher={Springer}
}
@article{hernandez2017survey,
  title={A survey of learning in multiagent environments: Dealing with non-stationarity},
  author={Hernandez-Leal, Pablo and Kaisers, Michael and Baarslag, Tim and De Cote, Enrique Munoz},
  journal={arXiv preprint arXiv:1707.09183},
  year={2017}
}
@inproceedings{omidshafiei2017deep,
  title={Deep decentralized multi-task multi-agent reinforcement learning under partial observability},
  author={Omidshafiei, Shayegan and Pazis, Jason and Amato, Christopher and How, Jonathan P and Vian, John},
  booktitle={International Conference on Machine Learning},
  pages={2681--2690},
  year={2017},
  organization={PMLR}
}
@inproceedings{zhang2023large,
  title={Large-Scale Traffic Signal Control by a Nash Deep Q-network Approach},
  author={Zhang, Yuli and Wang, Shangbo and Ma, Xiaoguang and Yue, Wenwei and Jiang, Ruiyuan},
  booktitle={2023 IEEE 26th International Conference on Intelligent Transportation Systems (ITSC)},
  pages={4584--4591},
  year={2023},
  organization={IEEE}
}
@article{zhou2024cooperative,
  title={Cooperative Traffic Signal Control Using a Distributed Agent-Based Deep Reinforcement Learning With Incentive Communication},
  author={Zhou, Bin and Zhou, Qishen and Hu, Simon and Ma, Dongfang and Jin, Sheng and Lee, Der-Horng},
  journal={IEEE Transactions on Intelligent Transportation Systems},
  year={2024},
  publisher={IEEE}
}
@article{wang2021traffic,
  title={Traffic signal control with reinforcement learning based on region-aware cooperative strategy},
  author={Wang, Min and Wu, Libing and Li, Jianxin and He, Liu},
  journal={IEEE Transactions on Intelligent Transportation Systems},
  volume={23},
  number={7},
  pages={6774--6785},
  year={2021},
  publisher={IEEE}
}
@article{chu2020multi,
  title={Multi-agent reinforcement learning for networked system control},
  author={Chu, Tianshu and Chinchali, Sandeep and Katti, Sachin},
  journal={arXiv preprint arXiv:2004.01339},
  year={2020}
}
@article{lin2023temporal,
  title={Temporal Difference-Aware Graph Convolutional Reinforcement Learning for Multi-Intersection Traffic Signal Control},
  author={Lin, Wei-Yu and Song, Yun-Zhu and Ruan, Bo-Kai and Shuai, Hong-Han and Shen, Chih-Ya and Wang, Li-Chun and Li, Yung-Hui},
  journal={IEEE Transactions on Intelligent Transportation Systems},
  year={2023},
  publisher={IEEE}
}
@article{rashid2020monotonic,
  title={Monotonic value function factorisation for deep multi-agent reinforcement learning},
  author={Rashid, Tabish and Samvelyan, Mikayel and De Witt, Christian Schroeder and Farquhar, Gregory and Foerster, Jakob and Whiteson, Shimon},
  journal={Journal of Machine Learning Research},
  volume={21},
  number={178},
  pages={1--51},
  year={2020}
}
@article{wu2021efficient,
  title={Efficient pressure: Improving efficiency for signalized intersections},
  author={Wu, Qiang and Zhang, Liang and Shen, Jun and L{\"u}, Linyuan and Du, Bo and Wu, Jianqing},
  journal={arXiv preprint arXiv:2112.02336},
  year={2021}
}
@article{lillicrap2015continuous,
  title={Continuous control with deep reinforcement learning},
  author={Lillicrap, Timothy P and Hunt, Jonathan J and Pritzel, Alexander and Heess, Nicolas and Erez, Tom and Tassa, Yuval and Silver, David and Wierstra, Daan},
  journal={arXiv preprint arXiv:1509.02971},
  year={2015}
}

