@String(PAMI = {IEEE Trans. Pattern Anal. Mach. Intell.})
@String(IJCV = {Int. J. Comput. Vis.})
@String(CVPR= {IEEE Conf. Comput. Vis. Pattern Recog.})
@String(ICCV= {Int. Conf. Comput. Vis.})
@String(ECCV= {Eur. Conf. Comput. Vis.})
@String(NIPS= {Adv. Neural Inform. Process. Syst.})
@String(ICPR = {Int. Conf. Pattern Recog.})
@String(BMVC= {Brit. Mach. Vis. Conf.})
@String(TOG= {ACM Trans. Graph.})
@String(TIP  = {IEEE Trans. Image Process.})
@String(TVCG  = {IEEE Trans. Vis. Comput. Graph.})
@String(TMM  = {IEEE Trans. Multimedia})
@String(ACMMM= {ACM Int. Conf. Multimedia})
@String(ICME = {Int. Conf. Multimedia and Expo})
@String(ICASSP=	{ICASSP})
@String(ICIP = {IEEE Int. Conf. Image Process.})
@String(ACCV  = {ACCV})
@String(ICLR = {Int. Conf. Learn. Represent.})
@String(IJCAI = {IJCAI})
@String(PR   = {Pattern Recognition})
@String(AAAI = {AAAI})
@String(CVPRW= {IEEE Conf. Comput. Vis. Pattern Recog. Worksh.})
@String(CSVT = {IEEE Trans. Circuit Syst. Video Technol.})

@String(SPL	= {IEEE Sign. Process. Letters})
@String(VR   = {Vis. Res.})
@String(JOV	 = {J. Vis.})
@String(TVC  = {The Vis. Comput.})
@String(JCST  = {J. Comput. Sci. Tech.})
@String(CGF  = {Comput. Graph. Forum})
@String(CVM = {Computational Visual Media})


@String(PAMI  = {IEEE TPAMI})
@String(IJCV  = {IJCV})
@String(CVPR  = {CVPR})
@String(ICCV  = {ICCV})
@String(ECCV  = {ECCV})
@String(NIPS  = {NeurIPS})
@String(ICPR  = {ICPR})
@String(BMVC  =	{BMVC})
@String(TOG   = {ACM TOG})
@String(TIP   = {IEEE TIP})
@String(TVCG  = {IEEE TVCG})
@String(TCSVT = {IEEE TCSVT})
@String(TMM   =	{IEEE TMM})
@String(ACMMM = {ACM MM})
@String(ICME  =	{ICME})
@String(ICASSP=	{ICASSP})
@String(ICIP  = {ICIP})
@String(ACCV  = {ACCV})
@String(ICLR  = {ICLR})
@String(IJCAI = {IJCAI})
@String(PR = {PR})
@String(AAAI = {AAAI})
@String(CVPRW= {CVPRW})
@String(CSVT = {IEEE TCSVT})



%%%%%%%%%%%%%%%%%%%%% REFERENCE LIST HERE %%%%%%%%%%%%%%%%%%%%%
@article{zhang2022improving,
  title={Improving the facial expression recognition and its interpretability via generating expression pattern-map},
  author={Zhang, Jing and Yu, Huimin},
  journal={Pattern Recognition},
  volume={129},
  pages={108737},
  year={2022},
  publisher={Elsevier}
}

@inproceedings{xue2019learning,
  title={Learning interpretable expression-sensitive features for 3D dynamic facial expression recognition},
  author={Xue, Mingliang and Mian, Ajmal and Duan, Xiaodong and Liu, Wanquan},
  booktitle={2019 14th IEEE International Conference on Automatic Face \& Gesture Recognition (FG 2019)},
  pages={1--7},
  year={2019},
  organization={IEEE}
}

@inproceedings{malik2021towards,
  title={Towards interpretable facial emotion recognition},
  author={Malik, Sarthak and Kumar, Puneet and Raman, Balasubramanian},
  booktitle={Proceedings of the Twelfth Indian Conference on Computer Vision, Graphics and Image Processing},
  pages={1--9},
  year={2021}
}

@inproceedings{ribeiro2016should,
  title={``Why should I trust you?'' Explaining the predictions of any classifier},
  author={Ribeiro, Marco Tulio and Singh, Sameer and Guestrin, Carlos},
  booktitle={Proceedings of the 22nd ACM SIGKDD International Conference on Knowledge Discovery and Data Mining},
  pages={1135--1144},
  year={2016}
}

@article{lundberg2017unified,
  title={A unified approach to interpreting model predictions},
  author={Lundberg, Scott M and Lee, Su-In},
  journal={Advances in Neural Information Processing Systems},
  volume={30},
  year={2017}
}

@article{bau2018identifying,
  title={Identifying and controlling important neurons in neural machine translation},
  author={Bau, Anthony and Belinkov, Yonatan and Sajjad, Hassan and Durrani, Nadir and Dalvi, Fahim and Glass, James},
  journal={arXiv preprint arXiv:1811.01157},
  year={2018}
}

@article{samek2016evaluating,
  title={Evaluating the visualization of what a deep neural network has learned},
  author={Samek, Wojciech and Binder, Alexander and Montavon, Gr{\'e}goire and Lapuschkin, Sebastian and M{\"u}ller, Klaus-Robert},
  journal={IEEE Transactions on Neural Networks and Learning Systems},
  volume={28},
  number={11},
  pages={2660--2673},
  year={2016},
  publisher={IEEE}
}

@article{levin2022models,
  title={Where do Models go wrong? Parameter-space saliency maps for explainability},
  author={Levin, Roman and Shu, Manli and Borgnia, Eitan and Huang, Furong and Goldblum, Micah and Goldstein, Tom},
  journal={Advances in Neural Information Processing Systems},
  volume={35},
  pages={15602--15615},
  year={2022}
}

@inproceedings{koh2020concept,
  title={Concept bottleneck models},
  author={Koh, Pang Wei and Nguyen, Thao and Tang, Yew Siang and Mussmann, Stephen and Pierson, Emma and Kim, Been and Liang, Percy},
  booktitle={International Conference on Machine Learning},
  pages={5338--5348},
  year={2020},
  organization={PMLR}
}

@article{kolakowska2014emotion,
  title={Emotion recognition and its applications},
  author={Ko{\l}akowska, Agata and Landowska, Agnieszka and Szwoch, Mariusz and Szwoch, Wioleta and Wrobel, Michal R},
  journal={Human-Computer Systems Interaction: Backgrounds and Applications 3},
  pages={51--62},
  year={2014},
  publisher={Springer}
}


@article{li2020deep,
  title={Deep facial expression recognition: A survey},
  author={Li, Shan and Deng, Weihong},
  journal={IEEE Transactions on Affective Computing},
  volume={13},
  number={3},
  pages={1195--1215},
  year={2020},
  publisher={IEEE}
}

@article{yang2018emotion,
  title={An emotion recognition model based on facial recognition in virtual learning environment},
  author={Yang, Dongri and Alsadoon, Abeer and Prasad, PW Chandana and Singh, Ashutosh Kumar and Elchouemi, Amr},
  journal={Procedia Computer Science},
  volume={125},
  pages={2--10},
  year={2018},
  publisher={Elsevier}
}



@inproceedings{haque2018deep,
  title={Deep multimodal pain recognition: a database and comparison of spatio-temporal visual modalities},
  author={Haque, Mohammad A and Bautista, Ruben B and Noroozi, Fatemeh and Kulkarni, Kaustubh and Laursen, Christian B and Irani, Ramin and Bellantonio, Marco and Escalera, Sergio and Anbarjafari, Golamreza and Nasrollahi, Kamal and others},
  booktitle={2018 13th IEEE International Conference on Automatic Face \& Gesture Recognition (FG 2018)},
  pages={250--257},
  year={2018},
  organization={IEEE}
}


@article{ceccarelli2022multimodal,
  title={Multimodal temporal machine learning for Bipolar Disorder and Depression Recognition},
  author={Ceccarelli, Francesco and Mahmoud, Marwa},
  journal={Pattern Analysis and Applications},
  volume={25},
  number={3},
  pages={493--504},
  year={2022},
  publisher={Springer}
}

@article{atakishiyev2021explainable,
  title={Explainable artificial intelligence for autonomous driving: a comprehensive overview and field guide for future research directions},
  author={Atakishiyev, Shahin and Salameh, Mohammad and Yao, Hengshuai and Goebel, Randy},
  journal={arXiv preprint arXiv:2112.11561},
  year={2021}
}

@article{barnett2021case,
  title={A case-based interpretable deep learning model for classification of mass lesions in digital mammography},
  author={Barnett, Alina Jade and Schwartz, Fides Regina and Tao, Chaofan and Chen, Chaofan and Ren, Yinhao and Lo, Joseph Y and Rudin, Cynthia},
  journal={Nature Machine Intelligence},
  volume={3},
  number={12},
  pages={1061--1070},
  year={2021},
  publisher={Nature Publishing Group UK London}
}

@article{van2022explainable,
  title={Explainable artificial intelligence (XAI) in deep learning-based medical image analysis},
  author={Van der Velden, Bas HM and Kuijf, Hugo J and Gilhuijs, Kenneth GA and Viergever, Max A},
  journal={Medical Image Analysis},
  pages={102470},
  year={2022},
  publisher={Elsevier}
}

@article{tjoa2020survey,
  title={A survey on explainable artificial intelligence (xai): Toward medical xai},
  author={Tjoa, Erico and Guan, Cuntai},
  journal={IEEE Transactions on Neural Networks and Learning Systems},
  volume={32},
  number={11},
  pages={4793--4813},
  year={2020},
  publisher={IEEE}
}

@article{freeborough2022investigating,
  title={Investigating explainability methods in recurrent neural network architectures for financial time series data},
  author={Freeborough, Warren and van Zyl, Terence},
  journal={Applied Sciences},
  volume={12},
  number={3},
  pages={1427},
  year={2022},
  publisher={MDPI}
}

@inproceedings{shingjergi2023interpretable,
  title={Interpretable Explainability for Face Expression Recognition},
  author={Shingjergi, K and Iren, YD and Klemke, R and Urlings, CCJ and B{\"o}ttger, Felix},
  booktitle={The first International Conference on Hybrid Human-Artificial Intelligence},
  year={2023},
  organization={Zenodo}
}

@article{zhou2018visually,
  title={Visually interpretable representation learning for depression recognition from facial images},
  author={Zhou, Xiuzhuang and Jin, Kai and Shang, Yuanyuan and Guo, Guodong},
  journal={IEEE Transactions on Affective Computing},
  volume={11},
  number={3},
  pages={542--552},
  year={2018},
  publisher={IEEE}
}

@inproceedings{gund2021interpretable,
  title={Interpretable emotion classification using temporal convolutional models},
  author={Gund, Manasi and Bharadwaj, Abhiram Ravi and Nwogu, Ifeoma},
  booktitle={2020 25th International Conference on Pattern Recognition (ICPR)},
  pages={6367--6374},
  year={2021},
  organization={IEEE}
}

@inproceedings{mery2022true,
  title={True black-box explanation in facial analysis},
  author={Mery, Domingo},
  booktitle={Proceedings of the IEEE/CVF Conference on Computer Vision and Pattern Recognition},
  pages={1596--1605},
  year={2022}
}

@inproceedings{salmam2016facial,
  title={Facial expression recognition using decision trees},
  author={Salmam, Fatima Zahra and Madani, Abdellah and Kissi, Mohamed},
  booktitle={2016 13th International Conference on Computer Graphics, Imaging and Visualization (CGiV)},
  pages={125--130},
  year={2016},
  organization={IEEE}
}

@inproceedings{orrite2009hog,
  title={Hog-based decision tree for facial expression classification},
  author={Orrite, Carlos and Gan{\'a}n, Andr{\'e}s and Rogez, Gr{\'e}gory},
  booktitle={Pattern Recognition and Image Analysis},
  pages={176--183},
  year={2009},
  organization={Springer}
}

@article{wang2020multiparameter,
  title={Multiparameter space decision voting and fusion features for facial expression recognition},
  author={Wang, Yan and Li, Ming and Wan, Xing and Zhang, Congxuan and Wang, Yue and others},
  journal={Computational Intelligence and Neuroscience},
  volume={2020},
  year={2020},
  publisher={Hindawi}
}

@inproceedings{dupre2018dynamic,
  title={Dynamic Analysis of Automatic Facial Expressions Recognition‗ in the Wild ‘Using Generalized Additive Mixed Models and Significant Zero Crossing of the Derivatives},
  author={Dupr{\'e}, Damien and Andelic, Nicole and Morrison, Gawain and McKeown, Gary},
  booktitle={Proceedings of the 32nd International BCS Human Computer Interaction Conference 32},
  pages={1--8},
  year={2018}
}

@inproceedings{dupre2017dynamic,
  title={Dynamic analysis of automatic emotion recognition using generalized additive mixed models},
  author={Dupre, Damien and Booth, Adam and Bolster, Andrew and Morrison, Gawain and McKeown, Gary},
  booktitle={Symposium on Computational Modelling of Emotion: Theory and Applications},
  pages={158--163},
  year={2017}
}

@article{khanum2009fuzzy,
  title={Fuzzy case-based reasoning for facial expression recognition},
  author={Khanum, Aasia and Mufti, Muid and Javed, M Younus and Shafiq, M Zubair},
  journal={Fuzzy Sets and Systems},
  volume={160},
  number={2},
  pages={231--250},
  year={2009},
  publisher={Elsevier}
}

@article{rudin2022interpretable,
  title={Interpretable machine learning: Fundamental principles and 10 grand challenges},
  author={Rudin, Cynthia and Chen, Chaofan and Chen, Zhi and Huang, Haiyang and Semenova, Lesia and Zhong, Chudi},
  journal={Statistic Surveys},
  volume={16},
  pages={1--85},
  year={2022},
  publisher={Nature Publishing Group UK London}
}

@inproceedings{kim2018interpretability,
  title={Interpretability beyond feature attribution: Quantitative testing with concept activation vectors (tcav)},
  author={Kim, Been and Wattenberg, Martin and Gilmer, Justin and Cai, Carrie and Wexler, James and Viegas, Fernanda and others},
  booktitle={International Conference on Machine Learning},
  pages={2668--2677},
  year={2018},
  organization={PMLR}
}

@INPROCEEDINGS{9892315,
  author={Asokan, Ashish Ramayee and Kumar, Nidarshan and Ragam, Anirudh V and Shylaja, S S},
  booktitle={2022 International Joint Conference on Neural Networks (IJCNN)}, 
  title={Interpretability for Multimodal Emotion Recognition using Concept Activation Vectors}, 
  year={2022},
  volume={},
  number={},
  pages={01-08},
  doi={10.1109/IJCNN55064.2022.9892315}}

  @article{rudin2019stop,
  title={Stop explaining black box machine learning models for high stakes decisions and use interpretable models instead},
  author={Rudin, Cynthia},
  journal={Nature Machine Intelligence},
  volume={1},
  number={5},
  pages={206--215},
  year={2019},
  publisher={Nature Publishing Group UK London}
}

@article{mahinpei2021promises,
  title={Promises and pitfalls of black-box concept learning models},
  author={Mahinpei, Anita and Clark, Justin and Lage, Isaac and Doshi-Velez, Finale and Pan, Weiwei},
  journal={arXiv preprint arXiv:2106.13314},
  year={2021}
}

@incollection{zarlenga2022concept,
  title={Concept embedding models: Beyond the accuracy-explainability trade-off},
  author={Zarlenga, Mateo Espinosa and Pietro, Barbiero and Gabriele, Ciravegna and Giuseppe, Marra and Giannini, Francesco and Diligenti, Michelangelo and Zohreh, Shams and Frederic, Precioso and Melacci, Stefano and Adrian, Weller and others},
  booktitle={Advances in Neural Information Processing Systems},
  volume={35},
  pages={21400--21413},
  year={2022},
  publisher={Curran Associates, Inc.}
}

@article{huis2014body,
  title={The Body Action Coding System I: Muscle activations during the perception and expression of emotion},
  author={Huis in ‘t Veld, Elisabeth MJ and Van Boxtel, Geert JM and de Gelder, Beatrice},
  journal={Social Neuroscience},
  volume={9},
  number={3},
  pages={249--264},
  year={2014},
  publisher={Taylor \& Francis}
}

@article{huis2014body2,
  title={The Body Action Coding System II: muscle activations during the perception and expression of emotion},
  author={Huis In ‘t Veld, Elisabeth MJ and van Boxtel, Geert JM and de Gelder, Beatrice},
  journal={Frontiers in Behavioral Neuroscience},
  volume={8},
  pages={330},
  year={2014},
  publisher={Frontiers Media SA}
}

@article{ekman1978facial,
  title={Facial action coding system},
  author={Ekman, Paul and Friesen, Wallace V},
  journal={Environmental Psychology \& Nonverbal Behavior},
  year={1978}
}

@article{zhi2020comprehensive,
  title={A comprehensive survey on automatic facial action unit analysis},
  author={Zhi, Ruicong and Liu, Mengyi and Zhang, Dezheng},
  journal={The Visual Computer},
  volume={36},
  pages={1067--1093},
  year={2020},
  publisher={Springer}
}
@article{tian2001recognizing,
  title={Recognizing action units for facial expression analysis},
  author={Tian, Y-I and Kanade, Takeo and Cohn, Jeffrey F},
  journal={IEEE Transactions on Pattern Analysis and Machine Intelligence},
  volume={23},
  number={2},
  pages={97--115},
  year={2001},
  publisher={IEEE}
}

@article{feldman1998independence,
  title={Independence and bipolarity in the structure of current affect.},
  author={Feldman Barrett, Lisa and Russell, James A},
  journal={Journal of Personality and Social Psychology},
  volume={74},
  number={4},
  pages={967},
  year={1998},
  publisher={American Psychological Association}
}

@inproceedings{zafeiriou2017aff,
  title={Aff-wild: valence and arousal'In-the-Wild'challenge},
  author={Zafeiriou, Stefanos and Kollias, Dimitrios and Nicolaou, Mihalis A and Papaioannou, Athanasios and Zhao, Guoying and Kotsia, Irene},
  booktitle={Proceedings of the IEEE Conference on Computer Vision and Pattern Recognition Workshops},
  pages={34--41},
  year={2017}
}

@inproceedings{savchenko2022video,
  title={Video-based frame-level facial analysis of affective behavior on mobile devices using EfficientNets},
  author={Savchenko, Andrey V},
  booktitle={Proceedings of the IEEE/CVF Conference on Computer Vision and Pattern Recognition},
  pages={2359--2366},
  year={2022}
}

@article{mollahosseini2017affectnet,
  title={Affectnet: A database for facial expression, valence, and arousal computing in the wild},
  author={Mollahosseini, Ali and Hasani, Behzad and Mahoor, Mohammad H},
  journal={IEEE Transactions on Affective Computing},
  volume={10},
  number={1},
  pages={18--31},
  year={2017},
  publisher={IEEE}
}

@inproceedings{tan2019efficientnet,
  title={Efficientnet: Rethinking model scaling for convolutional neural networks},
  author={Tan, Mingxing and Le, Quoc},
  booktitle={International Conference on Machine Learning},
  pages={6105--6114},
  year={2019},
  organization={PMLR}
}

@inproceedings{heidemann2023concept,
  title={Concept Correlation and Its Effects on Concept-Based Models},
  author={Heidemann, Lena and Monnet, Maureen and Roscher, Karsten},
  booktitle={Proceedings of the IEEE/CVF Winter Conference on Applications of Computer Vision},
  pages={4780--4788},
  year={2023}
}

@article{shwartz2017opening,
  title={Opening the black box of deep neural networks via information},
  author={Shwartz-Ziv, Ravid and Tishby, Naftali},
  journal={arXiv preprint arXiv:1703.00810},
  year={2017}
}

@inproceedings{ramaswamy2023overlooked,
  title={Overlooked Factors in Concept-Based Explanations: Dataset Choice, Concept Learnability, and Human Capability},
  author={Ramaswamy, Vikram V and Kim, Sunnie SY and Fong, Ruth and Russakovsky, Olga},
  booktitle={Proceedings of the IEEE/CVF Conference on Computer Vision and Pattern Recognition},
  pages={10932--10941},
  year={2023}
}

@inproceedings{lucey2010extended,
  title={The extended cohn-kanade dataset (ck+): A complete dataset for action unit and emotion-specified expression},
  author={Lucey, Patrick and Cohn, Jeffrey F and Kanade, Takeo and Saragih, Jason and Ambadar, Zara and Matthews, Iain},
  booktitle={Proceedings of the IEEE/CVF International Conference on Computer Vision Workshops},
  pages={94--101},
  year={2010},
  organization={IEEE}
}

@inproceedings{mahmoud2011interpreting,
  title={Interpreting hand-over-face gestures},
  author={Mahmoud, Marwa and Robinson, Peter},
  booktitle={Affective Computing and Intelligent Interaction: Fourth International Conference},
  pages={248--255},
  year={2011},
  organization={Springer}
}

@article{mahmoud2016automatic,
  title={Automatic analysis of naturalistic hand-over-face gestures},
  author={Mahmoud, Marwa and Baltru{\v{s}}aitis, Tadas and Robinson, Peter},
  journal={ACM Transactions on Interactive Intelligent Systems (TiiS)},
  volume={6},
  number={2},
  pages={1--18},
  year={2016},
  publisher={ACM New York, NY, USA}
}

@ARTICLE{908962,
  author={Tian, Y.-I. and Kanade, T. and Cohn, J.F.},
  journal={IEEE Transactions on Pattern Analysis and Machine Intelligence}, 
  title={Recognizing action units for facial expression analysis}, 
  year={2001},
  volume={23},
  number={2},
  pages={97-115},
  doi={10.1109/34.908962}}

@inproceedings{yan2021multi,
  title={Multi-level adaptive region of interest and graph learning for facial action unit recognition},
  author={Yan, Jingwei and Jiang, Boyuan and Wang, Jingjing and Li, Qiang and Wang, Chunmao and Pu, Shiliang},
  booktitle={ICASSP 2021-2021 IEEE International Conference on Acoustics, Speech and Signal Processing (ICASSP)},
  pages={2005--2009},
  year={2021},
  organization={IEEE}
}

@inproceedings{baltrusaitis2018openface,
  title={Openface 2.0: Facial behavior analysis toolkit},
  author={Baltrusaitis, Tadas and Zadeh, Amir and Lim, Yao Chong and Morency, Louis-Philippe},
  booktitle={2018 13th IEEE International Conference on Automatic Face \& Gesture Recognition (FG 2018)},
  pages={59--66},
  year={2018},
  organization={IEEE}
}

@article{cao2021openpose,
  title={OpenPose: realtime multi-person 2D pose estimation using Part Affinity Fields},
  author={Cao, Zhe and Hidalgo, Gines and Simon, Tomas and Wei, Shih-En and Sheikh, Yaser},
  journal={IEEE Transactions on Pattern Analysis and Machine Intelligence},
  volume={43},
  number={1},
  pages={172--186},
  year={2021},
  publisher={Institute of Electrical and Electronics Engineers (IEEE)}
}

% =============AFFWILD2 Citations

@inproceedings{kollias2021analysing,
  title={Analysing affective behavior in the second abaw2 competition},
  author={Kollias, Dimitrios and Zafeiriou, Stefanos},
  booktitle={Proceedings of the IEEE/CVF International Conference on Computer Vision},
  pages={3652--3660},
  year={2021}
}

@inproceedings{kollias2020analysing,
  title={Analysing affective behavior in the first abaw 2020 competition},
  author={Kollias, Dimitrios and Schulc, Attila and Hajiyev, Elnar and Zafeiriou, Stefanos},
  booktitle={2020 15th IEEE International Conference on Automatic Face and Gesture Recognition (FG 2020)},
  pages={637--643},
  year={2020},
  organization={IEEE}
}

@article{kollias2021distribution,
  title={Distribution matching for heterogeneous multi-task learning: a large-scale face study},
  author={Kollias, Dimitrios and Sharmanska, Viktoriia and Zafeiriou, Stefanos},
  journal={arXiv preprint arXiv:2105.03790},
  year={2021}
}

@article{kollias2021affect,
  title={Affect analysis in-the-wild: Valence-arousal, expressions, action units and a unified framework},
  author={Kollias, Dimitrios and Zafeiriou, Stefanos},
  journal={arXiv preprint arXiv:2103.15792},
  year={2021}
}

@article{kollias2019expression,
  title={Expression, affect, action unit recognition: Aff-wild2, multi-task learning and arcface},
  author={Kollias, Dimitrios and Zafeiriou, Stefanos},
  journal={arXiv preprint arXiv:1910.04855},
  year={2019}
}

@article{kollias2019face,
  title={Face behavior a la carte: Expressions, affect and action units in a single network},
  author={Kollias, Dimitrios and Sharmanska, Viktoriia and Zafeiriou, Stefanos},
  journal={arXiv preprint arXiv:1910.11111},
  year={2019}
}

@article{kollias2019deep,
  title={Deep affect prediction in-the-wild: Aff-wild database and challenge, deep architectures, and beyond},
  author={Kollias, Dimitrios and Tzirakis, Panagiotis and Nicolaou, Mihalis A and Papaioannou, Athanasios and Zhao, Guoying and Schuller, Bj{\"o}rn and Kotsia, Irene and Zafeiriou, Stefanos},
  journal={International Journal of Computer Vision},
  volume={127},
  number={6-7},
  pages={907--929},
  year={2019},
  publisher={Springer}
}

@inproceedings{kollias2022abaw,
  title={Abaw: Valence-arousal estimation, expression recognition, action unit detection \& multi-task learning challenges},
  author={Kollias, Dimitrios},
  booktitle={Proceedings of the IEEE/CVF Conference on Computer Vision and Pattern Recognition},
  pages={2328--2336},
  year={2022}
}

% =============END AFFWILD2


% =============Round 2

@inproceedings{cao2018vggface2,
  title={Vggface2: A dataset for recognising faces across pose and age},
  author={Cao, Qiong and Shen, Li and Xie, Weidi and Parkhi, Omkar M and Zisserman, Andrew},
  booktitle={2018 13th IEEE International Conference on Automatic Face \& Gesture Recognition (FG 2018)},
  pages={67--74},
  year={2018},
  organization={IEEE}
}

@article{ekman1976measuring,
  title={Measuring facial movement},
  author={Ekman, Paul and Friesen, Wallace V},
  journal={Environmental Psychology and Nonverbal Behavior},
  volume={1},
  pages={56--75},
  year={1976},
  publisher={Springer}
}

@article{adolphs2002recognizing,
  title={Recognizing emotion from facial expressions: psychological and neurological mechanisms},
  author={Adolphs, Ralph},
  journal={Behavioral and Cognitive Neuroscience Reviews},
  volume={1},
  number={1},
  pages={21--62},
  year={2002},
  publisher={Sage Publications Sage CA: Thousand Oaks, CA}
}

@article{yeh2020completeness,
  title={On completeness-aware concept-based explanations in deep neural networks},
  author={Yeh, Chih-Kuan and Kim, Been and Arik, Sercan and Li, Chun-Liang and Pfister, Tomas and Ravikumar, Pradeep},
  journal={Advances in Neural Information Processing Systems},
  volume={33},
  pages={20554--20565},
  year={2020}
}

@article{heimerl2020unraveling,
  title={Unraveling ml models of emotion with nova: Multi-level explainable ai for non-experts},
  author={Heimerl, Alexander and Weitz, Katharina and Baur, Tobias and Andr{\'e}, Elisabeth},
  journal={IEEE Transactions on Affective Computing},
  volume={13},
  number={3},
  pages={1155--1167},
  year={2020},
  publisher={IEEE}
}

@article{elhamdadi2021affectivetda,
  title={AffectiveTDA: Using topological data analysis to improve analysis and explainability in affective computing},
  author={Elhamdadi, Hamza and Canavan, Shaun and Rosen, Paul},
  journal={IEEE Transactions on Visualization and Computer Graphics},
  volume={28},
  number={1},
  pages={769--779},
  year={2021},
  publisher={IEEE}
}

@inproceedings{savchenko2023adr,
author = {Savchenko, Andrey V.},
title = {Facial Expression Recognition with Adaptive Frame Rate Based on Multiple Testing Correction},
year = {2023},
publisher = {JMLR.org},
booktitle = {Proceedings of the 40th International Conference on Machine Learning},
articleno = {1251},
numpages = {11},
location = {Honolulu, Hawaii, USA},
series = {ICML'23}
}

@article{wen2023distract,
  title={Distract your attention: Multi-head cross attention network for facial expression recognition},
  author={Wen, Zhengyao and Lin, Wenzhong and Wang, Tao and Xu, Ge},
  journal={Biomimetics},
  volume={8},
  number={2},
  pages={199},
  year={2023},
  publisher={MDPI}
}


@inproceedings{zhang2022transformer,
  title={Transformer-based multimodal information fusion for facial expression analysis},
  author={Zhang, Wei and Qiu, Feng and Wang, Suzhen and Zeng, Hao and Zhang, Zhimeng and An, Rudong and Ma, Bowen and Ding, Yu},
  booktitle={Proceedings of the IEEE/CVF Conference on Computer Vision and Pattern Recognition},
  pages={2428--2437},
  year={2022}
}

@article{li2021mvt,
  title={MVT: mask vision transformer for facial expression recognition in the wild},
  author={Li, Hanting and Sui, Mingzhe and Zhao, Feng and Zha, Zhengjun and Wu, Feng},
  journal={arXiv preprint arXiv:2106.04520},
  year={2021}
}

@article{mao2023poster,
  title={POSTER V2: A simpler and stronger facial expression recognition network},
  author={Mao, Jiawei and Xu, Rui and Yin, Xuesong and Chang, Yuanqi and Nie, Binling and Huang, Aibin},
  journal={arXiv preprint arXiv:2301.12149},
  year={2023}
}

@misc{li2023emotion,
      title={Emotion Separation and Recognition from a Facial Expression by Generating the Poker Face with Vision Transformers}, 
      author={Jia Li and Jiantao Nie and Dan Guo and Richang Hong and Meng Wang},
      year={2023},
      eprint={2207.11081},
      archivePrefix={arXiv},
      primaryClass={cs.CV}
}

@article{zhang2022man,
  title={MAN: Mining ambiguity and noise for facial expression recognition in the wild},
  author={Zhang, Ziyang and Sun, Xiao and Li, Jia and Wang, Meng},
  journal={Pattern Recognition Letters},
  volume={164},
  pages={23--29},
  year={2022},
  publisher={Elsevier}
}

@article{cohn2007observer,
  title={Observer-based measurement of facial expression with the Facial Action Coding System},
  author={Cohn, Jeffrey F and Ambadar, Zara and Ekman, Paul},
  journal={The Handbook of Emotion Elicitation and Assessment},
  volume={1},
  number={3},
  pages={203--221},
  year={2007}
}


% ============================== FG Refs =============================%
% =============================  END HERE  ============================%


@inproceedings{rigotti2021attention,
  title={Attention-based interpretability with concept transformers},
  author={Rigotti, Mattia and Miksovic, Christoph and Giurgiu, Ioana and Gschwind, Thomas and Scotton, Paolo},
  booktitle={International Conference on Learning Representations},
  year={2021}
}

@article{espinosa2024learning,
  title={Learning to Receive Help: Intervention-Aware Concept Embedding Models},
  author={Espinosa Zarlenga, Mateo and Collins, Katie and Dvijotham, Krishnamurthy and Weller, Adrian and Shams, Zohreh and Jamnik, Mateja},
  journal={Advances in Neural Information Processing Systems},
  volume={36},
  year={2024}
}

@article{wang2019humans,
  title={Humans in the loop: The design of interactive AI systems},
  author={Wang, Ge},
  journal={J. Artificial Intelligence Res},
  volume={64},
  pages={243--252},
  year={2019}
}

@article{du2014compound,
  title={Compound facial expressions of emotion},
  author={Du, Shichuan and Tao, Yong and Martinez, Aleix M},
  journal={Proceedings of the National Academy of Sciences},
  volume={111},
  number={15},
  pages={E1454--E1462},
  year={2014},
  publisher={National Acad Sciences}
}

@article{du2015compound,
  title={Compound facial expressions of emotion: from basic research to clinical applications},
  author={Du, Shichuan and Martinez, Aleix M},
  journal={Dialogues in Clinical Neuroscience},
  volume={17},
  number={4},
  pages={443--455},
  year={2015},
  publisher={Taylor \& Francis}
}

@inproceedings{chen2021understanding,
  title={Understanding and mitigating annotation bias in facial expression recognition},
  author={Chen, Yunliang and Joo, Jungseock},
  booktitle={Proceedings of the IEEE/CVF International Conference on Computer Vision},
  pages={14980--14991},
  year={2021}
}

@article{goswami2024aqua,
  title={Aqua: A benchmarking tool for label quality assessment},
  author={Goswami, Mononito and Sanil, Vedant and Choudhry, Arjun and Srinivasan, Arvind and Udompanyawit, Chalisa and Dubrawski, Artur},
  journal={Advances in Neural Information Processing Systems},
  volume={36},
  year={2024}
}

@article{northcutt2021pervasive,
  title={Pervasive label errors in test sets destabilize machine learning benchmarks},
  author={Northcutt, Curtis G and Athalye, Anish and Mueller, Jonas},
  journal={arXiv preprint arXiv:2103.14749},
  year={2021}
}

@article{northcutt2021confident,
  title={Confident learning: Estimating uncertainty in dataset labels},
  author={Northcutt, Curtis and Jiang, Lu and Chuang, Isaac},
  journal={Journal of Artificial Intelligence Research},
  volume={70},
  pages={1373--1411},
  year={2021}
}

@article{pleiss2020identifying,
  title={Identifying mislabeled data using the area under the margin ranking},
  author={Pleiss, Geoff and Zhang, Tianyi and Elenberg, Ethan and Weinberger, Kilian Q},
  journal={Advances in Neural Information Processing Systems},
  volume={33},
  pages={17044--17056},
  year={2020}
}

@article{northcutt2017learning,
  title={Learning with confident examples: Rank pruning for robust classification with noisy labels},
  author={Northcutt, Curtis G and Wu, Tailin and Chuang, Isaac L},
  journal={arXiv preprint arXiv:1705.01936},
  year={2017}
}

@article{xia2019anchor,
  title={Are anchor points really indispensable in label-noise learning?},
  author={Xia, Xiaobo and Liu, Tongliang and Wang, Nannan and Han, Bo and Gong, Chen and Niu, Gang and Sugiyama, Masashi},
  journal={Advances in Neural Information Processing Systems},
  volume={32},
  year={2019}
}

@inproceedings{patrini2017making,
  title={Making deep neural networks robust to label noise: A loss correction approach},
  author={Patrini, Giorgio and Rozza, Alessandro and Krishna Menon, Aditya and Nock, Richard and Qu, Lizhen},
  booktitle={Proceedings of the IEEE Conference on Computer Vision and Pattern Recognition},
  pages={1944--1952},
  year={2017}
}

@article{wang2022revise,
  title={REVISE: A tool for measuring and mitigating bias in visual datasets},
  author={Wang, Angelina and Liu, Alexander and Zhang, Ryan and Kleiman, Anat and Kim, Leslie and Zhao, Dora and Shirai, Iroha and Narayanan, Arvind and Russakovsky, Olga},
  journal={International Journal of Computer Vision},
  volume={130},
  number={7},
  pages={1790--1810},
  year={2022},
  publisher={Springer}
}

@inproceedings{karkkainen2021fairface,
  title={Fairface: Face attribute dataset for balanced race, gender, and age for bias measurement and mitigation},
  author={Karkkainen, Kimmo and Joo, Jungseock},
  booktitle={Proceedings of the IEEE/CVF Winter Conference on Applications of Computer Vision},
  pages={1548--1558},
  year={2021}
}

@article{hardt2016equality,
  title={Equality of opportunity in supervised learning},
  author={Hardt, Moritz and Price, Eric and Srebro, Nati},
  journal={Advances in Neural Information Processing Systems},
  volume={29},
  year={2016}
}

@inproceedings{corbett2017algorithmic,
  title={Algorithmic decision making and the cost of fairness},
  author={Corbett-Davies, Sam and Pierson, Emma and Feller, Avi and Goel, Sharad and Huq, Aziz},
  booktitle={Proceedings of the 23rd ACM SIGKDD International Conference on Knowledge Discovery and Data Mining},
  pages={797--806},
  year={2017}
}

@article{manresa2023analysis,
  title={Analysis of Gender Differences in Facial Expression Recognition Based on Deep Learning Using Explainable Artificial Intelligence},
  author={Manresa-Yee, Cristina and Ramis, Silvia and Buades, Jos{\'e} M},
  year={2023},
  publisher={International Journal of Interactive Multimedia and Artificial Intelligence}
}

@article{fan2023addressing,
  title={Addressing Racial Bias in Facial Emotion Recognition},
  author={Fan, Alex and Xiao, Xingshuo and Washington, Peter},
  journal={arXiv preprint arXiv:2308.04674},
  year={2023}
}

@article{zhang2024leave,
  title={Leave No Stone Unturned: Mine Extra Knowledge for Imbalanced Facial Expression Recognition},
  author={Zhang, Yuhang and Li, Yaqi and Liu, Xuannan and Deng, Weihong and others},
  journal={Advances in Neural Information Processing Systems},
  volume={36},
  year={2024}
}

@inproceedings{zeng2018facial,
  title={Facial expression recognition with inconsistently annotated datasets},
  author={Zeng, Jiabei and Shan, Shiguang and Chen, Xilin},
  booktitle={Proceedings of the European Conference on Computer Vision (ECCV)},
  pages={222--237},
  year={2018}
}

@inproceedings{zhang2022learn,
  title={Learn from all: Erasing attention consistency for noisy label facial expression recognition},
  author={Zhang, Yuhang and Wang, Chengrui and Ling, Xu and Deng, Weihong},
  booktitle={European Conference on Computer Vision},
  pages={418--434},
  year={2022},
  organization={Springer}
}

@inproceedings{wang2020suppressing,
  title={Suppressing uncertainties for large-scale facial expression recognition},
  author={Wang, Kai and Peng, Xiaojiang and Yang, Jianfei and Lu, Shijian and Qiao, Yu},
  booktitle={Proceedings of the IEEE/CVF Conference on Computer Vision and Pattern Recognition},
  pages={6897--6906},
  year={2020}
}

@inproceedings{she2021dive,
  title={Dive into ambiguity: Latent distribution mining and pairwise uncertainty estimation for facial expression recognition},
  author={She, Jiahui and Hu, Yibo and Shi, Hailin and Wang, Jun and Shen, Qiu and Mei, Tao},
  booktitle={Proceedings of the IEEE/CVF Conference on Computer Vision and Pattern Recognition},
  pages={6248--6257},
  year={2021}
}

@inproceedings{le2023uncertainty,
  title={Uncertainty-aware label distribution learning for facial expression recognition},
  author={Le, Nhat and Nguyen, Khanh and Tran, Quang and Tjiputra, Erman and Le, Bac and Nguyen, Anh},
  booktitle={Proceedings of the IEEE/CVF Winter Conference on Applications of Computer Vision},
  pages={6088--6097},
  year={2023}
}

@article{zhang2021relative,
  title={Relative uncertainty learning for facial expression recognition},
  author={Zhang, Yuhang and Wang, Chengrui and Deng, Weihong},
  journal={Advances in Neural Information Processing Systems},
  volume={34},
  pages={17616--17627},
  year={2021}
}

@article{ye2017probabilistic,
  title={Probabilistic multigraph modeling for improving the quality of crowdsourced affective data},
  author={Ye, Jianbo and Li, Jia and Newman, Michelle G and Adams, Reginald B and Wang, James Z},
  journal={IEEE Transactions on Affective Computing},
  volume={10},
  number={1},
  pages={115--128},
  year={2017},
  publisher={IEEE}
}

@article{bernhardt2022active,
  title={Active label cleaning for improved dataset quality under resource constraints},
  author={Bernhardt, M{\'e}lanie and Castro, Daniel C and Tanno, Ryutaro and Schwaighofer, Anton and Tezcan, Kerem C and Monteiro, Miguel and Bannur, Shruthi and Lungren, Matthew P and Nori, Aditya and Glocker, Ben and others},
  journal={Nature communications},
  volume={13},
  number={1},
  pages={1161},
  year={2022},
  publisher={Nature Publishing Group UK London}
}

@inproceedings{gao2022learning,
  title={Learning from multiple annotator noisy labels via sample-wise label fusion},
  author={Gao, Zhengqi and Sun, Fan-Keng and Yang, Mingran and Ren, Sucheng and Xiong, Zikai and Engeler, Marc and Burazer, Antonio and Wildling, Linda and Daniel, Luca and Boning, Duane S},
  booktitle={European Conference on Computer Vision},
  pages={407--422},
  year={2022},
  organization={Springer}
}

@article{liu2015classification,
  title={Classification with noisy labels by importance reweighting},
  author={Liu, Tongliang and Tao, Dacheng},
  journal={IEEE Transactions on Pattern Analysis and Machine Intelligence},
  volume={38},
  number={3},
  pages={447--461},
  year={2015},
  publisher={IEEE}
}

@article{teso2021interactive,
  title={Interactive label cleaning with example-based explanations},
  author={Teso, Stefano and Bontempelli, Andrea and Giunchiglia, Fausto and Passerini, Andrea},
  journal={Advances in Neural Information Processing Systems},
  volume={34},
  pages={12966--12977},
  year={2021}
}

@inproceedings{zhu2022detecting,
  title={Detecting corrupted labels without training a model to predict},
  author={Zhu, Zhaowei and Dong, Zihao and Liu, Yang},
  booktitle={International Conference on Machine Learning},
  pages={27412--27427},
  year={2022},
  organization={PMLR}
}

@article{kolahdouzi2023toward,
  title={Toward Fair Facial Expression Recognition with Improved Distribution Alignment},
  author={Kolahdouzi, Mojtaba and Etemad, Ali},
  journal={ACM International Conference on Multimodal Interaction},
  year={2023}
}

@inproceedings{liu2022uncertain,
  title={Uncertain label correction via auxiliary action unit graphs for facial expression recognition},
  author={Liu, Yang and Zhang, Xingming and Kauttonen, Janne and Zhao, Guoying},
  booktitle={2022 26th International Conference on Pattern Recognition (ICPR)},
  pages={777--783},
  year={2022},
  organization={IEEE}
}

@article{belharbi2024guided,
  title={Guided Interpretable Facial Expression Recognition via Spatial Action Unit Cues},
  author={Belharbi, Soufiane and Pedersoli, Marco and Koerich, Alessandro Lameiras and Bacon, Simon and Granger, Eric},
  journal={arXiv preprint arXiv:2402.00281},
  year={2024}
}

@inproceedings{xinyuFG24,
  title={Unlocking the Black Box: Concept-Based Modeling for Interpretable Affective Computing Applications},
  author={Li, Xinyu and Mahmoud, Marwa},
  booktitle={2024 IEEE 18th International Conference on Automatic Face and Gesture Recognition (FG)}, 
  year={2024},
  volume={},
  number={},
  pages={1-10},
  doi={10.1109/FG59268.2024.10581918}}

@article{barrett2019emotional,
  title={Emotional expressions reconsidered: Challenges to inferring emotion from human facial movements},
  author={Barrett, Lisa Feldman and Adolphs, Ralph and Marsella, Stacy and Martinez, Aleix M and Pollak, Seth D},
  journal={Psychological science in the public interest},
  volume={20},
  number={1},
  pages={1--68},
  year={2019},
  publisher={Sage Publications Sage CA: Los Angeles, CA}
}

@incollection{gunes2008lab,
  title={From the lab to the real world: Affect recognition using multiple cues and modalities},
  author={Gunes, Hatice and Piccardi, Massimo and Pantic, Maja},
  booktitle={Affective computing: focus on emotion expression, synthesis, and recognition},
  pages={185--218},
  year={2008},
  publisher={IntechOpen}
}

@article{song2018spatio,
  title={Spatio-temporal attention-based LSTM networks for 3D action recognition and detection},
  author={Song, Sijie and Lan, Cuiling and Xing, Junliang and Zeng, Wenjun and Liu, Jiaying},
  journal={IEEE Transactions on image processing},
  volume={27},
  number={7},
  pages={3459--3471},
  year={2018},
  publisher={IEEE}
}

@inproceedings{khaleghi2022learning,
  title={Learning sequential contexts using transformer for 3d hand pose estimation},
  author={Khaleghi, Leyla and Marshall, Joshua and Etemad, Ali},
  booktitle={2022 26th International Conference on Pattern Recognition (ICPR)},
  pages={535--541},
  year={2022},
  organization={IEEE}
}

@article{you2020design,
  title={Design space for graph neural networks},
  author={You, Jiaxuan and Ying, Zhitao and Leskovec, Jure},
  journal={Advances in Neural Information Processing Systems},
  volume={33},
  pages={17009--17021},
  year={2020}
}

@article{gu2023mamba,
  title={Mamba: Linear-time sequence modeling with selective state spaces},
  author={Gu, Albert and Dao, Tri},
  journal={arXiv preprint arXiv:2312.00752},
  year={2023}
}

@inproceedings{radford2021learning,
  title={Learning transferable visual models from natural language supervision},
  author={Radford, Alec and Kim, Jong Wook and Hallacy, Chris and Ramesh, Aditya and Goh, Gabriel and Agarwal, Sandhini and Sastry, Girish and Askell, Amanda and Mishkin, Pamela and Clark, Jack and others},
  booktitle={International conference on machine learning},
  pages={8748--8763},
  year={2021},
  organization={PMLR}
}

@article{ceccarelli2022multimodal,
  title={Multimodal temporal machine learning for Bipolar Disorder and Depression Recognition},
  author={Ceccarelli, Francesco and Mahmoud, Marwa},
  journal={Pattern Analysis and Applications},
  volume={25},
  number={3},
  pages={493--504},
  year={2022},
  publisher={Springer}
}

@ARTICLE{7990582,
  author={Martinez, Brais and Valstar, Michel F. and Jiang, Bihan and Pantic, Maja},
  journal={IEEE Transactions on Affective Computing}, 
  title={Automatic Analysis of Facial Actions: A Survey}, 
  year={2019},
  volume={10},
  number={3},
  pages={325-347},
  doi={10.1109/TAFFC.2017.2731763}
}

@article{ma2021landmark,
  title={Landmark-Based Facial Feature Construction and Action Unit Intensity Prediction},
  author={Ma, Jialei and Li, Xiansheng and Ren, Yuanyuan and Yang, Ran and Zhao, Qichao},
  journal={Mathematical Problems in Engineering},
  volume={2021},
  number={1},
  pages={6623239},
  year={2021},
  publisher={Wiley Online Library}
}

@article{wang2020deep,
  title={Deep high-resolution representation learning for visual recognition},
  author={Wang, Jingdong and Sun, Ke and Cheng, Tianheng and Jiang, Borui and Deng, Chaorui and Zhao, Yang and Liu, Dong and Mu, Yadong and Tan, Mingkui and Wang, Xinggang and others},
  journal={IEEE transactions on pattern analysis and machine intelligence},
  volume={43},
  number={10},
  pages={3349--3364},
  year={2020},
  publisher={IEEE}
}

@article{wu2019facial,
  title={Facial landmark detection: A literature survey},
  author={Wu, Yue and Ji, Qiang},
  journal={International Journal of Computer Vision},
  volume={127},
  number={2},
  pages={115--142},
  year={2019},
  publisher={Springer}
}

@article{tsalera2022feature,
  title={Feature extraction with handcrafted methods and convolutional neural networks for facial emotion recognition},
  author={Tsalera, Eleni and Papadakis, Andreas and Samarakou, Maria and Voyiatzis, Ioannis},
  journal={Applied Sciences},
  volume={12},
  number={17},
  pages={8455},
  year={2022},
  publisher={MDPI}
}

@article{avola2022affective,
  title={Affective action and interaction recognition by multi-view representation learning from handcrafted low-level skeleton features},
  author={Avola, Danilo and Cascio, Marco and Cinque, Luigi and Fagioli, Alessio and Foresti, Gian Luca},
  journal={International journal of neural systems},
  volume={32},
  number={10},
  pages={2250040},
  year={2022},
  publisher={World Scientific}
}

@article{bisogni2023emotion,
  title={Emotion recognition at a distance: The robustness of machine learning based on hand-crafted facial features vs deep learning models},
  author={Bisogni, Carmen and Cimmino, Lucia and De Marsico, Maria and Hao, Fei and Narducci, Fabio},
  journal={Image and Vision Computing},
  volume={136},
  pages={104724},
  year={2023},
  publisher={Elsevier}
}

@article{bento2022comparing,
  title={Comparing handcrafted features and deep neural representations for domain generalization in human activity recognition},
  author={Bento, Nuno and Rebelo, Joana and Barandas, Mar{\'\i}lia and Carreiro, Andr{\'e} V and Campagner, Andrea and Cabitza, Federico and Gamboa, Hugo},
  journal={Sensors},
  volume={22},
  number={19},
  pages={7324},
  year={2022},
  publisher={MDPI}
}

@article{zhao2019affective,
  title={Affective computing for large-scale heterogeneous multimedia data: A survey},
  author={Zhao, Sicheng and Wang, Shangfei and Soleymani, Mohammad and Joshi, Dhiraj and Ji, Qiang},
  journal={ACM Transactions on Multimedia Computing, Communications, and Applications (TOMM)},
  volume={15},
  number={3s},
  pages={1--32},
  year={2019},
  publisher={ACM New York, NY, USA}
}

@article{nanni2017handcrafted,
  title={Handcrafted vs. non-handcrafted features for computer vision classification},
  author={Nanni, Loris and Ghidoni, Stefano and Brahnam, Sheryl},
  journal={Pattern recognition},
  volume={71},
  pages={158--172},
  year={2017},
  publisher={Elsevier}
}

@article{pellet2023multimodal,
  title={A multimodal approach for modeling engagement in conversation},
  author={Pellet-Rostaing, Arthur and Bertrand, Roxane and Boudin, Auriane and Rauzy, St{\'e}phane and Blache, Philippe},
  journal={Frontiers in Computer Science},
  volume={5},
  pages={1062342},
  year={2023},
  publisher={Frontiers Media SA}
}

@article{dosovitskiy2020image,
  title={An image is worth 16x16 words: Transformers for image recognition at scale},
  author={Dosovitskiy, Alexey},
  journal={arXiv preprint arXiv:2010.11929},
  year={2020}
}

@inproceedings{cafaro2017noxi,
  title={The NoXi database: multimodal recordings of mediated novice-expert interactions},
  author={Cafaro, Angelo and Wagner, Johannes and Baur, Tobias and Dermouche, Soumia and Torres Torres, Mercedes and Pelachaud, Catherine and Andr{\'e}, Elisabeth and Valstar, Michel},
  booktitle={Proceedings of the 19th ACM International Conference on Multimodal Interaction},
  pages={350--359},
  year={2017}
}

@inproceedings{yoon2022d,
  title={D-vlog: Multimodal vlog dataset for depression detection},
  author={Yoon, Jeewoo and Kang, Chaewon and Kim, Seungbae and Han, Jinyoung},
  booktitle={Proceedings of the AAAI Conference on Artificial Intelligence},
  volume={36},
  number={11},
  pages={12226--12234},
  year={2022}
}

@article{abaeikoupaei2020multi,
  title={A multi-modal stacked ensemble model for bipolar disorder classification},
  author={AbaeiKoupaei, Niloufar and Al Osman, Hussein},
  journal={IEEE Transactions on Affective Computing},
  volume={14},
  number={1},
  pages={236--244},
  year={2020},
  publisher={IEEE}
}

@inproceedings{ooko2011estimating,
  title={Estimating a user’s conversational engagement based on head pose information},
  author={Ooko, Ryota and Ishii, Ryo and Nakano, Yukiko I},
  booktitle={Intelligent Virtual Agents: 10th International Conference, IVA 2011, Reykjavik, Iceland, September 15-17, 2011. Proceedings 11},
  pages={262--268},
  year={2011},
  organization={Springer}
}

@article{Alghowinem2013Head,
title={Head Pose and Movement Analysis as an Indicator of Depression},
author={Sharifa Alghowinem and Roland Göcke and M. Wagner and G. Parker and M. Breakspear},
journal={2013 Humaine Association Conference on Affective Computing and Intelligent Interaction},
year={2013},
pages={283-288},
doi={10.1109/ACII.2013.53}
}

@article{Zhu2009Pitch,
title={Pitch in Speaker Recognition},
author={Jian-wei Zhu and Shuifa Sun and Xiao-li Liu and B. Lei},
journal={2009 Ninth International Conference on Hybrid Intelligent Systems},
year={2009},
volume={1},
pages={33-36},
doi={10.1109/HIS.2009.14}
}

@article{Polzehl2011Anger,
title={Anger recognition in speech using acoustic and linguistic cues},
author={Tim Polzehl and Alexander Schmitt and Florian Metze and M. Wagner},
journal={Speech Commun.},
year={2011},
volume={53},
pages={1198-1209},
doi={10.1016/j.specom.2011.05.002}
}

@article{Bhargava2013Improving,
title={Improving Automatic Emotion Recognition from speech using Rhythm and Temporal feature},
author={M. Bhargava and Tim Polzehl},
journal={ArXiv},
year={2013},
volume={abs/1303.1761},
doi={}
}

@article{bachorowski1995vocal,
  title={Vocal expression of emotion: Acoustic properties of speech are associated with emotional intensity and context},
  author={Bachorowski, Jo-Anne and Owren, Michael J},
  journal={Psychological science},
  volume={6},
  number={4},
  pages={219--224},
  year={1995},
  publisher={SAGE Publications Sage CA: Los Angeles, CA}
}

@article{Cannizzaro2004Voice,
title={Voice acoustical measurement of the severity of major depression},
author={Michael Cannizzaro and B. Harel and N. Reilly and Phillip Chappell and P. Snyder},
journal={Brain and Cognition},
year={2004},
volume={56},
pages={30-35},
doi={10.1016/j.bandc.2004.05.003}
}

@article{Yu2004Detecting,
title={Detecting user engagement in everyday conversations},
author={Chen Yu and Paul M. Aoki and Allison Woodruff},
journal={INTERSPEECH 2004},
year={2004},
pages={1329-1332},
doi={10.21437/Interspeech.2004-327}
}

@article{Adami2007Modeling,
title={Modeling prosodic differences for speaker recognition},
author={Andre Gustavo Adami},
journal={Speech Commun.},
year={2007},
volume={49},
pages={277-291},
doi={10.1016/j.specom.2007.02.005}
}

@article{Grau1988The,
title={The distinction between integral and separable dimensions: evidence for the integrality of pitch and loudness.},
author={J. Grau and D. K. Nelson},
journal={Journal of experimental psychology. General},
year={1988},
volume={117 4},
pages={ 347-70 },
doi={10.1037/0096-3445.117.4.347}
}

@inproceedings{li2017reliable,
  title={Reliable crowdsourcing and deep locality-preserving learning for expression recognition in the wild},
  author={Li, Shan and Deng, Weihong and Du, JunPing},
  booktitle={Proceedings of the IEEE conference on computer vision and pattern recognition},
  pages={2852--2861},
  year={2017}
}

@article{zhang2012microsoft,
  title={Microsoft kinect sensor and its effect},
  author={Zhang, Zhengyou},
  journal={IEEE multimedia},
  volume={19},
  number={2},
  pages={4--10},
  year={2012},
  publisher={IEEE}
}

@inproceedings{an2022killing,
  title={Killing two birds with one stone: Efficient and robust training of face recognition cnns by partial fc},
  author={An, Xiang and Deng, Jiankang and Guo, Jia and Feng, Ziyong and Zhu, XuHan and Yang, Jing and Liu, Tongliang},
  booktitle={Proceedings of the IEEE/CVF conference on computer vision and pattern recognition},
  pages={4042--4051},
  year={2022}
}

@article{hsu2021hubert,
  title={Hubert: Self-supervised speech representation learning by masked prediction of hidden units},
  author={Hsu, Wei-Ning and Bolte, Benjamin and Tsai, Yao-Hung Hubert and Lakhotia, Kushal and Salakhutdinov, Ruslan and Mohamed, Abdelrahman},
  journal={IEEE/ACM transactions on audio, speech, and language processing},
  volume={29},
  pages={3451--3460},
  year={2021},
  publisher={IEEE}
}

@article{chen2024static,
  title={From static to dynamic: Adapting landmark-aware image models for facial expression recognition in videos},
  author={Chen, Yin and Li, Jia and Shan, Shiguang and Wang, Meng and Hong, Richang},
  journal={IEEE Transactions on Affective Computing},
  year={2024},
  publisher={IEEE}
}

@article{tao2024hierarchical,
  title={Hierarchical attention network with progressive feature fusion for facial expression recognition},
  author={Tao, Huanjie and Duan, Qianyue},
  journal={Neural Networks},
  volume={170},
  pages={337--348},
  year={2024},
  publisher={Elsevier}
}

@article{mao2024posterpp,
  title={Poster++: A simpler and stronger facial expression recognition network},
  author={Mao, Jiawei and Xu, Rui and Yin, Xuesong and Chang, Yuanqi and Nie, Binling and Huang, Aibin and Wang, Yigang},
  journal={Pattern Recognition},
  pages={110951},
  year={2024},
  publisher={Elsevier}
}

@article{zhou2024ceprompt,
  title={CEPrompt: Cross-Modal Emotion-Aware Prompting for Facial Expression Recognition},
  author={Zhou, Haoliang and Huang, Shucheng and Zhang, Feifei and Xu, Changsheng},
  journal={IEEE Transactions on Circuits and Systems for Video Technology},
  year={2024},
  publisher={IEEE}
}

@article{yang2024cl,
  title={CL-TransFER: Collaborative learning based transformer for facial expression recognition with masked reconstruction},
  author={Yang, Yujie and Hu, Lin and Zu, Chen and Zhang, Jianjia and Hou, Yun and Chen, Ying and Zhou, Jiliu and Zhou, Luping and Wang, Yan},
  journal={Pattern Recognition},
  volume={156},
  pages={110741},
  year={2024},
  publisher={Elsevier}
}

@article{jiang2021layercam,
  title={Layercam: Exploring hierarchical class activation maps for localization},
  author={Jiang, Peng-Tao and Zhang, Chang-Bin and Hou, Qibin and Cheng, Ming-Ming and Wei, Yunchao},
  journal={IEEE Transactions on Image Processing},
  volume={30},
  pages={5875--5888},
  year={2021},
  publisher={IEEE}
}

@inproceedings{gao2021ts,
  title={Ts-cam: Token semantic coupled attention map for weakly supervised object localization},
  author={Gao, Wei and Wan, Fang and Pan, Xingjia and Peng, Zhiliang and Tian, Qi and Han, Zhenjun and Zhou, Bolei and Ye, Qixiang},
  booktitle={Proceedings of the IEEE/CVF international conference on computer vision},
  pages={2886--2895},
  year={2021}
}

@inproceedings{zhang2023multi,
  title={Multi-modal facial affective analysis based on masked autoencoder},
  author={Zhang, Wei and Ma, Bowen and Qiu, Feng and Ding, Yu},
  booktitle={Proceedings of the IEEE/CVF Conference on Computer Vision and Pattern Recognition},
  pages={5793--5802},
  year={2023}
}

@inproceedings{zhou2023leveraging,
  title={Leveraging TCN and Transformer for effective visual-audio fusion in continuous emotion recognition},
  author={Zhou, Weiwei and Lu, Jiada and Xiong, Zhaolong and Wang, Weifeng},
  booktitle={Proceedings of the IEEE/CVF Conference on Computer Vision and Pattern Recognition},
  pages={5756--5763},
  year={2023}
}

@inproceedings{ma2023unified,
  title={A unified approach to facial affect analysis: the mae-face visual representation},
  author={Ma, Bowen and Zhang, Wei and Qiu, Feng and Ding, Yu},
  booktitle={Proceedings of the IEEE/CVF conference on computer vision and pattern recognition},
  pages={5924--5933},
  year={2023}
}

@inproceedings{he2024tca,
  title={TCA-NET: Triplet Concatenated-Attentional Network For Multimodal Engagement Estimation},
  author={He, Hongyuan and Wang, Daming and Hasan, Md Rakibul and Gedeon, Tom and Hossain, Md Zakir},
  booktitle={2024 IEEE International Conference on Image Processing (ICIP)},
  pages={2062--2068},
  year={2024},
  organization={IEEE}
}

@inproceedings{yu2023sliding,
  title={Sliding Window Seq2seq Modeling for Engagement Estimation},
  author={Yu, Jun and Lu, Keda and Jing, Mohan and Liang, Ziqi and Zhang, Bingyuan and Sun, Jianqing and Liang, Jiaen},
  booktitle={Proceedings of the 31st ACM International Conference on Multimedia},
  pages={9496--9500},
  year={2023}
}

@inproceedings{tu2023dctm,
  title={DCTM: Dilated Convolutional Transformer Model for Multimodal Engagement Estimation in Conversation},
  author={Tu, Vu Ngoc and Huynh, Van Thong and Yang, Hyung-Jeong and Kim, Soo-Hyung and Nawaz, Shah and Nandakumar, Karthik and Zaheer, M Zaigham},
  booktitle={Proceedings of the 31st ACM International Conference on Multimedia},
  pages={9521--9525},
  year={2023}
}

@article{kamilouglu2020good,
  title={Good vibrations: A review of vocal expressions of positive emotions},
  author={Kamilo{\u{g}}lu, Roza G and Fischer, Agneta H and Sauter, Disa A},
  journal={Psychonomic bulletin \& review},
  volume={27},
  pages={237--265},
  year={2020},
  publisher={Springer}
}

@article{Noordewier2013On,
title={On the valence of surprise},
author={M. Noordewier and Seger M. Breugelmans},
journal={Cognition \& Emotion},
year={2013},
volume={27},
pages={1326 - 1334},
doi={10.1080/02699931.2013.777660}
}

@article{Greipl2021Facial,
title={Facial and Bodily Expressions of Emotional Engagement},
author={Simon Greipl and K. Bernecker and M. Ninaus},
journal={Proceedings of the ACM on Human-Computer Interaction},
year={2021},
volume={5},
pages={1 - 25},
doi={10.1145/3474667}
}

@article{Savchenko2022Classifying,
title={Classifying Emotions and Engagement in Online Learning Based on a Single Facial Expression Recognition Neural Network},
author={A. Savchenko and L. V. Savchenko and Ilya Makarov},
journal={IEEE Transactions on Affective Computing},
year={2022},
volume={13},
pages={2132-2143},
doi={10.1109/TAFFC.2022.3188390}
}

@ONLINE{GDPR2024,
title={Regulation (EU) 2024/1689 on EU Artificial Intelligence Act},
author={EUR-Lex},
journal={Official Journal of the European Union},
year={2024},
volume={EUR-Lex},
url={https://eur-lex.europa.eu/legal-content/EN/TXT/HTML/?uri=OJ:L_202401689#d1e3003-1-1:~:text=information%20to%20deployers-,1.%C2%A0,-High%2Drisk%20AI},
note={Accessed: Oct. 12, 2024}
}

@article{kumar2023opacity,
  title={Opacity, transparency, and the ethics of affective computing},
  author={Kumar, Manohar and Aijaz, Aisha and Chattar, Omkar and Shukla, Jainendra and Mutharaju, Raghava},
  journal={IEEE Transactions on Affective Computing},
  volume={15},
  number={1},
  pages={4--17},
  year={2023},
  publisher={IEEE}
}

@article{yu2024bridging,
  title={Bridging computer and education sciences: a systematic review of automated emotion recognition in online learning environments},
  author={Yu, Shuzhen and Androsov, Alexey and Yan, Hanbing and Chen, Yi},
  journal={Computers \& Education},
  pages={105111},
  year={2024},
  publisher={Elsevier}
}

@article{cortinas2023toward,
  title={Toward explainable affective computing: A review},
  author={Corti{\~n}as-Lorenzo, Karina and Lacey, Gerard},
  journal={IEEE Transactions on Neural Networks and Learning Systems},
  year={2023},
  publisher={IEEE}
}

@article{toisoul2021estimation,
  title={Estimation of continuous valence and arousal levels from faces in naturalistic conditions},
  author={Toisoul, Antoine and Kossaifi, Jean and Bulat, Adrian and Tzimiropoulos, Georgios and Pantic, Maja},
  journal={Nature Machine Intelligence},
  volume={3},
  number={1},
  pages={42--50},
  year={2021},
  publisher={Nature Publishing Group UK London}
}

@article{Krasich2018GazeBased,
title={Gaze-Based Signatures of Mind Wandering During Real-World Scene Processing},
author={Kristina Krasich and R. McManus and Stephen Hutt and Myrthe Faber and S. D’Mello and J. Brockmole},
journal={Journal of Experimental Psychology: General},
year={2018},
volume={147},
pages={1111–1124},
doi={10.1037/xge0000411}
}

@article{hupont2022landscape,
  title={The landscape of facial processing applications in the context of the European AI Act and the development of trustworthy systems},
  author={Hupont, Isabelle and Tolan, Song{\"u}l and Gunes, Hatice and G{\'o}mez, Emilia},
  journal={Scientific Reports},
  volume={12},
  number={1},
  pages={10688},
  year={2022},
  publisher={Nature Publishing Group UK London}
}

@article{Kraut1979Social,
title={Social and emotional messages of smiling: An ethological approach.},
author={R. Kraut and R. Johnston},
journal={Journal of Personality and Social Psychology},
year={1979},
volume={37},
pages={1539-1553},
doi={10.1037/0022-3514.37.9.1539}
}

@article{Wu2019Enhancing,
title={Enhancing Sound Texture in CNN-based Acoustic Scene Classification},
author={Yuzhong Wu and Tan Lee},
journal={ICASSP 2019 - 2019 IEEE International Conference on Acoustics, Speech and Signal Processing (ICASSP)},
year={2019},
pages={815-819},
doi={10.1109/ICASSP.2019.8683490}
}

@article{Bayliss2007Affective,
title={Affective evaluations of objects are influenced by observed gaze direction and emotional expression},
author={A. Bayliss and A. Frischen and M. Fenske and S. Tipper},
journal={Cognition},
year={2007},
volume={104},
pages={644-653},
doi={10.1016/j.cognition.2006.07.012}
}

@article{baltruvsaitis2018multimodal,
  title={Multimodal machine learning: A survey and taxonomy},
  author={Baltru{\v{s}}aitis, Tadas and Ahuja, Chaitanya and Morency, Louis-Philippe},
  journal={IEEE transactions on pattern analysis and machine intelligence},
  volume={41},
  number={2},
  pages={423--443},
  year={2018},
  publisher={IEEE}
}

@article{bengio2013representation,
  title={Representation learning: A review and new perspectives},
  author={Bengio, Yoshua and Courville, Aaron and Vincent, Pascal},
  journal={IEEE transactions on pattern analysis and machine intelligence},
  volume={35},
  number={8},
  pages={1798--1828},
  year={2013},
  publisher={IEEE}
}