@article{Wu2019Enhancing,
title={Enhancing Sound Texture in CNN-based Acoustic Scene Classification},
author={Yuzhong Wu and Tan Lee},
journal={ICASSP 2019 - 2019 IEEE International Conference on Acoustics, Speech and Signal Processing (ICASSP)},
year={2019},
pages={815-819},
doi={10.1109/ICASSP.2019.8683490}
}

@article{avola2022affective,
  title={Affective action and interaction recognition by multi-view representation learning from handcrafted low-level skeleton features},
  author={Avola, Danilo and Cascio, Marco and Cinque, Luigi and Fagioli, Alessio and Foresti, Gian Luca},
  journal={International journal of neural systems},
  volume={32},
  number={10},
  pages={2250040},
  year={2022},
  publisher={World Scientific}
}

@article{belharbi2024guided,
  title={Guided Interpretable Facial Expression Recognition via Spatial Action Unit Cues},
  author={Belharbi, Soufiane and Pedersoli, Marco and Koerich, Alessandro Lameiras and Bacon, Simon and Granger, Eric},
  journal={arXiv preprint arXiv:2402.00281},
  year={2024}
}

@article{bengio2013representation,
  title={Representation learning: A review and new perspectives},
  author={Bengio, Yoshua and Courville, Aaron and Vincent, Pascal},
  journal={IEEE transactions on pattern analysis and machine intelligence},
  volume={35},
  number={8},
  pages={1798--1828},
  year={2013},
  publisher={IEEE}
}

@article{bento2022comparing,
  title={Comparing handcrafted features and deep neural representations for domain generalization in human activity recognition},
  author={Bento, Nuno and Rebelo, Joana and Barandas, Mar{\'\i}lia and Carreiro, Andr{\'e} V and Campagner, Andrea and Cabitza, Federico and Gamboa, Hugo},
  journal={Sensors},
  volume={22},
  number={19},
  pages={7324},
  year={2022},
  publisher={MDPI}
}

@article{bisogni2023emotion,
  title={Emotion recognition at a distance: The robustness of machine learning based on hand-crafted facial features vs deep learning models},
  author={Bisogni, Carmen and Cimmino, Lucia and De Marsico, Maria and Hao, Fei and Narducci, Fabio},
  journal={Image and Vision Computing},
  volume={136},
  pages={104724},
  year={2023},
  publisher={Elsevier}
}

@article{cortinas2023toward,
  title={Toward explainable affective computing: A review},
  author={Corti{\~n}as-Lorenzo, Karina and Lacey, Gerard},
  journal={IEEE Transactions on Neural Networks and Learning Systems},
  year={2023},
  publisher={IEEE}
}

@inproceedings{gund2021interpretable,
  title={Interpretable emotion classification using temporal convolutional models},
  author={Gund, Manasi and Bharadwaj, Abhiram Ravi and Nwogu, Ifeoma},
  booktitle={2020 25th International Conference on Pattern Recognition (ICPR)},
  pages={6367--6374},
  year={2021},
  organization={IEEE}
}

@article{heimerl2020unraveling,
  title={Unraveling ml models of emotion with nova: Multi-level explainable ai for non-experts},
  author={Heimerl, Alexander and Weitz, Katharina and Baur, Tobias and Andr{\'e}, Elisabeth},
  journal={IEEE Transactions on Affective Computing},
  volume={13},
  number={3},
  pages={1155--1167},
  year={2020},
  publisher={IEEE}
}

@article{li2020deep,
  title={Deep facial expression recognition: A survey},
  author={Li, Shan and Deng, Weihong},
  journal={IEEE Transactions on Affective Computing},
  volume={13},
  number={3},
  pages={1195--1215},
  year={2020},
  publisher={IEEE}
}

@inproceedings{malik2021towards,
  title={Towards interpretable facial emotion recognition},
  author={Malik, Sarthak and Kumar, Puneet and Raman, Balasubramanian},
  booktitle={Proceedings of the Twelfth Indian Conference on Computer Vision, Graphics and Image Processing},
  pages={1--9},
  year={2021}
}

@inproceedings{ribeiro2016should,
  title={``Why should I trust you?'' Explaining the predictions of any classifier},
  author={Ribeiro, Marco Tulio and Singh, Sameer and Guestrin, Carlos},
  booktitle={Proceedings of the 22nd ACM SIGKDD International Conference on Knowledge Discovery and Data Mining},
  pages={1135--1144},
  year={2016}
}

@article{tsalera2022feature,
  title={Feature extraction with handcrafted methods and convolutional neural networks for facial emotion recognition},
  author={Tsalera, Eleni and Papadakis, Andreas and Samarakou, Maria and Voyiatzis, Ioannis},
  journal={Applied Sciences},
  volume={12},
  number={17},
  pages={8455},
  year={2022},
  publisher={MDPI}
}

@inproceedings{xinyuFG24,
  title={Unlocking the Black Box: Concept-Based Modeling for Interpretable Affective Computing Applications},
  author={Li, Xinyu and Mahmoud, Marwa},
  booktitle={2024 IEEE 18th International Conference on Automatic Face and Gesture Recognition (FG)}, 
  year={2024},
  volume={},
  number={},
  pages={1-10},
  doi={10.1109/FG59268.2024.10581918}}

@incollection{zarlenga2022concept,
  title={Concept embedding models: Beyond the accuracy-explainability trade-off},
  author={Zarlenga, Mateo Espinosa and Pietro, Barbiero and Gabriele, Ciravegna and Giuseppe, Marra and Giannini, Francesco and Diligenti, Michelangelo and Zohreh, Shams and Frederic, Precioso and Melacci, Stefano and Adrian, Weller and others},
  booktitle={Advances in Neural Information Processing Systems},
  volume={35},
  pages={21400--21413},
  year={2022},
  publisher={Curran Associates, Inc.}
}

@article{zhao2019affective,
  title={Affective computing for large-scale heterogeneous multimedia data: A survey},
  author={Zhao, Sicheng and Wang, Shangfei and Soleymani, Mohammad and Joshi, Dhiraj and Ji, Qiang},
  journal={ACM Transactions on Multimedia Computing, Communications, and Applications (TOMM)},
  volume={15},
  number={3s},
  pages={1--32},
  year={2019},
  publisher={ACM New York, NY, USA}
}

