@INPROCEEDINGS{10271857,
  author={Jin, Congying and Wang, Taotao and Wang, Zhe and Shi, Long and Zhang, Shengli},
  booktitle={2023 IEEE International Conference on Metaverse Computing, Networking and Applications (MetaCom)}, 
  title={First-Price Sealed-Bid Auction for Ethereum Gas Auction Under Flashbots}, 
  year={2023},
  volume={},
  number={},
  pages={449-457},
  doi={10.1109/MetaCom57706.2023.00085}}

@INPROCEEDINGS{10634354,
  author={Wu, Fei and Thiery, Thomas and Leonardos, Stefanos and Ventre, Carmine},
  booktitle={2024 IEEE International Conference on Blockchain and Cryptocurrency (ICBC)}, 
  title={Strategic Bidding Wars in On-chain Auctions}, 
  year={2024},
  volume={},
  number={},
  pages={503-511},
  keywords={Adaptation models;Smart contracts;Benchmark testing;Cryptocurrency;Blockchains;Relays;Open source software;Maximal Extractable Value;Proposer-Builder Separation;MEV-Boost Auctions;Strategic Builders},
  doi={10.1109/ICBC59979.2024.10634354}}

@article{chen2024game,
  title={A game theoretical analysis of non-linear blockchain system},
  author={Chen, Lin and Xu, Lei and Gao, Zhimin and Sunny, Ahmed Imtiaz and Kasichainula, Keshav and Shi, Weidong},
  journal={Distributed Ledger Technologies: Research and Practice},
  volume={3},
  number={1},
  pages={1--24},
  year={2024},
  publisher={ACM New York, NY}
}

@inproceedings{chionas2023gets,
  title={Who gets the Maximal Extractable Value? A Dynamic Sharing Blockchain Mechanism},
  author={Chionas, Georgios and Braga, Pedro and Leonardos, Stefanos and Ventre, Carmine and Piliouras, Georgios and Krysta, Piotr},
  booktitle={Proceedings of the 23rd International Conference on Autonomous Agents and Multi-Agent Systems (AAMAS 2024)},
  year={2024}
}

@inproceedings{chitra2022improving,
  title={Improving proof of stake economic security via MEV redistribution},
  author={Chitra, Tarun and Kulkarni, Kshitij},
  booktitle={Proceedings of the 2022 ACM CCS Workshop on Decentralized Finance and Security},
  pages={1--7},
  year={2022}
}

@inproceedings{damle2021fasten,
  title={Fasten: Fair and secure distributed voting using smart contracts},
  author={Damle, Sankarshan and Gujar, Sujit and Moti, Moin Hussain},
  booktitle={2021 IEEE International Conference on Blockchain and Cryptocurrency (ICBC)},
  pages={1--3},
  year={2021},
  organization={IEEE}
}

@article{damle2024designing,
  title={Designing Redistribution Mechanisms for Reducing Transaction Fees in Blockchains},
  author={Damle, Sankarshan and Padala, Manisha and Gujar, Sujit},
  journal={arXiv preprint arXiv:2401.13262},
  year={2024}
}

@article{damle2024no,
  title={No Transaction Fees? No Problem! Achieving Fairness in Transaction Fee Mechanism Design},
  author={Damle, Sankarshan and Srivastava, Varul and Gujar, Sujit},
  journal={arXiv preprint arXiv:2402.04634},
  year={2024}
}

@inproceedings{faltings2021orthos,
  title={Orthos: A Trustworthy AI Framework for Data Acquisition},
  author={Faltings, Boi and Gujar, Sujit},
  booktitle={Engineering Multi-Agent Systems: 8th International Workshop, EMAS 2020, Auckland, New Zealand, May 8--9, 2020, Revised Selected Papers},
  volume={12589},
  pages={100},
  year={2021},
  organization={Springer Nature}
}

@article{jain2021we,
  title={We might walk together, but I run faster: Network Fairness and Scalability in Blockchains},
  author={Jain, Anurag and Siddiqui, Shoeb and Gujar, Sujit},
  journal={arXiv preprint arXiv:2102.04326},
  year={2021}
}

@inproceedings{jain2022tiramisu,
  title={Tiramisu: Layering consensus protocols for scalable and secure blockchains},
  author={Jain, Anurag and Arora, Sanidhay and Damle, Sankarshan and Gujar, Sujit},
  booktitle={2022 IEEE International Conference on Blockchain and Cryptocurrency (ICBC)},
  pages={1--3},
  year={2022},
  organization={IEEE}
}

@article{mazorra2023towards,
  title={Towards optimal prior-free permissionless rebate mechanisms, with applications to automated market makers \& combinatorial orderflow auctions},
  author={Mazorra, Bruno and Della Penna, Nicol{\'a}s},
  journal={arXiv preprint arXiv:2306.17024},
  year={2023}
}

@article{roughgarden,
  title={Transaction fee mechanism design},
  author={Roughgarden, Tim},
  journal={Journal of the ACM},
  volume={71},
  number={4},
  pages={1--25},
  year={2024},
  publisher={ACM New York, NY}
}

@article{siddiqui2020bitcoinf,
  title={Bitcoinf: Achieving fairness for bitcoin in transaction-fee-only model},
  author={Siddiqui, Shoeb and Vanahalli, Ganesh and Gujar, Sujit},
  journal={arXiv preprint arXiv:2003.00801},
  year={2020}
}

@article{srivastava2024decent,
  title={DECENT-BRM: Decentralization through Block Reward Mechanisms},
  author={Srivastava, Varul and Gujar, Sujit},
  journal={arXiv preprint arXiv:2401.08988},
  year={2024}
}

