@book{swan2015blockchain,
  title={Blockchain: Blueprint for a new economy},
  author={Swan, Melanie},
  year={2015},
  publisher={" O'Reilly Media, Inc."}
}

@article{nakamoto2008bitcoin,
  title={Bitcoin: A peer-to-peer electronic cash system},
  author={Nakamoto, Satoshi},
  journal={Satoshi Nakamoto},
  year={2008}
}

@article{buterin2013ethereum,
  title={Ethereum white paper},
  author={Buterin, Vitalik and others},
  journal={GitHub repository},
  volume={1},
  pages={22--23},
  year={2013}
}

@misc{structuralAdvantages,
	author = {Mallesh Pai, Max Resnick},
	title = {{S}tructural {A}dvantages for {I}ntegrated {B}uilders in {M}{E}{V}-{B}oost --- arxiv.org},
	howpublished = {\url{https://arxiv.org/abs/2311.09083}},
	year = {2023},
}

@misc{ethereumMaximalExtractable,
	author = {Ethereum},
	title = {{M}aximal extractable value ({M}{E}{V}) | ethereum.org --- ethereum.org},
	howpublished = {\url{https://ethereum.org/en/developers/docs/mev/}},
	year = {},
	note = {[Accessed 23-09-2024]},
}

@misc{flashbotsOrderFlow,
	author = {Quintus Kilbourn},
	title = {order flow, auctions and centralisation {I} - a warning | {F}lashbots {W}ritings --- writings.flashbots.net},
	howpublished = {\url{https://writings.flashbots.net/order-flow-auctions-and-centralisation}},
	year = {},
	note = {[Accessed 02-10-2024]},
}

@INPROCEEDINGS{flashbots,
  author={Daian, Philip and Goldfeder, Steven and Kell, Tyler and Li, Yunqi and Zhao, Xueyuan and Bentov, Iddo and Breidenbach, Lorenz and Juels, Ari},
  booktitle={2020 IEEE Symposium on Security and Privacy (SP)}, 
  title={Flash Boys 2.0: Frontrunning in Decentralized Exchanges, Miner Extractable Value, and Consensus Instability}, 
  year={2020},
  volume={},
  number={},
  pages={910-927},
  keywords={Contracts;Electronics packaging;Peer-to-peer computing;Bitcoin;Games},
  doi={10.1109/SP40000.2020.00040}}


@misc{thecryptocortexUnderstandingMarket,
	author = {The Crypto Cortex},
	title = {{U}nderstanding {M}arket {I}nefficiencies and {A}rbitrage in {C}rypto - {T}he {C}rypto {C}ortex --- thecryptocortex.com},
	howpublished = {\url{https://thecryptocortex.com/market-inefficiencies-and-arbitrage/}},
	year = {2024},
	note = {[Accessed 22-09-2024]},
}

@misc{flashbotsSearchingPostMerge,
	author = {https://twitter.com/zeroXbrock},
	title = {{S}earching {P}ost-{M}erge | {F}lashbots {W}ritings --- writings.flashbots.net},
	howpublished = {\url{https://writings.flashbots.net/searching-post-merge}},
	year = {2022},
	note = {[Accessed 22-09-2024]},
}

@misc{frontierBuilderDominance,
	author = {Frontier Research},
	title = {{B}uilder {D}ominance and {S}earcher {D}ependence --- frontier.tech},
	howpublished = {\url{https://frontier.tech/builder-dominance-and-searcher-dependence}},
	year = {2023},
	note = {[Accessed 22-09-2024]},
}

@misc{gupta2023centralizingeffectsprivateorder,
      title={The Centralizing Effects of Private Order Flow on Proposer-Builder Separation}, 
      author={Tivas Gupta and Mallesh M Pai and Max Resnick},
      year={2023},
      eprint={2305.19150},
      archivePrefix={arXiv},
      primaryClass={econ.TH},
      url={https://arxiv.org/abs/2305.19150}, 
}

@misc{ethereumBlocksEthereumorg,
	author = {Ethereum},
	title = {{B}locks | ethereum.org --- ethereum.org},
	howpublished = {\url{https://ethereum.org/en/developers/docs/blocks/}},
	note = {[Accessed 22-09-2024]},
}

@misc{chainMaximalExtractable,
	author = {Chainlink},
	title = {{M}aximal {E}xtractable {V}alue ({M}{E}{V}) | {C}hainlink --- chain.link},
	howpublished = {\url{https://chain.link/education-hub/maximal-extractable-value-mev}},
	year = {},
	note = {[Accessed 23-09-2024]},
}

@misc{burian2024futuremev,
      title={The Future of MEV}, 
      author={Jonah Burian},
      year={2024},
      eprint={2404.04262},
      archivePrefix={arXiv},
      primaryClass={cs.CR},
      url={https://arxiv.org/abs/2404.04262}, 
}

@misc{torres2024rollingshadowsanalyzingextraction,
      title={Rolling in the Shadows: Analyzing the Extraction of MEV Across Layer-2 Rollups}, 
      author={Christof Ferreira Torres and Albin Mamuti and Ben Weintraub and Cristina Nita-Rotaru and Shweta Shinde},
      year={2024},
      eprint={2405.00138},
      archivePrefix={arXiv},
      primaryClass={cs.CR},
      url={https://arxiv.org/abs/2405.00138}, 
}

@book{blumrosen2007algorithmic,
  title={Algorithmic game theory},
  author={Blumrosen, Liad and Nisan, Noam},
  booktitle={Introduction to Mechanism Design},
  year={2007},
  publisher={Cambridge Univ. Press New York, NY, USA}
}

@misc{match,
	author = {bert},
	title = {{M}{E}{V}-{S}hare: programmably private orderflow to share {M}{E}{V} with users --- collective.flashbots.net},
	howpublished = {\url{https://collective.flashbots.net/t/mev-share-programmably-private-orderflow-to-share-mev-with-users/1264}},
	year = {2023},
	note = {[Accessed 23-07-2024]},
}

@misc{share,
	author = {shea},
	title = {{A}nnouncing {M}{E}{V}-share beta --- collective.flashbots.net},
	howpublished = {\url{https://collective.flashbots.net/t/announcing-mev-share-beta/1650}},
	year = {},
	note = {[Accessed 25-07-2024]},
}

@book{narahari2014game,
  title={Game theory and mechanism design},
  author={Narahari, Yadati},
  volume={4},
  year={2014},
  publisher={World Scientific}
}

@inproceedings{chionas2023gets,
  title={Who gets the Maximal Extractable Value? A Dynamic Sharing Blockchain Mechanism},
  author={Chionas, Georgios and Braga, Pedro and Leonardos, Stefanos and Ventre, Carmine and Piliouras, Georgios and Krysta, Piotr},
  booktitle={Proceedings of the 23rd International Conference on Autonomous Agents and Multi-Agent Systems (AAMAS 2024)},
  year={2024}
}

@inproceedings{wang2022impact,
  title={Impact and user perception of sandwich attacks in the defi ecosystem},
  author={Wang, Ye and Zuest, Patrick and Yao, Yaxing and Lu, Zhicong and Wattenhofer, Roger},
  booktitle={Proceedings of the 2022 CHI Conference on Human Factors in Computing Systems},
  pages={1--15},
  year={2022}
}

@article{mazorra2023towards,
  title={Towards optimal prior-free permissionless rebate mechanisms, with applications to automated market makers \& combinatorial orderflow auctions},
  author={Mazorra, Bruno and Della Penna, Nicol{\'a}s},
  journal={arXiv preprint arXiv:2306.17024},
  year={2023}
}

@article{chi2024remeasuring,
  title={Remeasuring the Arbitrage and Sandwich Attacks of Maximal Extractable Value in Ethereum},
  author={Chi, Tianyang and He, Ningyu and Hu, Xiaohui and Wang, Haoyu},
  journal={arXiv preprint arXiv:2405.17944},
  year={2024}
}

@inproceedings{suri2008determining,
  title={Determining the top-k nodes in social networks using the shapley value},
  author={Suri, N Rama and Narahari, Yadati},
  booktitle={Proceedings of the 7th international joint conference on Autonomous agents and multiagent systems-Volume 3},
  pages={1509--1512},
  year={2008}
}

@inproceedings{chitra2022improving,
  title={Improving proof of stake economic security via MEV redistribution},
  author={Chitra, Tarun and Kulkarni, Kshitij},
  booktitle={Proceedings of the 2022 ACM CCS Workshop on Decentralized Finance and Security},
  pages={1--7},
  year={2022}
}

@INPROCEEDINGS{10634354,
  author={Wu, Fei and Thiery, Thomas and Leonardos, Stefanos and Ventre, Carmine},
  booktitle={2024 IEEE International Conference on Blockchain and Cryptocurrency (ICBC)}, 
  title={Strategic Bidding Wars in On-chain Auctions}, 
  year={2024},
  volume={},
  number={},
  pages={503-511},
  keywords={Adaptation models;Smart contracts;Benchmark testing;Cryptocurrency;Blockchains;Relays;Open source software;Maximal Extractable Value;Proposer-Builder Separation;MEV-Boost Auctions;Strategic Builders},
  doi={10.1109/ICBC59979.2024.10634354}}

@INPROCEEDINGS{10271857,
  author={Jin, Congying and Wang, Taotao and Wang, Zhe and Shi, Long and Zhang, Shengli},
  booktitle={2023 IEEE International Conference on Metaverse Computing, Networking and Applications (MetaCom)}, 
  title={First-Price Sealed-Bid Auction for Ethereum Gas Auction Under Flashbots}, 
  year={2023},
  volume={},
  number={},
  pages={449-457},
  doi={10.1109/MetaCom57706.2023.00085}}

@article{winter2002shapley,
  title={The shapley value},
  author={Winter, Eyal},
  journal={Handbook of game theory with economic applications},
  volume={3},
  pages={2025--2054},
  year={2002},
  publisher={Elsevier}
}

@InProceedings{ramosMev,
author="Ramos, Simona
and Ellul, Joshua",
editor="Ruiz, Marcela
and Soffer, Pnina",
title="The MEV Saga: Can Regulation Illuminate the Dark Forest?",
booktitle="Advanced Information Systems Engineering Workshops",
year="2023",
publisher="Springer International Publishing",
address="Cham",
pages="186--196"
}

@inproceedings{ji2024regulatory,
  title={Regulatory Implications of MEV Mitigations},
  author={Ji, Yan and Grimmelmann, James},
  booktitle={Proceedings of the 5th Workshop on the Coordination of Decentralized Finance},
  year={2024}
}



@article{lehrer1988axiomatization,
  title={An axiomatization of the Banzhaf value},
  author={Lehrer, Ehud},
  journal={International Journal of Game Theory},
  volume={17},
  pages={89--99},
  year={1988},
  publisher={Springer}
}

@article{van1998axiomatizations,
  title={Axiomatizations of the normalized Banzhaf value and the Shapley value},
  author={Van den Brink, Rene and Van der Laan, Gerard},
  journal={Social Choice and Welfare},
  volume={15},
  number={4},
  pages={567--582},
  year={1998},
  publisher={Springer}
}

@book{cormen2022introduction,
  title={Introduction to algorithms},
  author={Cormen, Thomas H and Leiserson, Charles E and Rivest, Ronald L and Stein, Clifford},
  year={2022},
  publisher={MIT press}
}

@inproceedings{berg2022empirical,
  title={An empirical study of market inefficiencies in Uniswap and SushiSwap},
  author={Berg, Jan Arvid and Fritsch, Robin and Heimbach, Lioba and Wattenhofer, Roger},
  booktitle={International Conference on Financial Cryptography and Data Security},
  pages={238--249},
  year={2022},
  organization={Springer}
}
@misc{blocknativeNumberPrivate,
	author = {Victoria Tran},
	title = {{T}he {N}umber of {P}rivate {T}ransactions on {E}thereum {D}oubles in {L}ast {Q}uarter --- blocknative.com},
	howpublished = {\url{https://www.blocknative.com/blog/private-transactions-on-ethereum-doubles-in-last-quarter}},
	year = {2023},
	note = {[Accessed 02-10-2024]},
}

@article{rothkopf1998computationally,
  title={Computationally manageable combinational auctions},
  author={Rothkopf, Michael H and Peke{\v{c}}, Aleksandar and Harstad, Ronald M},
  journal={Management science},
  volume={44},
  number={8},
  pages={1131--1147},
  year={1998},
  publisher={INFORMS}
}

@article{deng1994complexity,
  title={On the complexity of cooperative solution concepts},
  author={Deng, Xiaotie and Papadimitriou, Christos H},
  journal={Mathematics of operations research},
  volume={19},
  number={2},
  pages={257--266},
  year={1994},
  publisher={INFORMS}
}

@article{faigle1992shapley,
  title={The Shapley value for cooperative games under precedence constraints},
  author={Faigle, Ulrich and Kern, Walter},
  journal={International Journal of Game Theory},
  volume={21},
  pages={249--266},
  year={1992},
  publisher={Springer}
}


@article{michalak2013efficient,
  title={Efficient computation of the Shapley value for game-theoretic network centrality},
  author={Michalak, Tomasz P and Aadithya, Karthik V and Szczepanski, Piotr L and Ravindran, Balaraman and Jennings, Nicholas R},
  journal={Journal of Artificial Intelligence Research},
  volume={46},
  pages={607--650},
  year={2013}
}


@article{hu2023computing,
  title={Computing SHAP Efficiently Using Model Structure Information},
  author={Hu, Linwei and Wang, Ke},
  journal={arXiv preprint arXiv:2309.02417},
  year={2023}
}

@misc{luganodesLuganodesWhat,
	author = {Luganodes},
	title = {{L}uganodes | {W}hat is {M}{E}{V}?: {E}xplained --- luganodes.com},
	howpublished = {\url{https://www.luganodes.com/blog/mev-explained-maximal-extractable-value/}},
	year = {2023},
	note = {[Accessed 1-10-2024]},
}

@article{chaurasia2024mev,
  title={MEV Ecosystem Evolution From Ethereum 1.0},
  author={Chaurasia, Yash and Desai, Parth and Gujar, Sujit and others},
  journal={arXiv preprint arXiv:2406.13585},
  year={2024}
}

@misc{eigenphiDataEigenPhiWisdom,
	author = {EigenPhi},
	title = {MEV Data | Eigen Phi --- eigenphi.io},
	howpublished = {\url{https://eigenphi.io/}},
	year = {2022},
	note = {[Accessed 1-10-2024]},
}


@article{van2023efficiently,
  title={Efficiently computing the Shapley value of connectivity games in low-treewidth graphs},
  author={van der Zanden, Tom C and Bodlaender, Hans L and Hamers, Herbert JM},
  journal={Operational Research},
  volume={23},
  number={1},
  pages={6},
  year={2023},
  publisher={Springer}
}

@article{shapley1953value,
  title={A value for n-person games},
  author={Shapley, Lloyd S},
  journal={Contribution to the Theory of Games},
  volume={2},
  year={1953}
}


@misc{flashbotsMEVShareProgrammably,
	author = {Flashbots},
	title = {MEV-Share: programmably private orderflow to share MEV with users --- collective.flashbots.net},
	howpublished = {\url{https://collective.flashbots.net/t/mev-share-programmably-private-orderflow-to-share-mev-with-users/1264}},
	year = {2023},
	note = {[Accessed 10-10-2024]},
}

@misc{flashbotsFRP30Quantifying,
	author = {{Flashbots Research Proposals}},
	title = {FRP-30: Quantifying Shareable MEV collective.flashbots.net},
	howpublished = {\url{https://collective.flashbots.net/t/frp-30-quantifying-shareable-mev/1618}},
	year = {2023},
	note = {[Accessed 10-10-2024]},
}

@misc{dunePOF,
	author = {@dataalways/ Private Order Flow Monitor},
	title = {Private Order Flow},
	howpublished = {\url{https://dune.com/dataalways/private-order-flow}},
	year = {2024},
	note = {[Accessed 10-12-2024]},
}

@article{damle2024no,
  title={No Transaction Fees? No Problem! Achieving Fairness in Transaction Fee Mechanism Design},
  author={Damle, Sankarshan and Srivastava, Varul and Gujar, Sujit},
  journal={arXiv preprint arXiv:2402.04634},
  year={2024}
}


@article{damle2024designing,
  title={Designing Redistribution Mechanisms for Reducing Transaction Fees in Blockchains},
  author={Damle, Sankarshan and Padala, Manisha and Gujar, Sujit},
  journal={arXiv preprint arXiv:2401.13262},
  year={2024}
}

@inproceedings{jain2022tiramisu,
  title={Tiramisu: Layering consensus protocols for scalable and secure blockchains},
  author={Jain, Anurag and Arora, Sanidhay and Damle, Sankarshan and Gujar, Sujit},
  booktitle={2022 IEEE International Conference on Blockchain and Cryptocurrency (ICBC)},
  pages={1--3},
  year={2022},
  organization={IEEE}
}

@article{jain2021we,
  title={We might walk together, but I run faster: Network Fairness and Scalability in Blockchains},
  author={Jain, Anurag and Siddiqui, Shoeb and Gujar, Sujit},
  journal={arXiv preprint arXiv:2102.04326},
  year={2021}
}

@article{siddiqui2020bitcoinf,
  title={Bitcoinf: Achieving fairness for bitcoin in transaction-fee-only model},
  author={Siddiqui, Shoeb and Vanahalli, Ganesh and Gujar, Sujit},
  journal={arXiv preprint arXiv:2003.00801},
  year={2020}
}

@article{roughgarden,
  title={Transaction fee mechanism design},
  author={Roughgarden, Tim},
  journal={Journal of the ACM},
  volume={71},
  number={4},
  pages={1--25},
  year={2024},
  publisher={ACM New York, NY}
}

@article{chen2024game,
  title={A game theoretical analysis of non-linear blockchain system},
  author={Chen, Lin and Xu, Lei and Gao, Zhimin and Sunny, Ahmed Imtiaz and Kasichainula, Keshav and Shi, Weidong},
  journal={Distributed Ledger Technologies: Research and Practice},
  volume={3},
  number={1},
  pages={1--24},
  year={2024},
  publisher={ACM New York, NY}
}

@inproceedings{damle2021fasten,
  title={Fasten: Fair and secure distributed voting using smart contracts},
  author={Damle, Sankarshan and Gujar, Sujit and Moti, Moin Hussain},
  booktitle={2021 IEEE International Conference on Blockchain and Cryptocurrency (ICBC)},
  pages={1--3},
  year={2021},
  organization={IEEE}
}

@inproceedings{faltings2021orthos,
  title={Orthos: A Trustworthy AI Framework for Data Acquisition},
  author={Faltings, Boi and Gujar, Sujit},
  booktitle={Engineering Multi-Agent Systems: 8th International Workshop, EMAS 2020, Auckland, New Zealand, May 8--9, 2020, Revised Selected Papers},
  volume={12589},
  pages={100},
  year={2021},
  organization={Springer Nature}
}

@article{srivastava2024decent,
  title={DECENT-BRM: Decentralization through Block Reward Mechanisms},
  author={Srivastava, Varul and Gujar, Sujit},
  journal={arXiv preprint arXiv:2401.08988},
  year={2024}
}
