@article{achiam2023gpt,
  title={Gpt-4 technical report},
  author={Achiam, Josh and Adler, Steven and Agarwal, Sandhini and Ahmad, Lama and Akkaya, Ilge and Aleman, Florencia Leoni and Almeida, Diogo and Altenschmidt, Janko and Altman, Sam and Anadkat, Shyamal and others},
  journal={arXiv preprint arXiv:2303.08774},
  year={2023}
}

@article{anzalone2022end,
  title={An end-to-end curriculum learning approach for autonomous driving scenarios},
  author={Anzalone, Luca and Barra, Paola and Barra, Silvio and Castiglione, Aniello and Nappi, Michele},
  journal={IEEE Transactions on Intelligent Transportation Systems},
  volume={23},
  number={10},
  pages={19817--19826},
  year={2022},
  publisher={IEEE}
}

@inproceedings{bengio2009curriculum,
  title={Curriculum learning},
  author={Bengio, Yoshua and Louradour, J{\'e}r{\^o}me and Collobert, Ronan and Weston, Jason},
  booktitle={Proceedings of the 26th annual international conference on machine learning},
  pages={41--48},
  year={2009}
}

@inproceedings{ding2020learning,
  title={Learning to collide: An adaptive safety-critical scenarios generating method},
  author={Ding, Wenhao and Chen, Baiming and Xu, Minjun and Zhao, Ding},
  booktitle={2020 IEEE/RSJ International Conference on Intelligent Robots and Systems (IROS)},
  pages={2243--2250},
  year={2020},
  organization={IEEE}
}

@article{ding2023survey,
  title={A survey on safety-critical driving scenario generationâ€”A methodological perspective},
  author={Ding, Wenhao and Xu, Chejian and Arief, Mansur and Lin, Haohong and Li, Bo and Zhao, Ding},
  journal={IEEE Transactions on Intelligent Transportation Systems},
  volume={24},
  number={7},
  pages={6971--6988},
  year={2023},
  publisher={IEEE}
}

@article{dubey2024llama,
  title={The llama 3 herd of models},
  author={Dubey, Abhimanyu and Jauhri, Abhinav and Pandey, Abhinav and Kadian, Abhishek and Al-Dahle, Ahmad and Letman, Aiesha and Mathur, Akhil and Schelten, Alan and Yang, Amy and Fan, Angela and others},
  journal={arXiv preprint arXiv:2407.21783},
  year={2024}
}

@inproceedings{feng2023trafficgen,
  title={Trafficgen: Learning to generate diverse and realistic traffic scenarios},
  author={Feng, Lan and Li, Quanyi and Peng, Zhenghao and Tan, Shuhan and Zhou, Bolei},
  booktitle={2023 IEEE International Conference on Robotics and Automation (ICRA)},
  pages={3567--3575},
  year={2023},
  organization={IEEE}
}

@inproceedings{khaitan2022state,
  title={State dropout-based curriculum reinforcement learning for self-driving at unsignalized intersections},
  author={Khaitan, Shivesh and Dolan, John M},
  booktitle={2022 IEEE/RSJ International Conference on Intelligent Robots and Systems (IROS)},
  pages={12219--12224},
  year={2022},
  organization={IEEE}
}

@inproceedings{lu2024scenecontrol,
  title={Scenecontrol: Diffusion for controllable traffic scene generation},
  author={Lu, Jack and Wong, Kelvin and Zhang, Chris and Suo, Simon and Urtasun, Raquel},
  booktitle={2024 IEEE International Conference on Robotics and Automation (ICRA)},
  pages={16908--16914},
  year={2024},
  organization={IEEE}
}

@inproceedings{mao2023gpt,
  title={Gpt-driver: Learning to drive with gpt},
  author={Mao, Jiageng and Qian, Yuxi and Ye, Junjie and Zhao, Hang and Wang, Yue},
  booktitle={Neural Information Processing System (NeurIPS) workshop},
  year={2023}
}

@inproceedings{mei2024continuously,
  title={Continuously Learning, Adapting, and Improving: A Dual-Process Approach to Autonomous Driving},
  author={Mei, Jianbiao and Ma, Yukai and Yang, Xuemeng and Wen, Licheng and Cai, Xinyu and Li, Xin and Fu, Daocheng and Zhang, Bo and Cai, Pinlong and Dou, Min and others},
  booktitle={The Thirty-Eighth Annual Conference on Neural Information Processing Systems (NeurIPS)},
  year={2024}
}

@techreport{najm2007pre,
  title={Pre-crash scenario typology for crash avoidance research},
  author={Najm, Wassim G and Smith, John D and Yanagisawa, Mikio and others},
  year={2007},
  institution={National Highway Traffic Safety Administration}
}

@inproceedings{niu2024continual,
  title={Continual Driving Policy Optimization with Closed-Loop Individualized Curricula},
  author={Niu, Haoyi and Xu, Yizhou and Jiang, Xingjian and Hu, Jianming},
  booktitle={2024 IEEE International Conference on Robotics and Automation (ICRA)},
  pages={6850--6857},
  year={2024},
  organization={IEEE}
}

@inproceedings{ozturk2021investigating,
  title={Investigating value of curriculum reinforcement learning in autonomous driving under diverse road and weather conditions},
  author={Ozturk, Anil and Gunel, Mustafa Burak and Dagdanov, Resul and Vural, Mira Ekim and Yurdakul, Ferhat and Dal, Melih and Ure, Nazim Kemal},
  booktitle={2021 IEEE Intelligent Vehicles Symposium Workshops (IV Workshops)},
  pages={358--363},
  year={2021},
  organization={IEEE}
}

@inproceedings{peiss2023graph,
  title={Graph-Based Autonomous Driving with Traffic-Rule-Enhanced Curriculum Learning},
  author={Peiss, Lars Frederik and Wohlgemuth, Elias and Xue, Fan and Meyer, Eivind and Gressenbuch, Luis and Althoff, Matthias},
  booktitle={2023 IEEE 26th International Conference on Intelligent Transportation Systems (ITSC)},
  pages={4239--4246},
  year={2023},
  organization={IEEE}
}

@article{peng2024reward,
  title={Reward-Driven Automated Curriculum Learning for Interaction-Aware Self-Driving at Unsignalized Intersections},
  author={Peng, Zengqi and Zhou, Xiao and Zheng, Lei and Wang, Yubin and Ma, Jun},
  journal={arXiv preprint arXiv:2403.13674},
  year={2024}
}

@inproceedings{qiao2018automatically,
  title={Automatically generated curriculum based reinforcement learning for autonomous vehicles in urban environment},
  author={Qiao, Zhiqian and Muelling, Katharina and Dolan, John M and Palanisamy, Praveen and Mudalige, Priyantha},
  booktitle={2018 IEEE Intelligent Vehicles Symposium (IV)},
  pages={1233--1238},
  year={2018},
  organization={IEEE}
}

@inproceedings{rempe2022generating,
  title={Generating useful accident-prone driving scenarios via a learned traffic prior},
  author={Rempe, Davis and Philion, Jonah and Guibas, Leonidas J and Fidler, Sanja and Litany, Or},
  booktitle={Proceedings of the IEEE/CVF Conference on Computer Vision and Pattern Recognition},
  pages={17305--17315},
  year={2022}
}

@article{ruan2024traffic,
  title={Traffic Scene Generation from Natural Language Description for Autonomous Vehicles with Large Language Model},
  author={Ruan, Bo-Kai and Tsui, Hao-Tang and Li, Yung-Hui and Shuai, Hong-Han},
  journal={arXiv preprint arXiv:2409.09575},
  year={2024}
}

@article{scanlon2021waymo,
  title={Waymo simulated driving behavior in reconstructed fatal crashes within an autonomous vehicle operating domain},
  author={Scanlon, John M and Kusano, Kristofer D and Daniel, Tom and Alderson, Christopher and Ogle, Alexander and Victor, Trent},
  journal={Accident Analysis \& Prevention},
  volume={163},
  pages={106454},
  year={2021},
  publisher={Elsevier}
}

@inproceedings{sima2023drivelm,
  title={Drivelm: Driving with graph visual question answering},
  author={Sima, Chonghao and Renz, Katrin and Chitta, Kashyap and Chen, Li and Zhang, Hanxue and Xie, Chengen and Bei{\ss}wenger, Jens and Luo, Ping and Geiger, Andreas and Li, Hongyang},
  booktitle={European Conference on Computer Vision},
  year={2024}
}

@inproceedings{tan2021scenegen,
  title={Scenegen: Learning to generate realistic traffic scenes},
  author={Tan, Shuhan and Wong, Kelvin and Wang, Shenlong and Manivasagam, Sivabalan and Ren, Mengye and Urtasun, Raquel},
  booktitle={Proceedings of the IEEE/CVF Conference on Computer Vision and Pattern Recognition},
  pages={892--901},
  year={2021}
}

@techreport{thorn2018framework,
  title={A framework for automated driving system testable cases and scenarios},
  author={Thorn, Eric and Kimmel, Shawn C and Chaka, Michelle and Hamilton, Booz Allen and others},
  year={2018},
  institution={National Highway Traffic Safety Administration}
}

@article{wang2021survey,
  title={A survey on curriculum learning},
  author={Wang, Xin and Chen, Yudong and Zhu, Wenwu},
  journal={IEEE transactions on pattern analysis and machine intelligence},
  volume={44},
  number={9},
  pages={4555--4576},
  year={2021},
  publisher={IEEE}
}

@inproceedings{wen2023dilu,
  title={Dilu: A knowledge-driven approach to autonomous driving with large language models},
  author={Wen, Licheng and Fu, Daocheng and Li, Xin and Cai, Xinyu and Ma, Tao and Cai, Pinlong and Dou, Min and Shi, Botian and He, Liang and Qiao, Yu},
  booktitle = {International Conference on Learning Representations},
  year={2024}
}

@inproceedings{zhang2024chatscene,
  title={ChatScene: Knowledge-Enabled Safety-Critical Scenario Generation for Autonomous Vehicles},
  author={Zhang, Jiawei and Xu, Chejian and Li, Bo},
  booktitle={Proceedings of the IEEE/CVF Conference on Computer Vision and Pattern Recognition},
  pages={15459--15469},
  year={2024}
}

@inproceedings{zhong2023guided,
  title={Guided conditional diffusion for controllable traffic simulation},
  author={Zhong, Ziyuan and Rempe, Davis and Xu, Danfei and Chen, Yuxiao and Veer, Sushant and Che, Tong and Ray, Baishakhi and Pavone, Marco},
  booktitle={2023 IEEE International Conference on Robotics and Automation (ICRA)},
  pages={3560--3566},
  year={2023},
  organization={IEEE}
}

@inproceedings{zhong2023language,
  title={Language-guided traffic simulation via scene-level diffusion},
  author={Zhong, Ziyuan and Rempe, Davis and Chen, Yuxiao and Ivanovic, Boris and Cao, Yulong and Xu, Danfei and Pavone, Marco and Ray, Baishakhi},
  booktitle={Conference on Robot Learning},
  pages={144--177},
  year={2023},
  organization={PMLR}
}

@inproceedings{zhou2024embodied,
  title={Embodied understanding of driving scenarios},
  author={Zhou, Yunsong and Huang, Linyan and Bu, Qingwen and Zeng, Jia and Li, Tianyu and Qiu, Hang and Zhu, Hongzi and Guo, Minyi and Qiao, Yu and Li, Hongyang}, 
  booktitle={European Conference on Computer Vision},
  year={2024},
  organization={Springer}
}

@article{zhou2024vision,
  title={Vision language models in autonomous driving: A survey and outlook},
  author={Zhou, Xingcheng and Liu, Mingyu and Yurtsever, Ekim and Zagar, Bare Luka and Zimmer, Walter and Cao, Hu and Knoll, Alois C},
  journal={IEEE Transactions on Intelligent Vehicles},
  year={2024},
  publisher={IEEE}
}

