
@article{sheng2024ego,
  title={Ego-planning-guided multi-graph convolutional network for heterogeneous agent trajectory prediction},
  author={Sheng, Zihao and Huang, Zilin and Chen, Sikai},
  journal={Computer-Aided Civil and Infrastructure Engineering},
  volume={39},
  number={22},
  pages={3357--3374},
  year={2024},
  publisher={Wiley Online Library}
}

@inproceedings{cui2024survey,
  title={A survey on multimodal large language models for autonomous driving},
  author={Cui, Can and Ma, Yunsheng and Cao, Xu and Ye, Wenqian and Zhou, Yang and Liang, Kaizhao and Chen, Jintai and Lu, Juanwu and Yang, Zichong and Liao, Kuei-Da and others},
  booktitle={Proceedings of the IEEE/CVF Winter Conference on Applications of Computer Vision},
  pages={958--979},
  year={2024}
}

@inproceedings{gu2021densetnt,
  title={Densetnt: End-to-end trajectory prediction from dense goal sets},
  author={Gu, Junru and Sun, Chen and Zhao, Hang},
  booktitle={Proceedings of the IEEE/CVF International Conference on Computer Vision},
  pages={15303--15312},
  year={2021}
}

@inproceedings{salzmann2020trajectron,
  title={Trajectron++: Dynamically-feasible trajectory forecasting with heterogeneous data},
  author={Salzmann, Tim and Ivanovic, Boris and Chakravarty, Punarjay and Pavone, Marco},
  booktitle={European Conference on Computer Vision},
  pages={683--700},
  year={2020},
  organization={Springer}
}

@inproceedings{sun2022m2i,
  title={M2i: From factored marginal trajectory prediction to interactive prediction},
  author={Sun, Qiao and Huang, Xin and Gu, Junru and Williams, Brian C and Zhao, Hang},
  booktitle={Proceedings of the IEEE/CVF Conference on Computer Vision and Pattern Recognition},
  pages={6543--6552},
  year={2022}
}

@inproceedings{fujimoto2018addressing,
  title={Addressing function approximation error in actor-critic methods},
  author={Fujimoto, Scott and Hoof, Herke and Meger, David},
  booktitle={International conference on machine learning},
  pages={1587--1596},
  year={2018},
  organization={PMLR}
}

@article{wei2022chain,
  title={Chain-of-thought prompting elicits reasoning in large language models},
  author={Wei, Jason and Wang, Xuezhi and Schuurmans, Dale and Bosma, Maarten and Xia, Fei and Chi, Ed and Le, Quoc V and Zhou, Denny and others},
  journal={Advances in neural information processing systems},
  volume={35},
  pages={24824--24837},
  year={2022}
}

@article{wu2024recent,
  title={Recent advances in reinforcement learning-based autonomous driving behavior planning: A survey},
  author={Wu, Jingda and Huang, Chao and Huang, Hailong and Lv, Chen and Wang, Yuntong and Wang, Fei-Yue},
  journal={Transportation Research Part C: Emerging Technologies},
  volume={164},
  pages={104654},
  year={2024},
  publisher={Elsevier}
}

@inproceedings{yang2023llm4drive,
  title={LLM4Drive: A survey of large language models for autonomous driving},
  author={Yang, Zhenjie and Jia, Xiaosong and Li, Hongyang and Yan, Junchi},
  booktitle={NeurIPS 2024 Workshop on Open-World Agents},
  year={2024}
}

@article{peng2024reward,
  title={Reward-Driven Automated Curriculum Learning for Interaction-Aware Self-Driving at Unsignalized Intersections},
  author={Peng, Zengqi and Zhou, Xiao and Zheng, Lei and Wang, Yubin and Ma, Jun},
  journal={arXiv preprint arXiv:2403.13674},
  year={2024}
}

@article{dubey2024llama,
  title={The llama 3 herd of models},
  author={Dubey, Abhimanyu and Jauhri, Abhinav and Pandey, Abhinav and Kadian, Abhishek and Al-Dahle, Ahmad and Letman, Aiesha and Mathur, Akhil and Schelten, Alan and Yang, Amy and Fan, Angela and others},
  journal={arXiv preprint arXiv:2407.21783},
  year={2024}
}

@article{achiam2023gpt,
  title={Gpt-4 technical report},
  author={Achiam, Josh and Adler, Steven and Agarwal, Sandhini and Ahmad, Lama and Akkaya, Ilge and Aleman, Florencia Leoni and Almeida, Diogo and Altenschmidt, Janko and Altman, Sam and Anadkat, Shyamal and others},
  journal={arXiv preprint arXiv:2303.08774},
  year={2023}
}

@inproceedings{shao2024lmdrive,
  title={Lmdrive: Closed-loop end-to-end driving with large language models},
  author={Shao, Hao and Hu, Yuxuan and Wang, Letian and Song, Guanglu and Waslander, Steven L and Liu, Yu and Li, Hongsheng},
  booktitle={Proceedings of the IEEE/CVF Conference on Computer Vision and Pattern Recognition},
  pages={15120--15130},
  year={2024}
}

@inproceedings{mao2023gpt,
  title={Gpt-driver: Learning to drive with gpt},
  author={Mao, Jiageng and Qian, Yuxi and Ye, Junjie and Zhao, Hang and Wang, Yue},
  booktitle={Neural Information Processing System (NeurIPS) workshop},
  year={2023}
}

@inproceedings{mei2024continuously,
  title={Continuously Learning, Adapting, and Improving: A Dual-Process Approach to Autonomous Driving},
  author={Mei, Jianbiao and Ma, Yukai and Yang, Xuemeng and Wen, Licheng and Cai, Xinyu and Li, Xin and Fu, Daocheng and Zhang, Bo and Cai, Pinlong and Dou, Min and others},
  booktitle={The Thirty-Eighth Annual Conference on Neural Information Processing Systems (NeurIPS)},
  year={2024}
}


@inproceedings{sima2023drivelm,
  title={Drivelm: Driving with graph visual question answering},
  author={Sima, Chonghao and Renz, Katrin and Chitta, Kashyap and Chen, Li and Zhang, Hanxue and Xie, Chengen and Bei{\ss}wenger, Jens and Luo, Ping and Geiger, Andreas and Li, Hongyang},
  booktitle={European Conference on Computer Vision},
  year={2024}
}

@inproceedings{wen2023dilu,
  title={Dilu: A knowledge-driven approach to autonomous driving with large language models},
  author={Wen, Licheng and Fu, Daocheng and Li, Xin and Cai, Xinyu and Ma, Tao and Cai, Pinlong and Dou, Min and Shi, Botian and He, Liang and Qiao, Yu},
  booktitle = {International Conference on Learning Representations},
  year={2024}
}

@inproceedings{qiao2018automatically,
  title={Automatically generated curriculum based reinforcement learning for autonomous vehicles in urban environment},
  author={Qiao, Zhiqian and Muelling, Katharina and Dolan, John M and Palanisamy, Praveen and Mudalige, Priyantha},
  booktitle={2018 IEEE Intelligent Vehicles Symposium (IV)},
  pages={1233--1238},
  year={2018},
  organization={IEEE}
}

@inproceedings{niu2024continual,
  title={Continual Driving Policy Optimization with Closed-Loop Individualized Curricula},
  author={Niu, Haoyi and Xu, Yizhou and Jiang, Xingjian and Hu, Jianming},
  booktitle={2024 IEEE International Conference on Robotics and Automation (ICRA)},
  pages={6850--6857},
  year={2024},
  organization={IEEE}
}

@article{soviany2022curriculum,
  title={Curriculum learning: A survey},
  author={Soviany, Petru and Ionescu, Radu Tudor and Rota, Paolo and Sebe, Nicu},
  journal={International Journal of Computer Vision},
  volume={130},
  number={6},
  pages={1526--1565},
  year={2022},
  publisher={Springer}
}

@inproceedings{peiss2023graph,
  title={Graph-Based Autonomous Driving with Traffic-Rule-Enhanced Curriculum Learning},
  author={Peiss, Lars Frederik and Wohlgemuth, Elias and Xue, Fan and Meyer, Eivind and Gressenbuch, Luis and Althoff, Matthias},
  booktitle={2023 IEEE 26th International Conference on Intelligent Transportation Systems (ITSC)},
  pages={4239--4246},
  year={2023},
  organization={IEEE}
}

@book{sutton2018reinforcement,
  title={Reinforcement learning: An introduction},
  author={Sutton, Richard S and Barto, Andrew G},
  year={2018},
  publisher={MIT press}
}

@article{huang2024toward,
  title={Toward C-V2X Enabled Connected Transportation System: RSU-Based Cooperative Localization Framework for Autonomous Vehicles},
  author={Huang, Zilin and Chen, Sikai and Pian, Yuzhuang and Sheng, Zihao and Ahn, Soyoung and Noyce, David A},
  journal={IEEE Transactions on Intelligent Transportation Systems},
  volume={25},
  number={10},
  pages={13417--13431},
  year={2024},
  publisher={IEEE}
}

@article{sheng2024traffic,
  title={Traffic expertise meets residual RL: Knowledge-informed model-based residual reinforcement learning for CAV trajectory control},
  author={Sheng, Zihao and Huang, Zilin and Chen, Sikai},
  journal={Communications in Transportation Research},
  volume={4},
  pages={100142},
  year={2024},
  publisher={Elsevier}
}

@article{huang2024vlm,
  title={VLM-RL: A Unified Vision Language Models and Reinforcement Learning Framework for Safe Autonomous Driving},
  author={Huang, Zilin and Sheng, Zihao and Qu, Yansong and You, Junwei and Chen, Sikai},
  journal={arXiv preprint arXiv:2412.15544},
  year={2024}
}

@inproceedings{khaitan2022state,
  title={State dropout-based curriculum reinforcement learning for self-driving at unsignalized intersections},
  author={Khaitan, Shivesh and Dolan, John M},
  booktitle={2022 IEEE/RSJ International Conference on Intelligent Robots and Systems (IROS)},
  pages={12219--12224},
  year={2022},
  organization={IEEE}
}

@inproceedings{ozturk2021investigating,
  title={Investigating value of curriculum reinforcement learning in autonomous driving under diverse road and weather conditions},
  author={Ozturk, Anil and Gunel, Mustafa Burak and Dagdanov, Resul and Vural, Mira Ekim and Yurdakul, Ferhat and Dal, Melih and Ure, Nazim Kemal},
  booktitle={2021 IEEE Intelligent Vehicles Symposium Workshops (IV Workshops)},
  pages={358--363},
  year={2021},
  organization={IEEE}
}

@article{anzalone2022end,
  title={An end-to-end curriculum learning approach for autonomous driving scenarios},
  author={Anzalone, Luca and Barra, Paola and Barra, Silvio and Castiglione, Aniello and Nappi, Michele},
  journal={IEEE Transactions on Intelligent Transportation Systems},
  volume={23},
  number={10},
  pages={19817--19826},
  year={2022},
  publisher={IEEE}
}

@inproceedings{bengio2009curriculum,
  title={Curriculum learning},
  author={Bengio, Yoshua and Louradour, J{\'e}r{\^o}me and Collobert, Ronan and Weston, Jason},
  booktitle={Proceedings of the 26th annual international conference on machine learning},
  pages={41--48},
  year={2009}
}

@inproceedings{zhong2023language,
  title={Language-guided traffic simulation via scene-level diffusion},
  author={Zhong, Ziyuan and Rempe, Davis and Chen, Yuxiao and Ivanovic, Boris and Cao, Yulong and Xu, Danfei and Pavone, Marco and Ray, Baishakhi},
  booktitle={Conference on Robot Learning},
  pages={144--177},
  year={2023},
  organization={PMLR}
}

@inproceedings{zhang2024chatscene,
  title={ChatScene: Knowledge-Enabled Safety-Critical Scenario Generation for Autonomous Vehicles},
  author={Zhang, Jiawei and Xu, Chejian and Li, Bo},
  booktitle={Proceedings of the IEEE/CVF Conference on Computer Vision and Pattern Recognition},
  pages={15459--15469},
  year={2024}
}

@article{ruan2024traffic,
  title={Traffic Scene Generation from Natural Language Description for Autonomous Vehicles with Large Language Model},
  author={Ruan, Bo-Kai and Tsui, Hao-Tang and Li, Yung-Hui and Shuai, Hong-Han},
  journal={arXiv preprint arXiv:2409.09575},
  year={2024}
}

@article{scanlon2021waymo,
  title={Waymo simulated driving behavior in reconstructed fatal crashes within an autonomous vehicle operating domain},
  author={Scanlon, John M and Kusano, Kristofer D and Daniel, Tom and Alderson, Christopher and Ogle, Alexander and Victor, Trent},
  journal={Accident Analysis \& Prevention},
  volume={163},
  pages={106454},
  year={2021},
  publisher={Elsevier}
}

@techreport{thorn2018framework,
  title={A framework for automated driving system testable cases and scenarios},
  author={Thorn, Eric and Kimmel, Shawn C and Chaka, Michelle and Hamilton, Booz Allen and others},
  year={2018},
  institution={National Highway Traffic Safety Administration}
}

@techreport{najm2007pre,
  title={Pre-crash scenario typology for crash avoidance research},
  author={Najm, Wassim G and Smith, John D and Yanagisawa, Mikio and others},
  year={2007},
  institution={National Highway Traffic Safety Administration}
}

@inproceedings{chang2025safe,
  title={SAFE-SIM: Safety-Critical Closed-Loop Traffic Simulation with Diffusion-Controllable Adversaries},
  author={Chang, Wei-Jer and Pittaluga, Francesco and Tomizuka, Masayoshi and Zhan, Wei and Chandraker, Manmohan},
  booktitle={European Conference on Computer Vision},
  pages={242--258},
  year={2025},
  organization={Springer}
}

@inproceedings{feng2023trafficgen,
  title={Trafficgen: Learning to generate diverse and realistic traffic scenarios},
  author={Feng, Lan and Li, Quanyi and Peng, Zhenghao and Tan, Shuhan and Zhou, Bolei},
  booktitle={2023 IEEE International Conference on Robotics and Automation (ICRA)},
  pages={3567--3575},
  year={2023},
  organization={IEEE}
}

@inproceedings{rempe2022generating,
  title={Generating useful accident-prone driving scenarios via a learned traffic prior},
  author={Rempe, Davis and Philion, Jonah and Guibas, Leonidas J and Fidler, Sanja and Litany, Or},
  booktitle={Proceedings of the IEEE/CVF Conference on Computer Vision and Pattern Recognition},
  pages={17305--17315},
  year={2022}
}

@inproceedings{tan2021scenegen,
  title={Scenegen: Learning to generate realistic traffic scenes},
  author={Tan, Shuhan and Wong, Kelvin and Wang, Shenlong and Manivasagam, Sivabalan and Ren, Mengye and Urtasun, Raquel},
  booktitle={Proceedings of the IEEE/CVF Conference on Computer Vision and Pattern Recognition},
  pages={892--901},
  year={2021}
}

@inproceedings{ding2020learning,
  title={Learning to collide: An adaptive safety-critical scenarios generating method},
  author={Ding, Wenhao and Chen, Baiming and Xu, Minjun and Zhao, Ding},
  booktitle={2020 IEEE/RSJ International Conference on Intelligent Robots and Systems (IROS)},
  pages={2243--2250},
  year={2020},
  organization={IEEE}
}

@inproceedings{choudhary2024talk2bev,
  title={Talk2BEV: Language-enhanced Bird’s-eye view maps for autonomous driving},
  author={Choudhary, Tushar and Dewangan, Vikrant and Chandhok, Shivam and Priyadarshan, Shubham and Jain, Anushka and Singh, Arun K and Srivastava, Siddharth and Jatavallabhula, Krishna Murthy and Krishna, K Madhava},
  booktitle={2024 IEEE International Conference on Robotics and Automation (ICRA)},
  pages={16345--16352},
  year={2024},
  organization={IEEE}
}

@inproceedings{zhou2024embodied,
  title={Embodied understanding of driving scenarios},
  author={Zhou, Yunsong and Huang, Linyan and Bu, Qingwen and Zeng, Jia and Li, Tianyu and Qiu, Hang and Zhu, Hongzi and Guo, Minyi and Qiao, Yu and Li, Hongyang}, 
  booktitle={European Conference on Computer Vision},
  year={2024},
  organization={Springer}
}

@article{xiao2024hazardvlm,
  title={HazardVLM: A Video Language Model for Real-Time Hazard Description in Automated Driving Systems},
  author={Xiao, Dannier and Dianati, Mehrdad and Jennings, Paul and Woodman, Roger},
  journal={IEEE Transactions on Intelligent Vehicles},
  year={2024},
  publisher={IEEE}
}

@article{shi2024scvlm,
  title={ScVLM: a Vision-Language Model for Driving Safety Critical Event Understanding},
  author={Shi, Liang and Jiang, Boyu and Guo, Feng},
  journal={arXiv preprint arXiv:2410.00982},
  year={2024}
}

@article{zhou2024vision,
  title={Vision language models in autonomous driving: A survey and outlook},
  author={Zhou, Xingcheng and Liu, Mingyu and Yurtsever, Ekim and Zagar, Bare Luka and Zimmer, Walter and Cao, Hu and Knoll, Alois C},
  journal={IEEE Transactions on Intelligent Vehicles},
  year={2024},
  publisher={IEEE}
}

@article{wang2021survey,
  title={A survey on curriculum learning},
  author={Wang, Xin and Chen, Yudong and Zhu, Wenwu},
  journal={IEEE transactions on pattern analysis and machine intelligence},
  volume={44},
  number={9},
  pages={4555--4576},
  year={2021},
  publisher={IEEE}
}

@inproceedings{hanselmann2022king,
  title={King: Generating safety-critical driving scenarios for robust imitation via kinematics gradients},
  author={Hanselmann, Niklas and Renz, Katrin and Chitta, Kashyap and Bhattacharyya, Apratim and Geiger, Andreas},
  booktitle={European Conference on Computer Vision},
  pages={335--352},
  year={2022},
  organization={Springer}
}

@inproceedings{ding2023causalaf,
  title={Causalaf: Causal autoregressive flow for safety-critical driving scenario generation},
  author={Ding, Wenhao and Lin, Haohong and Li, Bo and Zhao, Ding},
  booktitle={Conference on robot learning},
  pages={812--823},
  year={2023},
  organization={PMLR}
}

@inproceedings{lu2024scenecontrol,
  title={Scenecontrol: Diffusion for controllable traffic scene generation},
  author={Lu, Jack and Wong, Kelvin and Zhang, Chris and Suo, Simon and Urtasun, Raquel},
  booktitle={2024 IEEE International Conference on Robotics and Automation (ICRA)},
  pages={16908--16914},
  year={2024},
  organization={IEEE}
}

@article{ma2024evolving,
  title={Evolving testing scenario generation and intelligence evaluation for automated vehicles},
  author={Ma, Yining and Jiang, Wei and Zhang, Lingtong and Chen, Junyi and Wang, Hong and Lv, Chen and Wang, Xuesong and Xiong, Lu},
  journal={Transportation Research Part C: Emerging Technologies},
  volume={163},
  pages={104620},
  year={2024},
  publisher={Elsevier}
}

@article{xie2024advdiffuser,
  title={AdvDiffuser: Generating Adversarial Safety-Critical Driving Scenarios via Guided Diffusion},
  author={Xie, Yuting and Guo, Xianda and Wang, Cong and Liu, Kunhua and Chen, Long},
  journal={arXiv preprint arXiv:2410.08453},
  year={2024}
}

@inproceedings{zhong2023guided,
  title={Guided conditional diffusion for controllable traffic simulation},
  author={Zhong, Ziyuan and Rempe, Davis and Xu, Danfei and Chen, Yuxiao and Veer, Sushant and Che, Tong and Ray, Baishakhi and Pavone, Marco},
  booktitle={2023 IEEE International Conference on Robotics and Automation (ICRA)},
  pages={3560--3566},
  year={2023},
  organization={IEEE}
}


@inproceedings{wang2024deepaccident,
  title={Deepaccident: A motion and accident prediction benchmark for v2x autonomous driving},
  author={Wang, Tianqi and Kim, Sukmin and Wenxuan, Ji and Xie, Enze and Ge, Chongjian and Chen, Junsong and Li, Zhenguo and Luo, Ping},
  booktitle={Proceedings of the AAAI Conference on Artificial Intelligence},
  volume={38},
  number={6},
  pages={5599--5606},
  year={2024}
}

@inproceedings{kim2019crash,
  title={Crash to not crash: Learn to identify dangerous vehicles using a simulator},
  author={Kim, Hoon and Lee, Kangwook and Hwang, Gyeongjo and Suh, Changho},
  booktitle={Proceedings of the AAAI Conference on Artificial Intelligence},
  volume={33},
  number={01},
  pages={978--985},
  year={2019}
}

@article{yan2023learning,
  title={Learning naturalistic driving environment with statistical realism},
  author={Yan, Xintao and Zou, Zhengxia and Feng, Shuo and Zhu, Haojie and Sun, Haowei and Liu, Henry X},
  journal={Nature communications},
  volume={14},
  number={1},
  pages={2037},
  year={2023},
  publisher={Nature Publishing Group UK London}
}

@article{hao2023adversarial,
  title={Adversarial safety-critical scenario generation using naturalistic human driving priors},
  author={Hao, Kunkun and Cui, Wen and Luo, Yonggang and Xie, Lecheng and Bai, Yuqiao and Yang, Jucheng and Yan, Songyang and Pan, Yuxi and Yang, Zijiang},
  journal={IEEE Transactions on Intelligent Vehicles},
  year={2023},
  publisher={IEEE}
}

@article{li2022decision,
  title={Decision making of autonomous vehicles in lane change scenarios: Deep reinforcement learning approaches with risk awareness},
  author={Li, Guofa and Yang, Yifan and Li, Shen and Qu, Xingda and Lyu, Nengchao and Li, Shengbo Eben},
  journal={Transportation research part C: emerging technologies},
  volume={134},
  pages={103452},
  year={2022},
  publisher={Elsevier}
}

@article{zhu2020safe,
  title={Safe, efficient, and comfortable velocity control based on reinforcement learning for autonomous driving},
  author={Zhu, Meixin and Wang, Yinhai and Pu, Ziyuan and Hu, Jingyun and Wang, Xuesong and Ke, Ruimin},
  journal={Transportation Research Part C: Emerging Technologies},
  volume={117},
  pages={102662},
  year={2020},
  publisher={Elsevier}
}

@article{he2024toward,
  title={Toward trustworthy decision-making for autonomous vehicles: A robust reinforcement learning approach with safety guarantees},
  author={He, Xiangkun and Huang, Wenhui and Lv, Chen},
  journal={Engineering},
  volume={33},
  pages={77--89},
  year={2024},
  publisher={Elsevier}
}

@article{huang2024trustworthy,
  title={Trustworthy human-ai collaboration: Reinforcement learning with human feedback and physics knowledge for safe autonomous driving},
  author={Huang, Zilin and Sheng, Zihao and Chen, Sikai},
  journal={arXiv preprint arXiv:2409.00858},
  year={2024}
}

@inproceedings{isele2018safe,
  title={Safe reinforcement learning on autonomous vehicles},
  author={Isele, David and Nakhaei, Alireza and Fujimura, Kikuo},
  booktitle={2018 IEEE/RSJ International Conference on Intelligent Robots and Systems (IROS)},
  pages={1--6},
  year={2018},
  organization={IEEE}
}

@article{gu2023safe,
  title={Safe-state enhancement method for autonomous driving via direct hierarchical reinforcement learning},
  author={Gu, Ziqing and Gao, Lingping and Ma, Haitong and Li, Shengbo Eben and Zheng, Sifa and Jing, Wei and Chen, Junbo},
  journal={IEEE Transactions on Intelligent Transportation Systems},
  volume={24},
  number={9},
  pages={9966--9983},
  year={2023},
  publisher={IEEE}
}

@article{he2024trustworthy,
  title={Trustworthy autonomous driving via defense-aware robust reinforcement learning against worst-case observational perturbations},
  author={He, Xiangkun and Huang, Wenhui and Lv, Chen},
  journal={Transportation Research Part C: Emerging Technologies},
  volume={163},
  pages={104632},
  year={2024},
  publisher={Elsevier}
}

@article{cao2022trustworthy,
  title={Trustworthy safety improvement for autonomous driving using reinforcement learning},
  author={Cao, Zhong and Xu, Shaobing and Jiao, Xinyu and Peng, Huei and Yang, Diange},
  journal={Transportation research part C: emerging technologies},
  volume={138},
  pages={103656},
  year={2022},
  publisher={Elsevier}
}

@misc{california_dmv_disengagement_2021,
  title = {2023 Disengagement Reports},
  author = {{California Department of Motor Vehicles}},
  year = {2023},
  url = {https://www.dmv.ca.gov/portal/vehicle-industry-services/autonomous-vehicles/disengagementreports/},
  note = {Accessed: 2024-11-04}
}


@article{ding2023survey,
  title={A survey on safety-critical driving scenario generation—A methodological perspective},
  author={Ding, Wenhao and Xu, Chejian and Arief, Mansur and Lin, Haohong and Li, Bo and Zhao, Ding},
  journal={IEEE Transactions on Intelligent Transportation Systems},
  volume={24},
  number={7},
  pages={6971--6988},
  year={2023},
  publisher={IEEE}
}

@article{muhammad2020deep,
  title={Deep learning for safe autonomous driving: Current challenges and future directions},
  author={Muhammad, Khan and Ullah, Amin and Lloret, Jaime and Del Ser, Javier and de Albuquerque, Victor Hugo C},
  journal={IEEE Transactions on Intelligent Transportation Systems},
  volume={22},
  number={7},
  pages={4316--4336},
  year={2021},
  publisher={IEEE}
}

@article{scanlon2024benchmarks,
  title={Benchmarks for retrospective automated driving system crash rate analysis using police-reported crash data},
  author={Scanlon, John M and Kusano, Kristofer D and Fraade-Blanar, Laura A and McMurry, Timothy L and Chen, Yin-Hsiu and Victor, Trent},
  journal={Traffic Injury Prevention},
  pages={1--15},
  year={2024},
  publisher={Taylor \& Francis}
}

@article{kusano2024comparison,
  title={Comparison of Waymo rider-only crash data to human benchmarks at 7.1 million miles},
  author={Kusano, Kristofer D and Scanlon, John M and Chen, Yin-Hsiu and McMurry, Timothy L and Chen, Ruoshu and Gode, Tilia and Victor, Trent},
  journal={Traffic Injury Prevention},
  pages={1--12},
  year={2024},
  publisher={Taylor \& Francis}
}

@misc{team2023waymo,
  title={Waymo significantly outperforms comparable human benchmarks over 7+ million miles of rider-only driving},
  author={Team, W},
  year={2023}
}

@article{feng2023dense,
  title={Dense reinforcement learning for safety validation of autonomous vehicles},
  author={Feng, Shuo and Sun, Haowei and Yan, Xintao and Zhu, Haojie and Zou, Zhengxia and Shen, Shengyin and Liu, Henry X},
  journal={Nature},
  volume={615},
  number={7953},
  pages={620--627},
  year={2023},
  publisher={Nature Publishing Group UK London}
}

@article{reddy2019sqil,
  title={Sqil: Imitation learning via reinforcement learning with sparse rewards},
  author={Reddy, Siddharth and Dragan, Anca D and Levine, Sergey},
  journal={arXiv preprint arXiv:1905.11108},
  year={2019}
}

@article{fu2017learning,
  title={Learning robust rewards with adversarial inverse reinforcement learning},
  author={Fu, Justin and Luo, Katie and Levine, Sergey},
  journal={arXiv preprint arXiv:1710.11248},
  year={2017}
}

@article{ho2016generative,
  title={Generative adversarial imitation learning},
  author={Ho, Jonathan and Ermon, Stefano},
  journal={Advances in neural information processing systems},
  volume={29},
  year={2016}
}

@article{gleave2022imitation,
  title={imitation: Clean imitation learning implementations},
  author={Gleave, Adam and Taufeeque, Mohammad and Rocamonde, Juan and Jenner, Erik and Wang, Steven H and Toyer, Sam and Ernestus, Maximilian and Belrose, Nora and Emmons, Scott and Russell, Stuart},
  journal={arXiv preprint arXiv:2211.11972},
  year={2022}
}

@inproceedings{farag2018behavior,
  title={Behavior cloning for autonomous driving using convolutional neural networks},
  author={Farag, Wael and Saleh, Zakaria},
  booktitle={2018 International Conference on Innovation and Intelligence for Informatics, Computing, and Technologies (3ICT)},
  pages={1--7},
  year={2018},
  organization={IEEE}
}

@InProceedings{zhang2023cat,
  title = 	 {CAT: Closed-loop Adversarial Training for Safe End-to-End Driving},
  author =       {Zhang, Linrui and Peng, Zhenghao and Li, Quanyi and Zhou, Bolei},
  booktitle = 	 {Proceedings of The 7th Conference on Robot Learning},
  pages = 	 {2357--2372},
  year = 	 {2023},
  volume = 	 {229},
  series = 	 {Proceedings of Machine Learning Research},
  publisher =    {PMLR},
}



@article{Cao2023Continuous,
   author = {Zhong Cao and Kun Jiang and Weitao Zhou and Shaobing Xu and Huei Peng and Diange Yang},
   doii = {10.1038/s42256-023-00610-y},
   issn = {2522-5839},
   issue = {2},
   journal = {Nature Machine Intelligence},
   month = {2},
   pages = {145-158},
   title = {Continuous improvement of self-driving cars using dynamic confidence-aware reinforcement learning},
   volume = {5},
   year = {2023},
}
@inproceedings{Agarwal2020Optimality,
   author = {Alekh Agarwal and Sham M. Kakade and Jason D. Lee and Gaurav Mahajan},
   booktitle = {Proceedings of Thirty Third Conference on Learning Theory},
   month = {8},
   pages = {64-66},
   title = {Optimality and Approximation with Policy Gradient Methods in Markov Decision Processes},
   year = {2020},
}
@article{Hornik1989Multilayer,
   author = {Kurt Hornik and Maxwell Stinchcombe and Halbert White},
   doii = {10.1016/0893-6080(89)90020-8},
   issn = {08936080},
   issue = {5},
   journal = {Neural Networks},
   month = {1},
   pages = {359-366},
   title = {Multilayer feedforward networks are universal approximators},
   volume = {2},
   year = {1989},
}

@article{Zhou2023Improving,
   author = {Dongqin Zhou and Vikash V. Gayah},
   doii = {10.1177/03611981231152466},
   issn = {0361-1981},
   issue = {7},
   journal = {Transportation Research Record: Journal of the Transportation Research Board},
   month = {7},
   pages = {384-405},
   title = {Improving Deep Reinforcement Learning-Based Perimeter Metering Control Methods With Domain Control Knowledge},
   volume = {2677},
   year = {2023},
}
@article{Sun2023Cooperative,
   author = {Zhanbo Sun and Jiayi Huang and Ang Ji and Ruibin Zhao and Guoqian Zheng},
   journal = {SSRN},
   title = {Cooperative Merging for Connected Automated Vehicles in Mixed Traffic: A Multi-Agent Reinforcement Learning Approach},
   year = {2023},
}
@article{Chen2023Deep,
   author = {Dong Chen and Mohammad R. Hajidavalloo and Zhaojian Li and Kaian Chen and Yongqiang Wang and Longsheng Jiang and Yue Wang},
   doii = {10.1109/TITS.2023.3285442},
   issn = {1524-9050},
   issue = {11},
   journal = {IEEE Transactions on Intelligent Transportation Systems},
   month = {11},
   pages = {11623-11638},
   title = {Deep Multi-Agent Reinforcement Learning for Highway On-Ramp Merging in Mixed Traffic},
   volume = {24},
   year = {2023},
}
@article{Yang2024Eco,
   author = {Zhiwei Yang and Zuduo Zheng and Jiwon Kim and Hesham Rakha},
   doii = {10.1016/j.trc.2024.104683},
   issn = {0968090X},
   journal = {Transportation Research Part C: Emerging Technologies},
   month = {8},
   pages = {104683},
   title = {Eco-driving strategies using reinforcement learning for mixed traffic in the vicinity of signalized intersections},
   volume = {165},
   year = {2024},
}
@article{Guo2023CoTV,
   author = {Jiaying Guo and Long Cheng and Shen Wang},
   doii = {10.1109/TITS.2023.3276416},
   issn = {1524-9050},
   issue = {10},
   journal = {IEEE Transactions on Intelligent Transportation Systems},
   month = {10},
   pages = {10501-10512},
   title = {CoTV: Cooperative Control for Traffic Light Signals and Connected Autonomous Vehicles Using Deep Reinforcement Learning},
   volume = {24},
   year = {2023},
}
@article{sheng2024kinematics,
  title={Kinematics-aware multigraph attention network with residual learning for heterogeneous trajectory prediction},
  author={Sheng, Zihao and Huang, Zilin and Chen, Sikai},
  journal={Journal of Intelligent and Connected Vehicles},
  volume={7},
  number={2},
  pages={138--150},
  year={2024},
  publisher={TUP}
}
@article{Liu2024distributed,
   author = {Chunyu Liu and Zihao Sheng and Pei Li and Sikai Chen and Xia Luo and Bin Ran},
   doii = {10.1080/19427867.2024.2335084},
   issn = {1942-7867},
   journal = {Transportation Letters},
   month = {3},
   pages = {1-17},
   title = {A distributed deep reinforcement learning-based longitudinal control strategy for connected automated vehicles combining attention mechanism},
   year = {2024},
}
@article{Liao2024GPT,
   author = {Haicheng Liao and Huanming Shen and Zhenning Li and Chengyue Wang and Guofa Li and Yiming Bie and Chengzhong Xu},
   doii = {10.1016/j.commtr.2023.100116},
   issn = {27724247},
   journal = {Communications in Transportation Research},
   month = {12},
   pages = {100116},
   title = {GPT-4 enhanced multimodal grounding for autonomous driving: Leveraging cross-modal attention with large language models},
   volume = {4},
   year = {2024},
}
@article{Wu2022Flow,
   author = {Cathy Wu and Abdul Rahman Kreidieh and Kanaad Parvate and Eugene Vinitsky and Alexandre M. Bayen},
   doii = {10.1109/TRO.2021.3087314},
   issn = {1552-3098},
   issue = {2},
   journal = {IEEE Transactions on Robotics},
   month = {4},
   pages = {1270-1286},
   title = {Flow: A Modular Learning Framework for Mixed Autonomy Traffic},
   volume = {38},
   year = {2022},
}
@inproceedings{Lopez2018Microscopic,
   author = {Pablo Alvarez Lopez and Evamarie Wiessner and Michael Behrisch and Laura Bieker-Walz and Jakob Erdmann and Yun-Pang Flotterod and Robert Hilbrich and Leonhard Lucken and Johannes Rummel and Peter Wagner},
   doii = {10.1109/ITSC.2018.8569938},
   isbn = {978-1-7281-0321-1},
   booktitle = {2018 21st International Conference on Intelligent Transportation Systems (ITSC)},
   month = {11},
   pages = {2575-2582},
   publisher = {IEEE},
   title = {Microscopic Traffic Simulation using SUMO},
   year = {2018},
}
@inproceedings{Janner2019When,
   author = {Michael Janner and Justin Fu and Marvin Zhang and Sergey Levine},
   booktitle = {Advances in Neural Information Processing Systems},
   title = {When to Trust Your Model: Model-Based Policy Optimization},
   year = {2019},
}
@article{Chee2022KNODE,
   author = {Kong Yao Chee and Tom Z. Jiahao and M. Ani Hsieh},
   doii = {10.1109/LRA.2022.3144787},
   issn = {2377-3766},
   issue = {2},
   journal = {IEEE Robotics and Automation Letters},
   month = {4},
   pages = {2819-2826},
   title = {KNODE-MPC: A Knowledge-Based Data-Driven Predictive Control Framework for Aerial Robots},
   volume = {7},
   year = {2022},
}
@article{Wu2023Uncertainty,
   author = {Jingda Wu and Zhiyu Huang and Chen Lv},
   doii = {10.1109/TIV.2022.3185159},
   issn = {2379-8904},
   issue = {1},
   journal = {IEEE Transactions on Intelligent Vehicles},
   month = {1},
   pages = {194-203},
   title = {Uncertainty-Aware Model-Based Reinforcement Learning: Methodology and Application in Autonomous Driving},
   volume = {8},
   year = {2023},
}
@inproceedings{Schulman2015Trust,
   author = {John Schulman and Sergey Levine and Pieter Abbeel and Michael Jordan and Philipp Moritz},
   booktitle = {International Conference on Machine Learning},
   pages = {1889-1897},
   title = {Trust Region Policy Optimization},
   year = {2015},
}
@article{Hou2023Vehicle,
   author = {Xiaohui Hou and Minggang Gan and Junzhi Zhang and Shiyue Zhao and Yuan Ji},
   doii = {10.1016/j.aei.2023.102198},
   issn = {14740346},
   journal = {Advanced Engineering Informatics},
   month = {10},
   pages = {102198},
   title = {Vehicle ride comfort optimization in the post-braking phase using residual reinforcement learning},
   volume = {58},
   year = {2023},
}
@article{Hou2024Hybrid,
   author = {Jing Hou and Guang Chen and Zhijun Li and Wei He and Shangding Gu and Alois Knoll and Changjun Jiang},
   doii = {10.1109/TCYB.2023.3312647},
   issn = {2168-2267},
   journal = {IEEE Transactions on Cybernetics},
   pages = {1-13},
   title = {Hybrid Residual Multiexpert Reinforcement Learning for Spatial Scheduling of High-Density Parking Lots},
   year = {2024},
}
@inproceedings{Johannink2019Residual,
   author = {Tobias Johannink and Shikhar Bahl and Ashvin Nair and Jianlan Luo and Avinash Kumar and Matthias Loskyll and Juan Aparicio Ojea and Eugen Solowjow and Sergey Levine},
   doii = {10.1109/ICRA.2019.8794127},
   isbn = {978-1-5386-6027-0},
   booktitle = {2019 International Conference on Robotics and Automation (ICRA)},
   month = {5},
   pages = {6023-6029},
   publisher = {IEEE},
   title = {Residual Reinforcement Learning for Robot Control},
   year = {2019},
}
@article{Zhang2022Residual,
   author = {Ruiqi Zhang and Jing Hou and Guang Chen and Zhijun Li and Jianxiao Chen and Alois Knoll},
   doii = {10.1109/LRA.2022.3192770},
   issn = {2377-3766},
   issue = {4},
   journal = {IEEE Robotics and Automation Letters},
   month = {10},
   pages = {11625-11632},
   title = {Residual Policy Learning Facilitates Efficient Model-Free Autonomous Racing},
   volume = {7},
   year = {2022},
}
@article{OConnell2022Neural,
   author = {Michael O’Connell and Guanya Shi and Xichen Shi and Kamyar Azizzadenesheli and Anima Anandkumar and Yisong Yue and Soon-Jo Chung},
   doii = {10.1126/scirobotics.abm6597},
   issn = {2470-9476},
   issue = {66},
   journal = {Science Robotics},
   month = {5},
   title = {Neural-Fly enables rapid learning for agile flight in strong winds},
   volume = {7},
   year = {2022},
}
@article{Kabzan2019Learning,
   author = {Juraj Kabzan and Lukas Hewing and Alexander Liniger and Melanie N. Zeilinger},
   doii = {10.1109/LRA.2019.2926677},
   issn = {2377-3766},
   issue = {4},
   journal = {IEEE Robotics and Automation Letters},
   month = {10},
   pages = {3363-3370},
   title = {Learning-Based Model Predictive Control for Autonomous Racing},
   volume = {4},
   year = {2019},
}
@article{Moerland2023Model,
   author = {Thomas M. Moerland and Joost Broekens and Aske Plaat and Catholijn M. Jonker},
   doii = {10.1561/2200000086},
   issn = {1935-8237},
   issue = {1},
   journal = {Foundations and Trends in Machine Learning},
   pages = {1-118},
   title = {Model-based Reinforcement Learning: A Survey},
   volume = {16},
   year = {2023},
}
@inproceedings{Chua2018Deep,
   author = {Kurtland Chua and Roberto Calandra and Rowan McAllister and Sergey Levine},
   booktitle = {Advances in Neural Information Processing Systems},
   title = {Deep Reinforcement Learning in a Handful of Trials using Probabilistic Dynamics Models},
   volume={31},
   year = {2018},
}
@article{Dong2021Addressing,
   author = {Jiqian Dong and Sikai Chen and Samuel Labi},
   journal = {arXiv preprint arXiv:2110.05556},
   month = {10},
   title = {Addressing crash-imminent situations caused by human driven vehicle errors in a mixed traffic stream: a model-based reinforcement learning approach for CAV},
   year = {2021},
}
@article{wang2024qwen2,
  title={Qwen2-vl: Enhancing vision-language model's perception of the world at any resolution},
  author={Wang, Peng and Bai, Shuai and Tan, Sinan and Wang, Shijie and Fan, Zhihao and Bai, Jinze and Chen, Keqin and Liu, Xuejing and Wang, Jialin and Ge, Wenbin and others},
  journal={arXiv preprint arXiv:2409.12191},
  year={2024}
}
@article{liu2024visual,
  title={Visual instruction tuning},
  author={Liu, Haotian and Li, Chunyuan and Wu, Qingyang and Lee, Yong Jae},
  journal={Advances in neural information processing systems},
  volume={36},
  year={2024}
}
@article{cao2024survey,
  title={Survey on large language model-enhanced reinforcement learning: Concept, taxonomy, and methods},
  author={Cao, Yuji and Zhao, Huan and Cheng, Yuheng and Shu, Ting and Chen, Yue and Liu, Guolong and Liang, Gaoqi and Zhao, Junhua and Yan, Jinyue and Li, Yun},
  journal={IEEE Transactions on Neural Networks and Learning Systems},
  year={2024},
  publisher={IEEE}
}
@article{li2022metadrive,
  title={Metadrive: Composing diverse driving scenarios for generalizable reinforcement learning},
  author={Li, Quanyi and Peng, Zhenghao and Feng, Lan and Zhang, Qihang and Xue, Zhenghai and Zhou, Bolei},
  journal={IEEE transactions on pattern analysis and machine intelligence},
  volume={45},
  number={3},
  pages={3461--3475},
  year={2022},
  publisher={IEEE}
}
@article{huang2024human,
  title={Human as AI mentor: Enhanced human-in-the-loop reinforcement learning for safe and efficient autonomous driving},
  author={Huang, Zilin and Sheng, Zihao and Ma, Chengyuan and Chen, Sikai},
  journal={Communications in Transportation Research},
  volume={4},
  pages={100127},
  year={2024},
  publisher={Elsevier}
}
@inproceedings{ettinger2021large,
  title={Large scale interactive motion forecasting for autonomous driving: The waymo open motion dataset},
  author={Ettinger, Scott and Cheng, Shuyang and Caine, Benjamin and Liu, Chenxi and Zhao, Hang and Pradhan, Sabeek and Chai, Yuning and Sapp, Ben and Qi, Charles R and Zhou, Yin and others},
  booktitle={Proceedings of the IEEE/CVF International Conference on Computer Vision},
  pages={9710--9719},
  year={2021}
}
@article{Pan2021Integrated,
   author = {Tianlu Pan and Renzhong Guo and William H.K. Lam and Renxin Zhong and Weixi Wang and Biao He},
   doii = {10.1016/j.trc.2021.102987},
   issn = {0968090X},
   journal = {Transportation Research Part C: Emerging Technologies},
   month = {2},
   pages = {102987},
   title = {Integrated optimal control strategies for freeway traffic mixed with connected automated vehicles: A model-based reinforcement learning approach},
   volume = {123},
   year = {2021},
}
@inproceedings{Kurutach2018,
   author = {Thanard Kurutach and Ignasi Clavera and Yan Duan and Aviv Tamar and Pieter Abbeel},
   booktitle = {International Conference on Learning Representations},
   month = {2},
   title = {Model-Ensemble Trust-Region Policy Optimization},
   year = {2018},
}
@article{Huang2021ModelLight,
   author = {Xingshuai Huang and Di Wu and Michael Jenkin and Benoit Boulet},
   journal = {arXiv preprint arXiv:2111.08067},
   month = {11},
   title = {ModelLight: Model-Based Meta-Reinforcement Learning for Traffic Signal Control},
   year = {2021},
}
@article{Lee2020Model,
   author = {Heeyun Lee and Namwook Kim and Suk Won Cha},
   doii = {10.1109/ACCESS.2020.3036719},
   issn = {2169-3536},
   journal = {IEEE Access},
   pages = {202886-202896},
   title = {Model-Based Reinforcement Learning for Eco-Driving Control of Electric Vehicles},
   volume = {8},
   year = {2020},
}
@inproceedings{Yavas2022Model,
   author = {Ugur Yavas and Tufan Kumbasar and Naztm Kemal Ure},
   doii = {10.1109/IV51971.2022.9827279},
   isbn = {978-1-6654-8821-1},
   booktitle = {2022 IEEE Intelligent Vehicles Symposium (IV)},
   month = {6},
   pages = {1466-1472},
   publisher = {IEEE},
   title = {Model-Based Reinforcement Learning for Advanced Adaptive Cruise Control: A Hybrid Car Following Policy},
   year = {2022},
}
@inproceedings{Sutton1990Integrated,
   author = {Richard S. Sutton},
   doii = {10.1016/B978-1-55860-141-3.50030-4},
   booktitle = {Machine Learning Proceedings},
   pages = {216-224},
   publisher = {Elsevier},
   title = {Integrated Architectures for Learning, Planning, and Reacting Based on Approximating Dynamic Programming},
   year = {1990},
}
@article{Peng2021Connected,
   author = {Bile Peng and Musa Furkan Keskin and Balázs Kulcsár and Henk Wymeersch},
   doii = {10.1016/j.commtr.2021.100017},
   issn = {27724247},
   journal = {Communications in Transportation Research},
   month = {12},
   pages = {100017},
   title = {Connected autonomous vehicles for improving mixed traffic efficiency in unsignalized intersections with deep reinforcement learning},
   volume = {1},
   year = {2021},
}
@article{Staessens2022Adaptive,
   author = {Tom Staessens and Tom Lefebvre and Guillaume Crevecoeur},
   doii = {10.1109/TIE.2022.3144565},
   issn = {0278-0046},
   issue = {10},
   journal = {IEEE Transactions on Industrial Electronics},
   month = {10},
   pages = {10447-10456},
   title = {Adaptive Control of a Mechatronic System Using Constrained Residual Reinforcement Learning},
   volume = {69},
   year = {2022},
}
@article{Garriga2010Model,
   author = {Jorge L. Garriga and Masoud Soroush},
   doii = {10.1021/ie900323c},
   issn = {0888-5885},
   issue = {8},
   journal = {Industrial \& Engineering Chemistry Research},
   month = {4},
   pages = {3505-3515},
   title = {Model Predictive Control Tuning Methods: A Review},
   volume = {49},
   year = {2010},
}
@article{Wang2024Collision,
   author = {Shunchao Wang and Zhibin Li and Bingtong Wang and Meng Li},
   doii = {10.1109/TITS.2023.3315063},
   issn = {1524-9050},
   issue = {2},
   journal = {IEEE Transactions on Intelligent Transportation Systems},
   month = {2},
   pages = {1445-1464},
   title = {Collision Avoidance Motion Planning for Connected and Automated Vehicle Platoon Merging and Splitting With a Hybrid Automaton Architecture},
   volume = {25},
   year = {2024},
}
@article{Gong2018Cooperative,
   author = {Siyuan Gong and Lili Du},
   doii = {10.1016/j.trb.2018.07.005},
   issn = {01912615},
   journal = {Transportation Research Part B: Methodological},
   month = {10},
   pages = {25-61},
   title = {Cooperative platoon control for a mixed traffic flow including human drive vehicles and connected and autonomous vehicles},
   volume = {116},
   year = {2018},
}
@article{Li2023survey,
   author = {Jinjue Li and Chunhui Yu and Zilin Shen and Zicheng Su and Wanjing Ma},
   doii = {10.1016/j.trc.2023.104258},
   issn = {0968090X},
   journal = {Transportation Research Part C: Emerging Technologies},
   month = {9},
   pages = {104258},
   title = {A survey on urban traffic control under mixed traffic environment with connected automated vehicles},
   volume = {154},
   year = {2023},
}
@article{Feng2021Robust,
   author = {Shuo Feng and Ziyou Song and Zhaojian Li and Yi Zhang and Li Li},
   doii = {10.1109/TIV.2021.3060626},
   issn = {2379-8904},
   issue = {4},
   journal = {IEEE Transactions on Intelligent Vehicles},
   month = {12},
   pages = {711-722},
   title = {Robust Platoon Control in Mixed Traffic Flow Based on Tube Model Predictive Control},
   volume = {6},
   year = {2021},
}
@article{Zhou2020Stabilizing,
   author = {Yang Zhou and Soyoung Ahn and Meng Wang and Serge Hoogendoorn},
   doii = {10.1016/j.trb.2019.06.005},
   issn = {01912615},
   journal = {Transportation Research Part B: Methodological},
   month = {2},
   pages = {152-170},
   title = {Stabilizing mixed vehicular platoons with connected automated vehicles: An H-infinity approach},
   volume = {132},
   year = {2020},
}
@article{Newell2002simplified,
   author = {G.F. Newell},
   doii = {10.1016/S0191-2615(00)00044-8},
   issn = {01912615},
   issue = {3},
   journal = {Transportation Research Part B: Methodological},
   month = {3},
   pages = {195-205},
   title = {A simplified car-following theory: a lower order model},
   volume = {36},
   year = {2002},
}
@article{Yu2022Eco,
   author = {Miao Yu and Jiancheng Long},
   doii = {10.1109/TITS.2022.3145453},
   issn = {1524-9050},
   issue = {9},
   journal = {IEEE Transactions on Intelligent Transportation Systems},
   month = {9},
   pages = {15780-15793},
   title = {An Eco-Driving Strategy for Partially Connected Automated Vehicles at a Signalized Intersection},
   volume = {23},
   year = {2022},
}
@article{Lidstrom2012Modular,
   author = {Kristoffer Lidstrom and Katrin Sjoberg and Ulf Holmberg and Johan Andersson and Fredrik Bergh and Mattias Bjade and Spencer Mak},
   doii = {10.1109/TITS.2012.2204877},
   issn = {1524-9050},
   issue = {3},
   journal = {IEEE Transactions on Intelligent Transportation Systems},
   month = {9},
   pages = {1050-1061},
   title = {A Modular CACC System Integration and Design},
   volume = {13},
   year = {2012},
}
@article{Milanes2014Cooperative,
   author = {Vicente Milanes and Steven E. Shladover and John Spring and Christopher Nowakowski and Hiroshi Kawazoe and Masahide Nakamura},
   doii = {10.1109/TITS.2013.2278494},
   issn = {1524-9050},
   issue = {1},
   journal = {IEEE Transactions on Intelligent Transportation Systems},
   month = {2},
   pages = {296-305},
   title = {Cooperative Adaptive Cruise Control in Real Traffic Situations},
   volume = {15},
   year = {2014},
}
@article{Vahidi2003Research,
   author = {A. Vahidi and A. Eskandarian},
   doii = {10.1109/TITS.2003.821292},
   issn = {1524-9050},
   issue = {3},
   journal = {IEEE Transactions on Intelligent Transportation Systems},
   month = {9},
   pages = {143-153},
   title = {Research advances in intelligent collision avoidance and adaptive cruise control},
   volume = {4},
   year = {2003},
}
@article{Stern2018Dissipation,
   author = {Raphael E. Stern and Shumo Cui and Maria Laura Delle Monache and Rahul Bhadani and Matt Bunting and Miles Churchill and Nathaniel Hamilton and R’mani Haulcy and Hannah Pohlmann and Fangyu Wu and Benedetto Piccoli and Benjamin Seibold and Jonathan Sprinkle and Daniel B. Work},
   doii = {10.1016/j.trc.2018.02.005},
   issn = {0968090X},
   journal = {Transportation Research Part C: Emerging Technologies},
   month = {4},
   pages = {205-221},
   title = {Dissipation of stop-and-go waves via control of autonomous vehicles: Field experiments},
   volume = {89},
   year = {2018},
}
@inproceedings{Cui2017Stabilizing,
   author = {Shumo Cui and Benjamin Seibold and Raphael Stern and Daniel B. Work},
   doii = {10.1109/IVS.2017.7995897},
   isbn = {978-1-5090-4804-5},
   booktitle = {2017 IEEE Intelligent Vehicles Symposium (IV)},
   month = {6},
   pages = {1336-1341},
   publisher = {IEEE},
   title = {Stabilizing traffic flow via a single autonomous vehicle: Possibilities and limitations},
   year = {2017},
}
@article{Zheng2020Smoothing,
   author = {Yang Zheng and Jiawei Wang and Keqiang Li},
   doii = {10.1109/JIOT.2020.2966506},
   issn = {2327-4662},
   issue = {5},
   journal = {IEEE Internet of Things Journal},
   month = {5},
   pages = {3882-3896},
   title = {Smoothing Traffic Flow via Control of Autonomous Vehicles},
   volume = {7},
   year = {2020},
}
@article{Yang2023Eco,
   author = {Jinsong Yang and Dezong Zhao and Jianglin Lan and Shibei Xue and Wenjing Zhao and Daxin Tian and Quan Zhou and Kang Song},
   doii = {10.1109/TIV.2022.3224679},
   issn = {2379-8904},
   issue = {2},
   journal = {IEEE Transactions on Intelligent Vehicles},
   month = {2},
   pages = {1190-1203},
   title = {Eco-Driving of General Mixed Platoons With CAVs and HDVs},
   volume = {8},
   year = {2023},
}
@article{Chen2023Taxonomy,
   author = {Sikai Chen and Shuya Zong and Tiantian Chen and Zilin Huang and Yanshen Chen and Samuel Labi},
   doii = {10.3390/su151411258},
   issn = {2071-1050},
   issue = {14},
   journal = {Sustainability},
   month = {7},
   pages = {11258},
   title = {A Taxonomy for Autonomous Vehicles Considering Ambient Road Infrastructure},
   volume = {15},
   year = {2023},
}
@article{Sheng2023Cooperation,
   author = {Zihao Sheng and Lin Liu and Shibei Xue and Dezong Zhao and Min Jiang and Dewei Li},
   doii = {10.1109/TITS.2022.3225875},
   issn = {1524-9050},
   issue = {3},
   journal = {IEEE Transactions on Intelligent Transportation Systems},
   month = {3},
   pages = {3236-3251},
   title = {A Cooperation-Aware Lane Change Method for Automated Vehicles},
   volume = {24},
   year = {2023},
}
@article{Liu2023Can,
   author = {Yang Liu and Fanyou Wu and Zhiyuan Liu and Kai Wang and Feiyue Wang and Xiaobo Qu},
   doii = {10.1016/j.xinn.2023.100520},
   issn = {26666758},
   issue = {6},
   journal = {The Innovation},
   pages = {100520},
   title = {Can language models be used for real-world urban-delivery route optimization?},
   volume = {4},
   year = {2023},
}
@article{Zhu2022Merging,
   author = {Jie Zhu and Said Easa and Kun Gao},
   doii = {10.1108/JICV-02-2022-0005},
   issn = {2399-9802},
   issue = {2},
   journal = {Journal of Intelligent and Connected Vehicles},
   month = {5},
   pages = {99-111},
   title = {Merging control strategies of connected and autonomous vehicles at freeway on-ramps: a comprehensive review},
   volume = {5},
   year = {2022},
}
@article{Yue2022Effects,
   author = {Lishengsa Yue and Mohamed Abdel-Aty and Zijin Wang},
   doii = {10.1108/JICV-08-2021-0013},
   issn = {2399-9802},
   issue = {1},
   journal = {Journal of Intelligent and Connected Vehicles},
   month = {2},
   pages = {36-45},
   title = {Effects of connected and autonomous vehicle merging behavior on mainline human-driven vehicle},
   volume = {5},
   year = {2022},
}
@article{Wu2022Intersection,
   author = {Jiaming Wu and Xiaobo Qu},
   doii = {10.1108/JICV-06-2022-0023},
   issn = {2399-9802},
   issue = {3},
   journal = {Journal of Intelligent and Connected Vehicles},
   month = {10},
   pages = {260-269},
   title = {Intersection control with connected and automated vehicles: a review},
   volume = {5},
   year = {2022},
}
@article{Wang2023GOPS,
   author = {Wenxuan Wang and Yuhang Zhang and Jiaxin Gao and Yuxuan Jiang and Yujie Yang and Zhilong Zheng and Wenjun Zou and Jie Li and Congsheng Zhang and Wenhan Cao and Genjin Xie and Jingliang Duan and Shengbo Eben Li},
   doii = {10.1016/j.commtr.2023.100096},
   issn = {27724247},
   journal = {Communications in Transportation Research},
   month = {12},
   pages = {100096},
   title = {GOPS: A general optimal control problem solver for autonomous driving and industrial control applications},
   volume = {3},
   year = {2023},
}
@article{Treiber2000Congested,
   author = {Martin Treiber and Ansgar Hennecke and Dirk Helbing},
   doii = {10.1103/PhysRevE.62.1805},
   issn = {1063-651X},
   issue = {2},
   journal = {Physical Review E},
   month = {8},
   pages = {1805-1824},
   title = {Congested traffic states in empirical observations and microscopic simulations},
   volume = {62},
   year = {2000},
}
@article{Shi2023deep,
   author = {Haotian Shi and Danjue Chen and Nan Zheng and Xin Wang and Yang Zhou and Bin Ran},
   doii = {10.1016/j.trc.2023.104019},
   issn = {0968090X},
   journal = {Transportation Research Part C: Emerging Technologies},
   month = {3},
   pages = {104019},
   title = {A deep reinforcement learning based distributed control strategy for connected automated vehicles in mixed traffic platoon},
   volume = {148},
   year = {2023},
}

@article{ray2019benchmarking,
  title={Benchmarking safe exploration in deep reinforcement learning},
  author={Ray, Alex and Achiam, Joshua and Amodei, Dario},
  journal={arXiv preprint arXiv:1910.01708},
  volume={7},
  number={1},
  pages={2},
  year={2019}
}

@inproceedings{stooke2020responsive,
  title={Responsive safety in reinforcement learning by pid lagrangian methods},
  author={Stooke, Adam and Achiam, Joshua and Abbeel, Pieter},
  booktitle={International Conference on Machine Learning},
  pages={9133--9143},
  year={2020},
  organization={PMLR}
}

@article{Schulman2017Proximal,
  title={Proximal policy optimization algorithms},
  author={Schulman, John and Wolski, Filip and Dhariwal, Prafulla and Radford, Alec and Klimov, Oleg},
  journal={arXiv preprint arXiv:1707.06347},
  year={2017}
}

@article{Olovsson2022Future,
   author = {Tomas Olovsson and Tommy Svensson and Jiaming Wu},
   doii = {10.1016/j.commtr.2022.100056},
   issn = {27724247},
   journal = {Communications in Transportation Research},
   month = {12},
   pages = {100056},
   title = {Future connected vehicles: Communications demands, privacy and cyber-security},
   volume = {2},
   year = {2022},
}
@article{Liu2023Longitudinal,
   author = {Chunyu Liu and Zihao Sheng and Sikai Chen and Haotian Shi and Bin Ran},
   doii = {10.1016/j.physa.2023.129189},
   issn = {03784371},
   journal = {Physica A: Statistical Mechanics and its Applications},
   month = {11},
   pages = {129189},
   title = {Longitudinal control of connected and automated vehicles among signalized intersections in mixed traffic flow with deep reinforcement learning approach},
   volume = {629},
   year = {2023},
}
@article{Han2023Leveraging,
   author = {Yu Han and Meng Wang and Ludovic Leclercq},
   doii = {10.1016/j.commtr.2023.100104},
   issn = {27724247},
   journal = {Communications in Transportation Research},
   month = {12},
   pages = {100104},
   title = {Leveraging reinforcement learning for dynamic traffic control: A survey and challenges for field implementation},
   volume = {3},
   year = {2023},
}
@inproceedings{Haarnoja2018Soft,
   author = {Tuomas Haarnoja and Aurick Zhou and Pieter Abbeel and Sergey Levine},
   issn = {2640-3498},
   booktitle = {International Conference on Machine Learning},
   month = {7},
   pages = {1861-1870},
   publisher = {PMLR},
   title = {Soft Actor-Critic: Off-Policy Maximum Entropy Deep Reinforcement Learning with a Stochastic Actor},
   year = {2018},
}
@article{Ha2023Leveraging,
   author = {Paul Ha and Sikai Chen and Jiqian Dong and Samuel Labi},
   doii = {10.1080/23249935.2023.2215338},
   issn = {2324-9935},
   journal = {Transportmetrica A: Transport Science},
   month = {5},
   pages = {1-26},
   title = {Leveraging vehicle connectivity and autonomy for highway bottleneck congestion mitigation using reinforcement learning},
   year = {2023},
}
@article{Andreotti2023Potential,
   author = {Eleonora Andreotti and Selpi and Pinar Boyraz},
   doii = {10.26599/JICV.2023.9210001},
   issn = {2399-9802},
   issue = {1},
   journal = {Journal of Intelligent and Connected Vehicles},
   month = {3},
   pages = {1-15},
   title = {Potential impact of autonomous vehicles in mixed traffic from simulation using real traffic flow},
   volume = {6},
   year = {2023},
}
@article{Ding2022enhanced,
   author = {Haitao Ding and Wei Li and Nan Xu and Jianwei Zhang},
   doii = {10.1108/JICV-07-2022-0030},
   issn = {2399-9802},
   issue = {3},
   journal = {Journal of Intelligent and Connected Vehicles},
   month = {10},
   pages = {316-332},
   title = {An enhanced eco-driving strategy based on reinforcement learning for connected electric vehicles: cooperative velocity and lane-changing control},
   volume = {5},
   year = {2022},
}
@article{Qu2023Envisioning,
   author = {Xiaobo Qu and Hongyi Lin and Yang Liu},
   doii = {10.1016/j.commtr.2023.100103},
   issn = {27724247},
   journal = {Communications in Transportation Research},
   month = {12},
   pages = {100103},
   title = {Envisioning the future of transportation: Inspiration of ChatGPT and large models},
   volume = {3},
   year = {2023},
}
@article{Chen2021Graph,
   author = {Sikai Chen and Jiqian Dong and Paul Ha and Yujie Li and Samuel Labi},
   doii = {10.1111/mice.12702},
   issn = {1093-9687},
   issue = {7},
   journal = {Computer-Aided Civil and Infrastructure Engineering},
   month = {7},
   pages = {838-857},
   title = {Graph neural network and reinforcement learning for multi‐agent cooperative control of connected autonomous vehicles},
   volume = {36},
   year = {2021},
}
@article{Du2023Dynamic,
   author = {Runjia Du and Sikai Chen and Jiqian Dong and Tiantian Chen and Xiaowen Fu and Samuel Labi},
   doii = {10.1111/mice.13115},
   issn = {1093-9687},
   journal = {Computer-Aided Civil and Infrastructure Engineering},
   month = {10},
   pages = {1-21},
   title = {Dynamic urban traffic rerouting with fog‐cloud reinforcement learning},
   year = {2023},
}
@article{Han2022physics,
   author = {Yu Han and Meng Wang and Linghui Li and Claudio Roncoli and Jinda Gao and Pan Liu},
   doii = {10.1016/j.trc.2022.103584},
   issn = {0968090X},
   journal = {Transportation Research Part C: Emerging Technologies},
   month = {4},
   pages = {103584},
   title = {A physics-informed reinforcement learning-based strategy for local and coordinated ramp metering},
   volume = {137},
   year = {2022},
}
@article{Mo2021physics,
   author = {Zhaobin Mo and Rongye Shi and Xuan Di},
   doii = {10.1016/J.TRC.2021.103240},
   issn = {0968-090X},
   journal = {Transportation Research Part C: Emerging Technologies},
   keywords = {Car-following models (CFM),Neural networks,Physics-informed deep learning (PIDL)},
   month = {9},
   pages = {103240},
   publisher = {Pergamon},
   title = {A physics-informed deep learning paradigm for car-following models},
   volume = {130},
   year = {2021},
}
@article{Shi2022Physics,
   author = {Rongye Shi and Zhaobin Mo and Kuang Huang and Xuan Di and Qiang Du},
   doii = {10.1109/TITS.2021.3106259},
   issn = {15580016},
   issue = {8},
   journal = {IEEE Transactions on Intelligent Transportation Systems},
   keywords = {Traffic state estimation,fundamental diagram learner,physics-informed deep learning,traffic flow models},
   month = {8},
   pages = {11688-11698},
   publisher = {Institute of Electrical and Electronics Engineers Inc.},
   title = {A Physics-Informed Deep Learning Paradigm for Traffic State and Fundamental Diagram Estimation},
   volume = {23},
   year = {2022},
}
@article{Long2024Physics,
   author = {Keke Long and Haotian Shi and Zihao Sheng and Xiaopeng Li and Sikai Chen},
   journal = {arXiv preprint arXiv:2309.15284v2},
   keywords = {Car-following Model,Neural Network,Residual,Trajectory Prediction},
   month = {9},
   pages = {1-23},
   title = {A Physics Enhanced Residual Learning (PERL) Framework for Vehicle Trajectory
Prediction},
   url = {https://arxiv.org/abs/2309.15284v1},
   year = {2024},
}
@article{Karniadakis2021Physics,
   author = {George Em Karniadakis and Ioannis G. Kevrekidis and Lu Lu and Paris Perdikaris and Sifan Wang and Liu Yang},
   doii = {10.1038/s42254-021-00314-5},
   issn = {25225820},
   issue = {6},
   journal = {Nature Reviews Physics},
   month = {6},
   pages = {422-440},
   publisher = {Springer Nature},
   title = {Physics-informed machine learning},
   volume = {3},
   year = {2021},
}
@article{Sheng2022Graph,
   author = {Zihao Sheng and Yunwen Xu and Shibei Xue and Dewei Li},
   doii = {10.1109/TITS.2022.3155749},
   issn = {15580016},
   issue = {10},
   journal = {IEEE Transactions on Intelligent Transportation Systems},
   keywords = {Vehicle trajectory prediction,autonomous driving,graph convolutional network,spatial-temporal dependency},
   month = {10},
   pages = {17654-17665},
   publisher = {Institute of Electrical and Electronics Engineers Inc.},
   title = {Graph-Based Spatial-Temporal Convolutional Network for Vehicle Trajectory Prediction in Autonomous Driving},
   volume = {23},
   year = {2022},
}
@article{Kiran2022Deep,
   author = {B. Ravi Kiran and Ibrahim Sobh and Victor Talpaert and Patrick Mannion and Ahmad A.Al Sallab and Senthil Yogamani and Patrick Perez},
   doii = {10.1109/TITS.2021.3054625},
   issn = {15580016},
   issue = {6},
   journal = {IEEE Transactions on Intelligent Transportation Systems},
   keywords = {Deep reinforcement learning,autonomous driving,controller learning,imitation learning,inverse reinforcement learning,motion planning,safe reinforcement learning,trajectory optimisation},
   month = {6},
   pages = {4909-4926},
   publisher = {Institute of Electrical and Electronics Engineers Inc.},
   title = {Deep Reinforcement Learning for Autonomous Driving: A Survey},
   volume = {23},
   year = {2022},
}
@article{Dong2022Development,
   author = {Jiqian Dong and Sikai Chen and Mohammad Miralinaghi and Tiantian Chen and Samuel Labi},
   doii = {10.1108/JICV-06-2022-0021},
   issn = {23999802},
   issue = {3},
   journal = {Journal of Intelligent and Connected Vehicles},
   keywords = {Autonomous driving,Computer vision,Explainable deep learning,Transformer},
   month = {10},
   pages = {235-249},
   publisher = {Emerald Publishing},
   title = {Development and testing of an image transformer for explainable autonomous driving systems},
   volume = {5},
   year = {2022},
}
@article{Dong2023Why,
   author = {Jiqian Dong and Sikai Chen and Mohammad Miralinaghi and Tiantian Chen and Pei Li and Samuel Labi},
   doii = {10.1016/j.trc.2023.104358},
   issn = {0968090X},
   journal = {Transportation Research Part C: Emerging Technologies},
   keywords = {Autonomous driving,Computer vision,End-to-end transformer,Explainable AI (XAI),User trust,Visual attention},
   month = {11},
   pages = {104358},
   publisher = {Elsevier Ltd},
   title = {Why did the AI make that decision? Towards an explainable artificial intelligence (XAI) for autonomous driving systems},
   volume = {156},
   year = {2023},
}
@article{di2021survey,
  title={A survey on autonomous vehicle control in the era of mixed-autonomy: From physics-based to AI-guided driving policy learning},
  author={Di, Xuan and Shi, Rongye},
  journal={Transportation research part C: emerging technologies},
  volume={125},
  pages={103008},
  year={2021},
  publisher={Elsevier}
}