@article{adjei2022examining,
  title={Examining the effect of synthetic data augmentation in polyp detection and segmentation},
  author={Adjei, Prince Ebenezer and Lonseko, Zenebe Markos and Du, Wenju and Zhang, Han and Rao, Nini},
  journal={International Journal of Computer Assisted Radiology and Surgery},
  volume={17},
  number={7},
  pages={1289--1302},
  year={2022}
}

@inproceedings{bhamre2022colonoscopy,
  title={Colonoscopy Polyp Classification Adding Generated Narrow Band Imaging},
  author={Bhamre, Nahush V and Sharma, Vanshali and Iwahori, Yuji and Bhuyan, MK and Kasugai, Kunio},
  booktitle={International Conference on Computer Vision and Image Processing},
  pages={322--334},
  year={2022}
}

@inproceedings{du2023arsdm,
  title={ArSDM: Colonoscopy Images Synthesis with Adaptive Refinement Semantic Diffusion Models},
  author={Du, Yuhao and Jiang, Yuncheng and Tan, Shuangyi and Wu, Xusheng and Dou, Qi and Li, Zhen and Li, Guanbin and Wan, Xiang},
  booktitle={International Conference on Medical Image Computing and Computer-Assisted Intervention},
  pages={339--349},
  year={2023}
}

@inproceedings{fagereng2022polypconnect,
  title={PolypConnect: Image inpainting for generating realistic gastrointestinal tract images with polyps},
  author={Fagereng, Jan Andre and Thambawita, Vajira and Stor{\aa}s, Andrea M and Parasa, Sravanthi and De Lange, Thomas and Halvorsen, P{\aa}l and Riegler, Michael A},
  booktitle={2022 IEEE 35th International Symposium on Computer-Based Medical Systems (CBMS)},
  pages={66--71},
  year={2022}
}

@article{golhar2022gan,
  title={GAN Inversion for Data Augmentation to Improve Colonoscopy Lesion Classification},
  author={Golhar, Mayank and Bobrow, Taylor L and Ngamruengphong, Saowanee and Durr, Nicholas J},
  journal={arXiv preprint arXiv:2205.02840},
  year={2022}
}

@inproceedings{he2021colonoscopic,
  title={Colonoscopic image synthesis for polyp detector enhancement via gan and adversarial training},
  author={He, Fan and Chen, Sizhe and Li, Shuaiyi and Zhou, Lu and Zhang, Haiqin and Peng, Haixia and Huang, Xiaolin},
  booktitle={2021 IEEE 18th International Symposium on Biomedical Imaging (ISBI)},
  pages={1887--1891},
  year={2021}
}

@article{machavcek2023mask,
  title={Mask-conditioned latent diffusion for generating gastrointestinal polyp images},
  author={Mach{\'a}{\v{c}}ek, Roman and Mozaffari, Leila and Sepasdar, Zahra and Parasa, Sravanthi and Halvorsen, P{\aa}l and Riegler, Michael A and Thambawita, Vajira},
  journal={arXiv preprint arXiv:2304.05233},
  year={2023}
}

@inproceedings{pishva2023repolyp,
  title={RePolyp: A Framework for Generating Realistic Colon Polyps with Corresponding Segmentation Masks using Diffusion Models},
  author={Pishva, Alexander K and Thambawita, Vajira and Torresen, Jim and Hicks, Steven A},
  booktitle={2023 IEEE 36th International Symposium on Computer-Based Medical Systems (CBMS)},
  pages={47--52},
  year={2023}
}

@article{qadir2022simple,
  title={Simple U-net based synthetic polyp image generation: Polyp to negative and negative to polyp},
  author={Qadir, Hemin Ali and Balasingham, Ilangko and Shin, Younghak},
  journal={Biomedical Signal Processing and Control},
  volume={74},
  pages={103491},
  year={2022}
}

@inproceedings{sams2022gan,
  title={GAN-Based Realistic Gastrointestinal Polyp Image Synthesis},
  author={Sams, Ataher and Shomee, Homaira Huda},
  booktitle={2022 IEEE 19th International Symposium on Biomedical Imaging (ISBI)},
  pages={1--4},
  year={2022}
}

@inproceedings{sasmal2020improved,
  title={Improved endoscopic polyp classification using GAN generated synthetic data augmentation},
  author={Sasmal, Pradipta and Bhuyan, MK and Sonowal, Sourav and Iwahori, Yuji and Kasugai, Kunio},
  booktitle={2020 IEEE Applied Signal Processing Conference (ASPCON)},
  pages={247--251},
  year={2020}
}

@article{shin2018abnormal,
  title={Abnormal colon polyp image synthesis using conditional adversarial networks for improved detection performance},
  author={Shin, Younghak and Qadir, Hemin Ali and Balasingham, Ilangko},
  journal={IEEE Access},
  volume={6},
  pages={56007--56017},
  year={2018}
}

