@ARTICLE{Figueredo:2009dg,
   author = {Figueredo, A.~J. and Wolf, P. S.~A.},
   title = {Assortative pairing and life history strategy -- a cross-cultural study},
   journal = {Human Nature},
   volume = {20},
   pages = {317-330},
   year = {2009},
   doi={https://doi.org/10.1007/s12110-009-9068-2}
}

@inproceedings{sharma2024controlpolypnet,
  title={ControlPolypNet: Towards Controlled Colon Polyp Synthesis for Improved Polyp Segmentation},
  author={Sharma, Vanshali and Kumar, Abhishek and Jha, Debesh and Bhuyan, MK and Das, Pradip K and Bagci, Ulas},
  booktitle={Proceedings of the IEEE/CVF Conference on Computer Vision and Pattern Recognition},
  pages={2325--2334},
  year={2024}
}

@article{sagers2023augmenting,
  title={Augmenting medical image classifiers with synthetic data from latent diffusion models},
  author={Sagers, Luke W and Diao, James A and Melas-Kyriazi, Luke and Groh, Matthew and Rajpurkar, Pranav and Adamson, Adewole S and Rotemberg, Veronica and Daneshjou, Roxana and Manrai, Arjun K},
  journal={arXiv preprint arXiv:2308.12453},
  year={2023}
}

@inproceedings{jha2023gastrovision,
  title={Gastrovision: A multi-class endoscopy image dataset for computer aided gastrointestinal disease detection},
  author={Jha, Debesh and Sharma, Vanshali and Dasu, Neethi and Tomar, Nikhil Kumar and Hicks, Steven and Bhuyan, Manas Kamal and Das, Pradip K and Riegler, Michael A and Halvorsen, P{\aa}l and Bagci, Ulas and others},
  booktitle={Workshop on Machine Learning for Multimodal Healthcare Data},
  pages={125--140},
  year={2023},
  organization={Springer}
}

@MISC{Hao:gidmaps:2014,
  author = {Hao, Z. and AghaKouchak, A. and Nakhjiri, N. and Farahmand, A},
  year = {2014},
  title = {Global integrated drought monitoring and prediction system ({GIDMaPS}) data sets},
  howpublished = {\emph{figshare} \url{http://dx.doi.org/10.6084/m9.figshare.853801}}
}

@misc{cancer-data,
    author = "World Health Organization",
    title = "Colorectal Cancer Fact sheets",
    howpublished = "\url{https://www.who.int/news-room/fact-sheets/detail/colorectal-cancer}",
    year = {2023}
}

@article{golhar2022gan,
  title={GAN Inversion for Data Augmentation to Improve Colonoscopy Lesion Classification},
  author={Golhar, Mayank and Bobrow, Taylor L and Ngamruengphong, Saowanee and Durr, Nicholas J},
  journal={arXiv preprint arXiv:2205.02840},
  year={2022}
}

@article{cheng2017narrow,
  title={Narrow-band imaging endoscopy is advantageous over conventional white light endoscopy for the diagnosis and treatment of children with Peutz-Jeghers syndrome},
  author={Cheng, Weiwei and Liu, Haifeng and Gu, Zhujun and Hu, Zhihong and Wang, Ling and Wang, Xing},
  journal={Medicine},
  volume={96},
  number={19},
  year={2017},
  publisher={Wolters Kluwer Health}
}

@inproceedings{zhu2019can,
  title={How can we make GAN perform better in single medical image super-resolution? A lesion focused multi-scale approach},
  author={Zhu, Jin and Yang, Guang and Lio, Pietro},
  booktitle={2019 IEEE 16th International Symposium on Biomedical Imaging (ISBI 2019)},
  pages={1669--1673},
  year={2019}
}

@inproceedings{bhadra2020medical,
  title={Medical image reconstruction with image-adaptive priors learned by use of generative adversarial networks},
  author={Bhadra, Sayantan and Zhou, Weimin and Anastasio, Mark A},
  booktitle={Medical Imaging 2020: Physics of Medical Imaging},
  volume={11312},
  pages={206--213},
  year={2020}
}

@article{xun2022generative,
  title={Generative adversarial networks in medical image segmentation: A review},
  author={Xun, Siyi and Li, Dengwang and Zhu, Hui and Chen, Min and Wang, Jianbo and Li, Jie and Chen, Meirong and Wu, Bing and Zhang, Hua and Chai, Xiangfei and others},
  journal={Computers in biology and medicine},
  volume={140},
  pages={105063},
  year={2022},
  publisher={Elsevier}
}
@inproceedings{wolleb2022diffusion,
  title={Diffusion models for medical anomaly detection},
  author={Wolleb, Julia and Bieder, Florentin and Sandk{\"u}hler, Robin and Cattin, Philippe C},
  booktitle={International Conference on Medical image computing and computer-assisted intervention},
  pages={35--45},
  year={2022}
}

@inproceedings{rahman2023ambiguous,
  title={Ambiguous medical image segmentation using diffusion models},
  author={Rahman, Aimon and Valanarasu, Jeya Maria Jose and Hacihaliloglu, Ilker and Patel, Vishal M},
  booktitle={Proceedings of the IEEE/CVF Conference on Computer Vision and Pattern Recognition},
  pages={11536--11546},
  year={2023}
}

@inproceedings{rombach2022high,
  title={High-resolution image synthesis with latent diffusion models},
  author={Rombach, Robin and Blattmann, Andreas and Lorenz, Dominik and Esser, Patrick and Ommer, Bj{\"o}rn},
  booktitle={Proceedings of the IEEE/CVF conference on computer vision and pattern recognition},
  pages={10684--10695},
  year={2022}
}

@article{ho2020denoising,
  title={Denoising diffusion probabilistic models},
  author={Ho, Jonathan and Jain, Ajay and Abbeel, Pieter},
  journal={Advances in neural information processing systems},
  volume={33},
  pages={6840--6851},
  year={2020}
}

@inproceedings{ronneberger2015u,
  title={U-net: Convolutional networks for biomedical image segmentation},
  author={Ronneberger, Olaf and Fischer, Philipp and Brox, Thomas},
  booktitle={Medical Image Computing and Computer-Assisted Intervention--MICCAI 2015: 18th International Conference, Munich, Germany, October 5-9, 2015, Proceedings, Part III 18},
  pages={234--241},
  year={2015}
}

@inproceedings{radford2021learning,
  title={Learning transferable visual models from natural language supervision},
  author={Radford, Alec and Kim, Jong Wook and Hallacy, Chris and Ramesh, Aditya and Goh, Gabriel and Agarwal, Sandhini and Sastry, Girish and Askell, Amanda and Mishkin, Pamela and Clark, Jack and others},
  booktitle={Proceedings of the International conference on machine learning},
  pages={8748--8763},
  year={2021}
}

@article{kingma2019introduction,
  title={An introduction to variational autoencoders},
  author={Kingma, Diederik P and Welling, Max and others},
  journal={Foundations and Trends in Machine Learning},
  volume={12},
  number={4},
  pages={307--392},
  year={2019}
}

@inproceedings{sharma2023can,
  title={Can adversarial networks make uninformative colonoscopy video frames clinically informative?(student abstract)},
  author={Sharma, Vanshali and Bhuyan, MK and Das, Pradip K},
  booktitle={Proceedings of the AAAI Conference on Artificial Intelligence},
  volume={37},
  pages={16322--16323},
  year={2023}
}

@article{misawa2021development,
  title={Development of a computer-aided detection system for colonoscopy and a publicly accessible large colonoscopy video database (with video)},
  author={Misawa, Masashi and Kudo, Shin-ei and Mori, Yuichi and Hotta, Kinichi and Ohtsuka, Kazuo and Matsuda, Takahisa and Saito, Shoichi and Kudo, Toyoki and Baba, Toshiyuki and Ishida, Fumio and others},
  journal={Gastrointestinal endoscopy},
  volume={93},
  number={4},
  pages={960--967},
  year={2021}
}

@misc{sundatabase,
    title = {SUN Colonoscopy Video Database},
    author = {Itoh, Hayato and Misawa, Masashi and Mori,Yuichi and Oda, Masahiro and Kudo, Shin-Ei and Mori, Kensaku},
    year = {2020},
    howpublished = "\url{http://amed8k.sundatabase.org/}"
}

@article{mesejo2016computer,
  title={Computer-aided classification of gastrointestinal lesions in regular colonoscopy},
  author={Mesejo, Pablo and Pizarro, Daniel and Abergel, Armand and Rouquette, Olivier and Beorchia, Sylvain and Poincloux, Laurent and Bartoli, Adrien},
  journal={IEEE transactions on medical imaging},
  volume={35},
  number={9},
  pages={2051--2063},
  year={2016}
}

@article{binkowski2018demystifying,
  title={Demystifying mmd gans},
  author={Bi{\'n}kowski, Miko{\l}aj and Sutherland, Danica J and Arbel, Michael and Gretton, Arthur},
  journal={arXiv preprint arXiv:1801.01401},
  year={2018}
}



@article{siegel2023colorectal,
  title={Colorectal cancer statistics, 2023},
  author={Siegel, Rebecca L and Wagle, Nikita Sandeep and Cercek, Andrea and Smith, Robert A and Jemal, Ahmedin},
  journal={CA: a cancer journal for clinicians},
  volume={73},
  number={3},
  pages={233--254},
  year={2023}
}

@inproceedings{tan2019efficientnet,
  title={Efficientnet: Rethinking model scaling for convolutional neural networks},
  author={Tan, Mingxing and Le, Quoc},
  booktitle={Proceedings of the International conference on machine learning},
  pages={6105--6114},
  year={2019}
}

@article{sharma2023multi,
  title={A multi-scale attention framework for automated polyp localization and keyframe extraction from colonoscopy videos},
  author={Sharma, Vanshali and Sasmal, Pradipta and Bhuyan, MK and Das, Pradip K and Iwahori, Yuji and Kasugai, Kunio},
  journal={IEEE Transactions on Automation Science and Engineering},
  year={2023}
}

@inproceedings{huang2017densely,
  title={Densely connected convolutional networks},
  author={Huang, Gao and Liu, Zhuang and Van Der Maaten, Laurens and Weinberger, Kilian Q},
  booktitle={Proceedings of the IEEE conference on computer vision and pattern recognition},
  pages={4700--4708},
  year={2017}
}


@inproceedings{du2023arsdm,
  title={ArSDM: Colonoscopy Images Synthesis with Adaptive Refinement Semantic Diffusion Models},
  author={Du, Yuhao and Jiang, Yuncheng and Tan, Shuangyi and Wu, Xusheng and Dou, Qi and Li, Zhen and Li, Guanbin and Wan, Xiang},
  booktitle={International Conference on Medical Image Computing and Computer-Assisted Intervention},
  pages={339--349},
  year={2023}
}

@article{machavcek2023mask,
  title={Mask-conditioned latent diffusion for generating gastrointestinal polyp images},
  author={Mach{\'a}{\v{c}}ek, Roman and Mozaffari, Leila and Sepasdar, Zahra and Parasa, Sravanthi and Halvorsen, P{\aa}l and Riegler, Michael A and Thambawita, Vajira},
  journal={arXiv preprint arXiv:2304.05233},
  year={2023}
}

@inproceedings{pishva2023repolyp,
  title={RePolyp: A Framework for Generating Realistic Colon Polyps with Corresponding Segmentation Masks using Diffusion Models},
  author={Pishva, Alexander K and Thambawita, Vajira and Torresen, Jim and Hicks, Steven A},
  booktitle={2023 IEEE 36th International Symposium on Computer-Based Medical Systems (CBMS)},
  pages={47--52},
  year={2023}
}

@article{shin2018abnormal,
  title={Abnormal colon polyp image synthesis using conditional adversarial networks for improved detection performance},
  author={Shin, Younghak and Qadir, Hemin Ali and Balasingham, Ilangko},
  journal={IEEE Access},
  volume={6},
  pages={56007--56017},
  year={2018}
}

@inproceedings{he2021colonoscopic,
  title={Colonoscopic image synthesis for polyp detector enhancement via gan and adversarial training},
  author={He, Fan and Chen, Sizhe and Li, Shuaiyi and Zhou, Lu and Zhang, Haiqin and Peng, Haixia and Huang, Xiaolin},
  booktitle={2021 IEEE 18th International Symposium on Biomedical Imaging (ISBI)},
  pages={1887--1891},
  year={2021}
}

@inproceedings{fagereng2022polypconnect,
  title={PolypConnect: Image inpainting for generating realistic gastrointestinal tract images with polyps},
  author={Fagereng, Jan Andre and Thambawita, Vajira and Stor{\aa}s, Andrea M and Parasa, Sravanthi and De Lange, Thomas and Halvorsen, P{\aa}l and Riegler, Michael A},
  booktitle={2022 IEEE 35th International Symposium on Computer-Based Medical Systems (CBMS)},
  pages={66--71},
  year={2022}
}

@article{adjei2022examining,
  title={Examining the effect of synthetic data augmentation in polyp detection and segmentation},
  author={Adjei, Prince Ebenezer and Lonseko, Zenebe Markos and Du, Wenju and Zhang, Han and Rao, Nini},
  journal={International Journal of Computer Assisted Radiology and Surgery},
  volume={17},
  number={7},
  pages={1289--1302},
  year={2022}
}

@article{qadir2022simple,
  title={Simple U-net based synthetic polyp image generation: Polyp to negative and negative to polyp},
  author={Qadir, Hemin Ali and Balasingham, Ilangko and Shin, Younghak},
  journal={Biomedical Signal Processing and Control},
  volume={74},
  pages={103491},
  year={2022}
}

@inproceedings{sams2022gan,
  title={GAN-Based Realistic Gastrointestinal Polyp Image Synthesis},
  author={Sams, Ataher and Shomee, Homaira Huda},
  booktitle={2022 IEEE 19th International Symposium on Biomedical Imaging (ISBI)},
  pages={1--4},
  year={2022}
}

@inproceedings{sasmal2020improved,
  title={Improved endoscopic polyp classification using GAN generated synthetic data augmentation},
  author={Sasmal, Pradipta and Bhuyan, MK and Sonowal, Sourav and Iwahori, Yuji and Kasugai, Kunio},
  booktitle={2020 IEEE Applied Signal Processing Conference (ASPCON)},
  pages={247--251},
  year={2020}
}

@inproceedings{bhamre2022colonoscopy,
  title={Colonoscopy Polyp Classification Adding Generated Narrow Band Imaging},
  author={Bhamre, Nahush V and Sharma, Vanshali and Iwahori, Yuji and Bhuyan, MK and Kasugai, Kunio},
  booktitle={International Conference on Computer Vision and Image Processing},
  pages={322--334},
  year={2022}
}