@inproceedings{DPOK,
author = {Fan, Ying and Watkins, Olivia and Du, Yuqing and others},
title = {{DPOK}: Reinforcement learning for fine-tuning text-to-image diffusion models},
year = {2023},
booktitle = {Advances in Neural Information Processing Systems},
pages= {79858 - 79885}
}

@article{ahf,
  title={Aligning text-to-image models using human feedback},
  author={Lee, Kimin and Liu, Hao and Ryu, Moonkyung and others},
  journal={arXiv:2302.12192},
  year={2023}
}

@article{cfg,
  title={Classifier-free diffusion guidance},
  author={Ho, Jonathan and Salimans, Tim},
  journal={arXiv:2207.12598},
  year={2022}
}

@inproceedings{cg,
author = {Dhariwal, Prafulla and Nichol, Alex},
title = {Diffusion models beat {GANs} on image synthesis},
year = {2021},
booktitle={Advances in Neural Information Processing Systems},
pages={8780-8794}
}

@inproceedings{d3po,
author = {Yang, Kai and Tao, Jian and Lyu, Jiafei and others},
booktitle = {IEEE/CVF Conference on Computer Vision and Pattern Recognition},
title = {Using Human Feedback to Fine-tune Diffusion Models without Any Reward Model},
year = {2024},
pages = {8941-8951},
}

@inproceedings{ddpo,
  title={Training diffusion models with reinforcement learning},
  author={Black, Kevin and Janner, Michael and Du, Yilun and Kostrikov, Ilya and Levine, Sergey},
  booktitle={International Conference on Learning Representations},
  year={2024},
  pages={1-14}
}

@inproceedings{diffusion-dpo,
    author={Wallace, Bram and Dang, Meihua and Rafailov, Rafael and others},
    booktitle={IEEE/CVF Conference on Computer Vision and Pattern Recognition},
    title={Diffusion Model Alignment Using Direct Preference Optimization},
    year={2024},
    pages = {8228-8238},
}

@inproceedings{emu,
  title={{Emu}: Enhancing image generation models using photogenic needles in a haystack},
  author={Dai, Xiaoliang and Hou, Ji and Ma, Chih-Yao and others},
  booktitle={International Conference on Learning Representations},
  year={2024},
  pages={1-13}
}

@inproceedings{glide,
  title={{Glide}: Towards photorealistic image generation and editing with text-guided diffusion models},
  author={Nichol, Alex and Dhariwal, Prafulla and Ramesh, Aditya and others},
  booktitle={International Conference on Machine Learning},
  year={2022},
  pages={16784-16804}
}

@article{hpsv2,
  title={{Human Preference Score v2}: A solid benchmark for evaluating human preferences of text-to-image synthesis},
  author={Wu, Xiaoshi and Hao, Yiming and Sun, Keqiang and Chen, Yixiong and Zhu, Feng and Zhao, Rui and Li, Hongsheng},
  journal={arXiv:2306.09341},
  year={2023}
}

@inproceedings{image_reward,
author={Xu, Jiazheng and Liu, Xiao and Wu, Yuchen and others},
title={{ImageReward}: Learning and evaluating human preferences for text-to-image generation},
year={2024},
booktitle={Advances in Neural Information Processing Systems},
pages={15903-15935}
}

@inproceedings{llm_dpo,
author = {Rafailov, Rafael and Sharma, Archit and Mitchell, Eric and Ermon, Stefano and Manning, Christopher D. and Finn, Chelsea},
title = {Direct preference optimization: your language model is secretly a reward model},
year = {2023},
booktitle = {Advances in Neural Information Processing Systems},
pages={53728-53741}
}

@inproceedings{pickscore,
author = {Kirstain, Yuval and Polyak, Adam and Singer, Uriel and Matiana, Shahbuland and Penna, Joe and Levy, Omer},
title = {{Pick-a-Pic}: An open dataset of user preferences for text-to-image generation},
year = {2023},
booktitle={Advances in Neural Information Processing Systems},
pages={36652-36663}
}

@article{raft,
title={{RAFT}: {Reward rAnked FineTuning} for Generative Foundation Model Alignment},
author={Hanze Dong and Wei Xiong and Deepanshu Goyal and others},
journal={Transactions on Machine Learning Research},
year={2023},
}

@inproceedings{readout,
author = { Luo, Grace and Darrell, Trevor and Wang, Oliver and Goldman, Dan B and Holynski, Aleksander },
booktitle = {IEEE/CVF Conference on Computer Vision and Pattern Recognition},
title = {{Readout Guidance}: Learning Control from Diffusion Features},
year = {2024},
pages = {8217-8227},
}

@inproceedings{sag,
author = {Hong, Susung and Lee, Gyuseong and Jang, Wooseok and Kim, Seungryong },
booktitle = {IEEE/CVF International Conference on Computer Vision},
title = {Improving Sample Quality of Diffusion Models Using Self-Attention Guidance},
year = {2023},
pages = {7428-7437},
}

@inproceedings{uni_guide,
author = {Bansal, Arpit and Chu, Hong-Min and Schwarzschild, Avi and Sengupta, Soumyadip and Goldblum, Micah and Geiping, Jonas and Goldstein, Tom},
booktitle = {IEEE/CVF Conference on Computer Vision and Pattern Recognition Workshops},
title = {Universal Guidance for Diffusion Models},
year = {2023},
pages = {843-852},
}

