@inproceedings{uvit,
author = {Hoogeboom, Emiel and Heek, Jonathan and Salimans, Tim},
title = {{Simple Diffusion}: End-to-end diffusion for high resolution images},
year = {2023},
booktitle = {International Conference on Machine Learning},
pages = {13213 - 13232}
}

@inproceedings{unet,
author={Ronneberger, Olaf and Fischer, Philipp and Brox, Thomas},
title={{U-Net}: Convolutional Networks for Biomedical Image Segmentation},
booktitle={International Conference on Medical Image Computing and Computer-Assisted Intervention},
year={2015},
pages={234--241},
}

@inproceedings{ddpm,
author={Ho, Jonathan and Jain, Ajay and Abbeel, Pieter},
title={Denoising diffusion probabilistic models},
year={2020},
booktitle={Advances in Neural Information Processing Systems},
pages={6840 - 6851}
}

@inproceedings{diffusion,
author = {Sohl-Dickstein, Jascha and Weiss, Eric A. and Maheswaranathan, Niru and Ganguli, Surya},
title = {Deep unsupervised learning using nonequilibrium thermodynamics},
year = {2015},
booktitle = {International Conference on Machine Learning},
pages = {2256–2265},
}

@article{diffusion_survey,
author={Cao, Hanqun and Tan, Cheng and Gao, Zhangyang and others.},
journal={ IEEE Transactions on Knowledge \& Data Engineering },
title={A Survey on Generative Diffusion Models},
year={2024},
volume={36},
number={07},
pages={2814-2830},
}

@inproceedings{vae,
author={Kingma, Diederik~P  and Welling, Max},
title={Auto-encoding variational bayes},
booktitle={International Conference on Learning Representations},
year={2014},
pages={1-14}
}

@article{gan,
author = {Goodfellow, Ian and Pouget-Abadie, Jean and Mirza, Mehdi and others},
title = {Generative adversarial networks},
year = {2020},
volume = {63},
number = {11},
journal = {Communications of the ACM},
pages = {139–144},
}

@inproceedings{sdxl,
  title={{SDXL}: Improving latent diffusion models for high-resolution image synthesis},
  author={Podell, Dustin and English, Zion and Lacey, Kyle and others},
  booktitle={International Conference on Learning Representations},
  year={2024},
  pages={1-13}
}

@inproceedings{sd3,
  title={Scaling rectified flow {Transformers} for high-resolution image synthesis},
  author={Esser, Patrick and Kulal, Sumith and Blattmann, Andreas and others},
  booktitle={International Conference on Machine Learning},
  year={2024},
  pages={12606-12633}
}

@article{imagen3,
  title={{Imagen 3}},
  author={Baldridge, Jason and Bauer, Jakob and Bhutani, Mukul and others},
  journal={arXiv:2408.07009},
  year={2024}
}

@inproceedings{instructpix2pix,
author = {Brooks, Tim and Holynski, Aleksander and Efros, Alexei A. },
booktitle = {IEEE/CVF Conference on Computer Vision and Pattern Recognition},
title = {{InstructPix2Pix}: Learning to Follow Image Editing Instructions},
year = {2023},
pages = {18392-18402},
}

@inproceedings{gpt3,
author = {Brown, Tom B. and Mann, Benjamin and Ryder, Nick and others},
title = {Language models are few-shot learners},
year = {2020},
booktitle = {Advances in Neural Information Processing Systems},
pages = {1877-1901}
}

@article{cfg,
  title={Classifier-free diffusion guidance},
  author={Ho, Jonathan and Salimans, Tim},
  journal={arXiv:2207.12598},
  year={2022}
}

@inproceedings{pag,
    author={Ahn, Donghoon and Cho, Hyoungwon and Min, Jaewon and others},
    title={Self-rectifying Diffusion Sampling with {Perturbed-Attention Guidance}},
    booktitle={European Conference on Computer Vision},
    year={2024},
    pages={1-17},
    series={LNCS},
    volume={15131}
}

@inproceedings{glide,
  title={{Glide}: Towards photorealistic image generation and editing with text-guided diffusion models},
  author={Nichol, Alex and Dhariwal, Prafulla and Ramesh, Aditya and others},
  booktitle={International Conference on Machine Learning},
  year={2022},
  pages={16784-16804}
}

@inproceedings{diffusion-dpo,
    author={Wallace, Bram and Dang, Meihua and Rafailov, Rafael and others},
    booktitle={IEEE/CVF Conference on Computer Vision and Pattern Recognition},
    title={Diffusion Model Alignment Using Direct Preference Optimization},
    year={2024},
    pages = {8228-8238},
}

@inproceedings{rectified_flow,
  title={Flow straight and fast: Learning to generate and transfer data with rectified flow},
  author={Liu, Xingchao and Gong, Chengyue and Liu, Qiang},
  booktitle={International Conference on Learning Representations},
  year={2023},
  pages={1-15}
}

@inproceedings{flow_matching,
  title={Flow matching for generative modeling},
  author={Lipman, Yaron and Chen, Ricky TQ and Ben-Hamu, Heli and Nickel, Maximilian and Le, Matt},
  booktitle={International Conference on Learning Representations},
  year={2023},
  pages={1-13}
}

@inproceedings{diffusion_sde,
  title={Score-based generative modeling through stochastic differential equations},
  author={Song, Yang and Sohl-Dickstein, Jascha and Kingma, Diederik P and Kumar, Abhishek and Ermon, Stefano and Poole, Ben},
  booktitle={International Conference on Learning Representations},
  year={2022},
  pages={1-12}
}

@inproceedings{llm_dpo,
author = {Rafailov, Rafael and Sharma, Archit and Mitchell, Eric and Ermon, Stefano and Manning, Christopher D. and Finn, Chelsea},
title = {Direct preference optimization: your language model is secretly a reward model},
year = {2023},
booktitle = {Advances in Neural Information Processing Systems},
pages={53728-53741}
}

@article{BT_model,
  title={Rank analysis of incomplete block designs: I. The method of paired comparisons},
  author={Bradley, Ralph Allan and Terry, Milton E},
  journal={Biometrika},
  volume={39},
  number={3/4},
  pages={324--345},
  year={1952},
  publisher={JSTOR}
}

@inproceedings{rlhf,
author = {Christiano, Paul F. and Leike, Jan and Brown, Tom B. and Martic, Miljan and Legg, Shane and Amodei, Dario},
title = {Deep reinforcement learning from human preferences},
year = {2017},
booktitle={Advances in Neural Information Processing Systems},
pages={4302-4310}
}


@InProceedings{sequence_tutor,
  title = {{Sequence Tutor}: Conservative Fine-Tuning of Sequence Generation Models with {KL}-control},
  author = {Natasha Jaques and Shixiang Gu and Dzmitry Bahdanau and Jos{\'e} Miguel Hern{\'a}ndez-Lobato and Richard E. Turner and Douglas Eck},
  booktitle = {International Conference on Machine Learning},
  year = {2017},
  pages = {1645-1654},
}

@inproceedings{human_centric_rl,
    title={Human-centric dialog training via offline reinforcement learning},
    author={Jaques, Natasha  and Shen, Judy Hanwen  and Ghandeharioun, Asma  and others},
    booktitle = {Conference on Empirical Methods in Natural Language Processing},
    year = {2020},
    pages = {3985-4003},
}

@inproceedings{ldm,
author = {Rombach, Robin and Blattmann, Andreas and Lorenz, Dominik and Esser, Patrick and Ommer, Bjorn },
booktitle = {IEEE/CVF Conference on Computer Vision and Pattern Recognition},
title = {High-Resolution Image Synthesis with Latent Diffusion Models },
year = {2022},
pages = {10674-10685},
}

@inproceedings{emu,
  title={{Emu}: Enhancing image generation models using photogenic needles in a haystack},
  author={Dai, Xiaoliang and Hou, Ji and Ma, Chih-Yao and others},
  booktitle={International Conference on Learning Representations},
  year={2024},
  pages={1-13}
}

@inproceedings{DPOK,
author = {Fan, Ying and Watkins, Olivia and Du, Yuqing and others},
title = {{DPOK}: Reinforcement learning for fine-tuning text-to-image diffusion models},
year = {2023},
booktitle = {Advances in Neural Information Processing Systems},
pages= {79858 - 79885}
}

@misc{fluxdev,
  title = {{FLUX.1-dev}},
  author = {Black Forest Labs},
  howpublished  = {\url{https://huggingface.co/black-forest-labs/FLUX.1-dev}},
  year = {2024}
}

@inproceedings{pap,
author = {Kirstain, Yuval and Polyak, Adam and Singer, Uriel and Matiana, Shahbuland and Penna, Joe and Levy, Omer},
title = {{Pick-a-Pic}: An open dataset of user preferences for text-to-image generation},
year = {2023},
booktitle={Advances in Neural Information Processing Systems},
pages = {36652 - 36663}
}

@misc{oip,
  title = {{Open Image Preferences}},
  author = {{Data is Better Together}},
  howpublished = {\url{https://huggingface.co/datasets/data-is-better-together/open-image-preferences-v1-binarized}},
  year = {2024}
}

@inproceedings{dit,
author = {Peebles, William and Xie, Saining },
booktitle = {IEEE/CVF International Conference on Computer Vision},
title = {Scalable Diffusion Models with {Transformers}},
year = {2023},
pages = {4172-4182},
}

@inproceedings{image_reward,
author={Xu, Jiazheng and Liu, Xiao and Wu, Yuchen and others},
title={{ImageReward}: Learning and evaluating human preferences for text-to-image generation},
year={2024},
booktitle={Advances in Neural Information Processing Systems},
pages={15903-15935}
}


@inproceedings{adafactor,
  title={{Adafactor}: Adaptive Learning Rates with Sublinear Memory Cost},
  author = {Shazeer, Noam and Stern, Mitchell},
  booktitle = {International Conference on Machine Learning},
  pages = {4596-4604},
  year = {2018}
}

@inproceedings{adamw,
  title={Decoupled weight decay regularization},
  author={Loshchilov, Ilya and Hutter, Frank},
  booktitle={International Conference on Learning Representations},
  year={2019},
  pages={1-18}
}

@inproceedings{drawbench,
author = {Saharia, Chitwan and Chan, William and Saxena, Saurabh and others},
title = {Photorealistic text-to-image diffusion models with deep language understanding},
year = {2022},
booktitle={Advances in Neural Information Processing Systems},
pages={36479-36494}
}

@inproceedings{geneval,
author = {Ghosh, Dhruba and Hajishirzi, Hannaneh and Schmidt, Ludwig},
title = {{GENEVAL}: An object-focused framework for evaluating text-to-image alignment},
booktitle={Advances in Neural Information Processing Systems},
year = {2023},
page = {52132-52152},
}

@article{dpg_bench,
  title={{EllA}: Equip diffusion models with {LLM} for enhanced semantic alignment},
  author={Hu, Xiwei and Wang, Rui and Fang, Yixiao and Fu, Bin and Cheng, Pei and Yu, Gang},
  journal={arXiv:2403.05135},
  year={2024}
}

@article{hpsv2,
  title={{Human Preference Score v2}: A solid benchmark for evaluating human preferences of text-to-image synthesis},
  author={Wu, Xiaoshi and Hao, Yiming and Sun, Keqiang and Chen, Yixiong and Zhu, Feng and Zhao, Rui and Li, Hongsheng},
  journal={arXiv:2306.09341},
  year={2023}
}

@inproceedings{pickscore,
author = {Kirstain, Yuval and Polyak, Adam and Singer, Uriel and Matiana, Shahbuland and Penna, Joe and Levy, Omer},
title = {{Pick-a-Pic}: An open dataset of user preferences for text-to-image generation},
year = {2023},
booktitle={Advances in Neural Information Processing Systems},
pages={36652-36663}
}

@inproceedings{d3po,
author = {Yang, Kai and Tao, Jian and Lyu, Jiafei and others},
booktitle = {IEEE/CVF Conference on Computer Vision and Pattern Recognition},
title = {Using Human Feedback to Fine-tune Diffusion Models without Any Reward Model},
year = {2024},
pages = {8941-8951},
}

@inproceedings{cg,
author = {Dhariwal, Prafulla and Nichol, Alex},
title = {Diffusion models beat {GANs} on image synthesis},
year = {2021},
booktitle={Advances in Neural Information Processing Systems},
pages={8780-8794}
}


@inproceedings{ddpo,
  title={Training diffusion models with reinforcement learning},
  author={Black, Kevin and Janner, Michael and Du, Yilun and Kostrikov, Ilya and Levine, Sergey},
  booktitle={International Conference on Learning Representations},
  year={2024},
  pages={1-14}
}

@article{ahf,
  title={Aligning text-to-image models using human feedback},
  author={Lee, Kimin and Liu, Hao and Ryu, Moonkyung and others},
  journal={arXiv:2302.12192},
  year={2023}
}

@article{raft,
title={{RAFT}: {Reward rAnked FineTuning} for Generative Foundation Model Alignment},
author={Hanze Dong and Wei Xiong and Deepanshu Goyal and others},
journal={Transactions on Machine Learning Research},
year={2023},
}

@inproceedings{sag,
author = {Hong, Susung and Lee, Gyuseong and Jang, Wooseok and Kim, Seungryong },
booktitle = {IEEE/CVF International Conference on Computer Vision},
title = {Improving Sample Quality of Diffusion Models Using Self-Attention Guidance},
year = {2023},
pages = {7428-7437},
}

@inproceedings{readout,
author = { Luo, Grace and Darrell, Trevor and Wang, Oliver and Goldman, Dan B and Holynski, Aleksander },
booktitle = {IEEE/CVF Conference on Computer Vision and Pattern Recognition},
title = {{Readout Guidance}: Learning Control from Diffusion Features},
year = {2024},
pages = {8217-8227},
}

@inproceedings{uni_guide,
author = {Bansal, Arpit and Chu, Hong-Min and Schwarzschild, Avi and Sengupta, Soumyadip and Goldblum, Micah and Geiping, Jonas and Goldstein, Tom},
booktitle = {IEEE/CVF Conference on Computer Vision and Pattern Recognition Workshops},
title = {Universal Guidance for Diffusion Models},
year = {2023},
pages = {843-852},
}

@inproceedings{disill_diffusion,
author = {Meng, Chenlin and Rombach, Robin and Gao, Ruiqi and Kingma, Diederik and Ermon, Stefano and Ho, Jonathan and Salimans, Tim },
booktitle = {IEEE/CVF Conference on Computer Vision and Pattern Recognition},
title = {On Distillation of Guided Diffusion Models},
year = {2023},
pages = {14297-14306},
}



