@inproceedings{alamri2019audio,
  title={Audio visual scene-aware dialog},
  author={Alamri, Huda and Cartillier, Vincent and Das, Abhishek and Wang, Jue and Cherian, Anoop and Essa, Irfan and Batra, Dhruv and Marks, Tim K and Hori, Chiori and Anderson, Peter and others},
  booktitle={Proceedings of the IEEE/CVF Conference on Computer Vision and Pattern Recognition},
  pages={7558--7567},
  year={2019}
}

@inproceedings{carreira2017quo,
  title={Quo vadis, action recognition? a new model and the kinetics dataset},
  author={Carreira, Joao and Zisserman, Andrew},
  booktitle={proceedings of the IEEE Conference on Computer Vision and Pattern Recognition},
  pages={6299--6308},
  year={2017}
}

@inproceedings{chen2018learning,
  title={Learning to see in the dark},
  author={Chen, Chen and Chen, Qifeng and Xu, Jia and Koltun, Vladlen},
  booktitle={Proceedings of the IEEE conference on computer vision and pattern recognition},
  pages={3291--3300},
  year={2018}
}

@inproceedings{chen2021darklight,
  title={Darklight networks for action recognition in the dark},
  author={Chen, Rui and Chen, Jiajun and Liang, Zixi and Gao, Huaien and Lin, Shan},
  booktitle={Proceedings of the IEEE/CVF conference on computer vision and pattern recognition},
  pages={846--852},
  year={2021}
}

@inproceedings{claus2019videnn,
  title={Videnn: Deep blind video denoising},
  author={Claus, Michele and Van Gemert, Jan},
  booktitle={Proceedings of the IEEE/CVF conference on computer vision and pattern recognition workshops},
  pages={0--0},
  year={2019}
}

@inproceedings{dai2021attentional,
  title={Attentional feature fusion},
  author={Dai, Yimian and Gieseke, Fabian and Oehmcke, Stefan and Wu, Yiquan and Barnard, Kobus},
  booktitle={Proceedings of the IEEE/CVF winter conference on applications of computer vision},
  pages={3560--3569},
  year={2021}
}

@inproceedings{donahue2015long,
  title={Long-term recurrent convolutional networks for visual recognition and description},
  author={Donahue, Jeffrey and Anne Hendricks, Lisa and Guadarrama, Sergio and Rohrbach, Marcus and Venugopalan, Subhashini and Saenko, Kate and Darrell, Trevor},
  booktitle={Proceedings of the IEEE conference on computer vision and pattern recognition},
  pages={2625--2634},
  year={2015}
}

@article{dosovitskiy2020image,
  title={An image is worth 16x16 words: Transformers for image recognition at scale},
  author={Dosovitskiy, Alexey},
  journal={arXiv preprint arXiv:2010.11929},
  year={2020}
}

@inproceedings{feichtenhofer2016convolutional,
  title={Convolutional two-stream network fusion for video action recognition},
  author={Feichtenhofer, Christoph and Pinz, Axel and Zisserman, Andrew},
  booktitle={Proceedings of the IEEE conference on computer vision and pattern recognition},
  pages={1933--1941},
  year={2016}
}

@inproceedings{hira2021delta,
  title={Delta sampling R-BERT for limited data and low-light action recognition},
  author={Hira, Sanchit and Das, Ritwik and Modi, Abhinav and Pakhomov, Daniil},
  booktitle={Proceedings of the IEEE/CVF Conference on Computer Vision and Pattern Recognition},
  pages={853--862},
  year={2021}
}

@inproceedings{kalfaoglu2020late,
  title={Late temporal modeling in 3d cnn architectures with bert for action recognition},
  author={Kalfaoglu, M Esat and Kalkan, Sinan and Alatan, A Aydin},
  booktitle={Computer Vision--ECCV 2020 Workshops: Glasgow, UK, August 23--28, 2020, Proceedings, Part V 16},
  pages={731--747},
  year={2020},
  organization={Springer}
}

@inproceedings{laptev2008learning,
  title={Learning realistic human actions from movies},
  author={Laptev, Ivan and Marszalek, Marcin and Schmid, Cordelia and Rozenfeld, Benjamin},
  booktitle={2008 IEEE conference on computer vision and pattern recognition},
  pages={1--8},
  year={2008},
  organization={IEEE}
}

@inproceedings{li2010action,
  title={Action recognition based on a bag of 3d points},
  author={Li, Wanqing and Zhang, Zhengyou and Liu, Zicheng},
  booktitle={2010 IEEE computer society conference on computer vision and pattern recognition-workshops},
  pages={9--14},
  year={2010},
  organization={IEEE}
}

@article{lore2017llnet,
  title={LLNet: A deep autoencoder approach to natural low-light image enhancement},
  author={Lore, Kin Gwn and Akintayo, Adedotun and Sarkar, Soumik},
  journal={Pattern Recognition},
  volume={61},
  pages={650--662},
  year={2017},
  publisher={Elsevier}
}

@book{poynton2012digital,
  title={Digital Video and HD: Algorithms and Interfaces},
  author={Poynton, C},
  year={2012},
  publisher={Morgan Kaufmann Publishers}
}

@inproceedings{rahman1996multi,
  title={Multi-scale retinex for color image enhancement},
  author={Rahman, Zia-ur and Jobson, Daniel J and Woodell, Glenn A},
  booktitle={Proceedings of 3rd IEEE international conference on image processing},
  volume={3},
  pages={1003--1006},
  year={1996},
  organization={IEEE}
}

@article{simonyan2014two,
  title={Two-stream convolutional networks for action recognition in videos},
  author={Simonyan, Karen and Zisserman, Andrew},
  journal={Advances in neural information processing systems},
  volume={27},
  year={2014}
}

@article{singh2022action,
  title={Action recognition in dark videos using spatio-temporal features and bidirectional encoder representations from transformers},
  author={Singh, Himanshu and Suman, Saurabh and Subudhi, Badri Narayan and Jakhetiya, Vinit and Ghosh, Ashish},
  journal={IEEE Transactions on Artificial Intelligence},
  volume={4},
  number={6},
  pages={1461--1471},
  year={2022},
  publisher={IEEE}
}

@inproceedings{srivastava2015unsupervised,
  title={Unsupervised learning of video representations using lstms},
  author={Srivastava, Nitish and Mansimov, Elman and Salakhudinov, Ruslan},
  booktitle={International conference on machine learning},
  pages={843--852},
  year={2015},
  organization={PMLR}
}

@inproceedings{suman2023two,
  title={Two-streams: dark and light networks with graph convolution for action recognition from dark videos (student abstract)},
  author={Suman, Saurabh and Naharas, Nilay and Subudhi, Badri Narayan and Jakhetiya, Vinit},
  booktitle={Proceedings of the AAAI Conference on Artificial Intelligence},
  volume={37},
  number={13},
  pages={16340--16341},
  year={2023}
}

@inproceedings{trahanias1992color,
  title={Color image enhancement through 3-D histogram equalization},
  author={Trahanias, Panos E and Venetsanopoulos, Anastasios N},
  booktitle={11th IAPR International Conference on Pattern Recognition. Vol. III. Conference C: Image, Speech and Signal Analysis,},
  volume={1},
  pages={545--548},
  year={1992},
  organization={IEEE Computer Society}
}

@inproceedings{tran2015learning,
  title={Learning spatiotemporal features with 3d convolutional networks},
  author={Tran, Du and Bourdev, Lubomir and Fergus, Rob and Torresani, Lorenzo and Paluri, Manohar},
  booktitle={Proceedings of the IEEE international conference on computer vision},
  pages={4489--4497},
  year={2015}
}

@inproceedings{tran2018closer,
  title={A closer look at spatiotemporal convolutions for action recognition},
  author={Tran, Du and Wang, Heng and Torresani, Lorenzo and Ray, Jamie and LeCun, Yann and Paluri, Manohar},
  booktitle={Proceedings of the IEEE conference on Computer Vision and Pattern Recognition},
  pages={6450--6459},
  year={2018}
}

@article{tu2023dtcm,
  title={DTCM: Joint optimization of dark enhancement and action recognition in videos},
  author={Tu, Zhigang and Liu, Yuanzhong and Zhang, Yan and Mu, Qizi and Yuan, Junsong},
  journal={IEEE Transactions on Image Processing},
  volume={32},
  pages={3507--3520},
  year={2023},
  publisher={IEEE}
}

@article{vaswani2017attention,
  title={Attention is all you need},
  author={Vaswani, A},
  journal={Advances in Neural Information Processing Systems},
  year={2017}
}

@inproceedings{wang2013action,
  title={Action recognition with improved trajectories},
  author={Wang, Heng and Schmid, Cordelia},
  booktitle={Proceedings of the IEEE international conference on computer vision},
  pages={3551--3558},
  year={2013}
}

@inproceedings{wang2016temporal,
  title={Temporal segment networks: Towards good practices for deep action recognition},
  author={Wang, Limin and Xiong, Yuanjun and Wang, Zhe and Qiao, Yu and Lin, Dahua and Tang, Xiaoou and Van Gool, Luc},
  booktitle={European conference on computer vision},
  pages={20--36},
  year={2016},
  organization={Springer}
}

@inproceedings{xu2021arid,
title={Arid: A new dataset for recognizing action in the dark},
author={Xu, Yuecong and Yang, Jianfei and Cao, Haozhi and Mao, Kezhi and Yin, Jianxiong and See, Simon},
booktitle={Deep Learning for Human Activity Recognition: Second International Workshop, DL-HAR 2020, Held in Conjunction with IJCAI-PRICAI 2020, Kyoto, Japan, January 8, 2021, Proceedings 2},
pages={70--84},
year={2021},
organization={Springer}
}

@inproceedings{yang2012recognizing,
  title={Recognizing actions using depth motion maps-based histograms of oriented gradients},
  author={Yang, Xiaodong and Zhang, Chenyang and Tian, YingLi},
  booktitle={Proceedings of the 20th ACM international conference on Multimedia},
  pages={1057--1060},
  year={2012}
}

@inproceedings{yang2025noise,
  title={Noise Calibration: Plug-and-Play Content-Preserving Video Enhancement Using Pre-trained Video Diffusion Models},
  author={Yang, Qinyu and Chen, Haoxin and Zhang, Yong and Xia, Menghan and Cun, Xiaodong and Su, Zhixun and Shan, Ying},
  booktitle={European Conference on Computer Vision},
  pages={307--326},
  year={2025},
  organization={Springer}
}

@article{zhang2020multi,
  title={Multi-scale context aggregation for semantic segmentation of remote sensing images},
  author={Zhang, Jing and Lin, Shaofu and Ding, Lei and Bruzzone, Lorenzo},
  journal={Remote Sensing},
  volume={12},
  number={4},
  pages={701},
  year={2020},
  publisher={MDPI}
}

