@inproceedings{lin-2004-rouge,
    title = "{ROUGE}: A Package for Automatic Evaluation of Summaries",
    author = "Lin, Chin-Yew",
    booktitle = "Text Summarization Branches Out",
    month = jul,
    year = "2004",
    address = "Barcelona, Spain",
    publisher = "Association for Computational Linguistics",
    url = "https://aclanthology.org/W04-1013/",
    pages = "74--81"
}
@inproceedings{papineni2002bleu,
  title={Bleu: a method for automatic evaluation of machine translation},
  author={Papineni, Kishore and Roukos, Salim and Ward, Todd and Zhu, Wei-Jing},
  booktitle={Proceedings of the 40th annual meeting of the Association for Computational Linguistics},
  pages={311--318},
  year={2002}
}
@inproceedings{banerjee2005meteor,
  title={METEOR: An automatic metric for MT evaluation with improved correlation with human judgments},
  author={Banerjee, Satanjeev and Lavie, Alon},
  booktitle={Proceedings of the acl workshop on intrinsic and extrinsic evaluation measures for machine translation and/or summarization},
  pages={65--72},
  year={2005}
}
@inproceedings{leng2024mitigating,
  title={Mitigating object hallucinations in large vision-language models through visual contrastive decoding},
  author={Leng, Sicong and Zhang, Hang and Chen, Guanzheng and Li, Xin and Lu, Shijian and Miao, Chunyan and Bing, Lidong},
  booktitle={Proceedings of the IEEE/CVF Conference on Computer Vision and Pattern Recognition},
  pages={13872--13882},
  year={2024}
}
@inproceedings{liu2023mitigating,
  title={Mitigating hallucination in large multi-modal models via robust instruction tuning},
  author={Liu, Fuxiao and Lin, Kevin and Li, Linjie and Wang, Jianfeng and Yacoob, Yaser and Wang, Lijuan},
  booktitle={The Twelfth International Conference on Learning Representations},
  year={2023}
}
@inproceedings{yu2024hallucidoctor,
  title={Hallucidoctor: Mitigating hallucinatory toxicity in visual instruction data},
  author={Yu, Qifan and Li, Juncheng and Wei, Longhui and Pang, Liang and Ye, Wentao and Qin, Bosheng and Tang, Siliang and Tian, Qi and Zhuang, Yueting},
  booktitle={Proceedings of the IEEE/CVF Conference on Computer Vision and Pattern Recognition},
  pages={12944--12953},
  year={2024}
}
@article{zhai2023halle,
  title={HallE-Switch: Controlling Object Hallucination in Large Vision Language Models},
  author={Zhai, Bohan and Yang, Shijia and Xu, Chenfeng and Shen, Sheng and Keutzer, Kurt and Li, Manling},
  journal={arXiv e-prints},
  pages={arXiv--2310},
  year={2023}
}
@inproceedings{dai2017scannet,
  title={Scannet: Richly-annotated 3d reconstructions of indoor scenes},
  author={Dai, Angela and Chang, Angel X and Savva, Manolis and Halber, Maciej and Funkhouser, Thomas and Nie{\ss}ner, Matthias},
  booktitle={Proceedings of the IEEE conference on computer vision and pattern recognition},
  pages={5828--5839},
  year={2017}
}
@inproceedings{hong2024multiply,
  title={Multiply: A multisensory object-centric embodied large language model in 3d world},
  author={Hong, Yining and Zheng, Zishuo and Chen, Peihao and Wang, Yian and Li, Junyan and Gan, Chuang},
  booktitle={Proceedings of the IEEE/CVF Conference on Computer Vision and Pattern Recognition},
  pages={26406--26416},
  year={2024}
}
2d
@inproceedings{kirillov2023segment,
  title={Segment anything},
  author={Kirillov, Alexander and Mintun, Eric and Ravi, Nikhila and Mao, Hanzi and Rolland, Chloe and Gustafson, Laura and Xiao, Tete and Whitehead, Spencer and Berg, Alexander C and Lo, Wan-Yen and others},
  booktitle={Proceedings of the IEEE/CVF International Conference on Computer Vision},
  pages={4015--4026},
  year={2023}
}
@inproceedings{shen2024aligning,
  title={Aligning and prompting everything all at once for universal visual perception},
  author={Shen, Yunhang and Fu, Chaoyou and Chen, Peixian and Zhang, Mengdan and Li, Ke and Sun, Xing and Wu, Yunsheng and Lin, Shaohui and Ji, Rongrong},
  booktitle={Proceedings of the IEEE/CVF Conference on Computer Vision and Pattern Recognition},
  pages={13193--13203},
  year={2024}
}
@article{zhang2022dino,
  title={Dino: Detr with improved denoising anchor boxes for end-to-end object detection},
  author={Zhang, Hao and Li, Feng and Liu, Shilong and Zhang, Lei and Su, Hang and Zhu, Jun and Ni, Lionel M and Shum, Heung-Yeung},
  journal={arXiv preprint arXiv:2203.03605},
  year={2022}
}
@article{oquab2023dinov2,
  title={Dinov2: Learning robust visual features without supervision},
  author={Oquab, Maxime and Darcet, Timoth{\'e}e and Moutakanni, Th{\'e}o and Vo, Huy and Szafraniec, Marc and Khalidov, Vasil and Fernandez, Pierre and Haziza, Daniel and Massa, Francisco and El-Nouby, Alaaeldin and others},
  journal={arXiv preprint arXiv:2304.07193},
  year={2023}
}
@inproceedings{chen2024ll3da,
  title={LL3DA: Visual Interactive Instruction Tuning for Omni-3D Understanding Reasoning and Planning},
  author={Chen, Sijin and Chen, Xin and Zhang, Chi and Li, Mingsheng and Yu, Gang and Fei, Hao and Zhu, Hongyuan and Fan, Jiayuan and Chen, Tao},
  booktitle={Proceedings of the IEEE/CVF Conference on Computer Vision and Pattern Recognition},
  pages={26428--26438},
  year={2024}
}
@article{rohrbach2018object,
  title={Object hallucination in image captioning},
  author={Rohrbach, Anna and Hendricks, Lisa Anne and Burns, Kaylee and Darrell, Trevor and Saenko, Kate},
  journal={arXiv preprint arXiv:1809.02156},
  year={2018}
}
@article{li2023evaluating,
  title={Evaluating object hallucination in large vision-language models},
  author={Li, Yifan and Du, Yifan and Zhou, Kun and Wang, Jinpeng and Zhao, Wayne Xin and Wen, Ji-Rong},
  journal={arXiv preprint arXiv:2305.10355},
  year={2023}
}
@article{hu2023ciem,
  title={Ciem: Contrastive instruction evaluation method for better instruction tuning},
  author={Hu, Hongyu and Zhang, Jiyuan and Zhao, Minyi and Sun, Zhenbang},
  journal={arXiv preprint arXiv:2309.02301},
  year={2023}
}
@inproceedings{guan2024hallusionbench,
  title={HallusionBench: an advanced diagnostic suite for entangled language hallucination and visual illusion in large vision-language models},
  author={Guan, Tianrui and Liu, Fuxiao and Wu, Xiyang and Xian, Ruiqi and Li, Zongxia and Liu, Xiaoyu and Wang, Xijun and Chen, Lichang and Huang, Furong and Yacoob, Yaser and others},
  booktitle={Proceedings of the IEEE/CVF Conference on Computer Vision and Pattern Recognition},
  pages={14375--14385},
  year={2024}
}
@article{jatavallabhula2023conceptfusion,
  title={Conceptfusion: Open-set multimodal 3d mapping},
  author={Jatavallabhula, Krishna Murthy and Kuwajerwala, Alihusein and Gu, Qiao and Omama, Mohd and Chen, Tao and Maalouf, Alaa and Li, Shuang and Iyer, Ganesh and Saryazdi, Soroush and Keetha, Nikhil and others},
  journal={arXiv preprint arXiv:2302.07241},
  year={2023}
}
@inproceedings{zheng2024towards,
  title={Towards learning a generalist model for embodied navigation},
  author={Zheng, Duo and Huang, Shijia and Zhao, Lin and Zhong, Yiwu and Wang, Liwei},
  booktitle={Proceedings of the IEEE/CVF Conference on Computer Vision and Pattern Recognition},
  pages={13624--13634},
  year={2024}
}
@article{huang2023embodied,
  title={An embodied generalist agent in 3d world},
  author={Huang, Jiangyong and Yong, Silong and Ma, Xiaojian and Linghu, Xiongkun and Li, Puhao and Wang, Yan and Li, Qing and Zhu, Song-Chun and Jia, Baoxiong and Huang, Siyuan},
  journal={arXiv preprint arXiv:2311.12871},
  year={2023}
}

@article{hong20233d-3dllm,
  title={3d-llm: Injecting the 3d world into large language models},
  author={Hong, Yining and Zhen, Haoyu and Chen, Peihao and Zheng, Shuhong and Du, Yilun and Chen, Zhenfang and Gan, Chuang},
  journal={Advances in Neural Information Processing Systems},
  volume={36},
  pages={20482--20494},
  year={2023}
}
@article{wang2024qwen2,
  title={Qwen2-vl: Enhancing vision-language model's perception of the world at any resolution},
  author={Wang, Peng and Bai, Shuai and Tan, Sinan and Wang, Shijie and Fan, Zhihao and Bai, Jinze and Chen, Keqin and Liu, Xuejing and Wang, Jialin and Ge, Wenbin and others},
  journal={arXiv preprint arXiv:2409.12191},
  year={2024}
}
@article{deitke2024molmo,
  title={Molmo and pixmo: Open weights and open data for state-of-the-art multimodal models},
  author={Deitke, Matt and Clark, Christopher and Lee, Sangho and Tripathi, Rohun and Yang, Yue and Park, Jae Sung and Salehi, Mohammadreza and Muennighoff, Niklas and Lo, Kyle and Soldaini, Luca and others},
  journal={arXiv preprint arXiv:2409.17146},
  year={2024}
}
@article{dai2024nvlm,
  title={Nvlm: Open frontier-class multimodal llms},
  author={Dai, Wenliang and Lee, Nayeon and Wang, Boxin and Yang, Zhuolin and Liu, Zihan and Barker, Jon and Rintamaki, Tuomas and Shoeybi, Mohammad and Catanzaro, Bryan and Ping, Wei},
  journal={arXiv preprint arXiv:2409.11402},
  year={2024}
}
@article{agrawal2024pixtral,
  title={Pixtral 12B},
  author={Agrawal, Pravesh and Antoniak, Szymon and Hanna, Emma Bou and Bout, Baptiste and Chaplot, Devendra and Chudnovsky, Jessica and Costa, Diogo and De Monicault, Baudouin and Garg, Saurabh and Gervet, Theophile and others},
  journal={arXiv preprint arXiv:2410.07073},
  year={2024}
}
@article{zhang2024vla,
  title={VLA-3D: A dataset for 3D semantic scene understanding and navigation},
  author={Zhang, Haochen and Zantout, Nader and Kachana, Pujith and Wu, Zongyuan and Zhang, Ji and Wang, Wenshan},
  journal={arXiv preprint arXiv:2411.03540},
  year={2024}
}
@inproceedings{xu2024pointllm,
  title={Pointllm: Empowering large language models to understand point clouds},
  author={Xu, Runsen and Wang, Xiaolong and Wang, Tai and Chen, Yilun and Pang, Jiangmiao and Lin, Dahua},
  booktitle={European Conference on Computer Vision},
  pages={131--147},
  year={2024},
  organization={Springer}
}
@article{zhen2024-3d-vla,
  title={3d-vla: A 3d vision-language-action generative world model},
  author={Zhen, Haoyu and Qiu, Xiaowen and Chen, Peihao and Yang, Jincheng and Yan, Xin and Du, Yilun and Hong, Yining and Gan, Chuang},
  journal={arXiv preprint arXiv:2403.09631},
  year={2024}
}
@article{yang2023lidar-llm,
  title={Lidar-llm: Exploring the potential of large language models for 3d lidar understanding},
  author={Yang, Senqiao and Liu, Jiaming and Zhang, Ray and Pan, Mingjie and Guo, Zoey and Li, Xiaoqi and Chen, Zehui and Gao, Peng and Guo, Yandong and Zhang, Shanghang},
  journal={arXiv preprint arXiv:2312.14074},
  year={2023}
}
@inproceedings{zhang2024agent3d,
  title={Agent3d-zero: An agent for zero-shot 3d understanding},
  author={Zhang, Sha and Huang, Di and Deng, Jiajun and Tang, Shixiang and Ouyang, Wanli and He, Tong and Zhang, Yanyong},
  booktitle={European Conference on Computer Vision},
  pages={186--202},
  year={2024},
  organization={Springer}
}
@inproceedings{kirsanov2019discoman,
  title={Discoman: Dataset of indoor scenes for odometry, mapping and navigation},
  author={Kirsanov, Pavel and Gaskarov, Airat and Konokhov, Filipp and Sofiiuk, Konstantin and Vorontsova, Anna and Slinko, Igor and Zhukov, Dmitry and Bykov, Sergey and Barinova, Olga and Konushin, Anton},
  booktitle={2019 IEEE/RSJ International Conference on Intelligent Robots and Systems (IROS)},
  pages={2470--2477},
  year={2019},
  organization={IEEE}
}
@inproceedings{chen2021scan2cap,
  title={Scan2cap: Context-aware dense captioning in rgb-d scans},
  author={Chen, Zhenyu and Gholami, Ali and Nie{\ss}ner, Matthias and Chang, Angel X},
  booktitle={Proceedings of the IEEE/CVF conference on computer vision and pattern recognition},
  pages={3193--3203},
  year={2021}
}

@article{luo2023scalable,
  title={Scalable 3d captioning with pretrained models},
  author={Luo, Tiange and Rockwell, Chris and Lee, Honglak and Johnson, Justin},
  journal={Advances in Neural Information Processing Systems},
  volume={36},
  pages={75307--75337},
  year={2023}
}
@inproceedings{yuan2022x,
  title={X-trans2cap: Cross-modal knowledge transfer using transformer for 3d dense captioning},
  author={Yuan, Zhihao and Yan, Xu and Liao, Yinghong and Guo, Yao and Li, Guanbin and Cui, Shuguang and Li, Zhen},
  booktitle={Proceedings of the IEEE/CVF Conference on Computer Vision and Pattern Recognition},
  pages={8563--8573},
  year={2022}
}

@article{li2023uni3dl,
  title={Uni3DL: Unified Model for 3D and Language Understanding},
  author={Li, Xiang and Ding, Jian and Chen, Zhaoyang and Elhoseiny, Mohamed},
  year={2023},
  publisher={arXiv}
}


@inproceedings{kanade2020learning,
  title={Learning and evaluating contextual embedding of source code},
  author={Kanade, Aditya and Maniatis, Petros and Balakrishnan, Gogul and Shi, Kensen},
  booktitle={International conference on machine learning},
  pages={5110--5121},
  year={2020},
  organization={PMLR}
}
@article{wang2021codet5,
  title={Codet5: Identifier-aware unified pre-trained encoder-decoder models for code understanding and generation},
  author={Wang, Yue and Wang, Weishi and Joty, Shafiq and Hoi, Steven CH},
  journal={arXiv preprint arXiv:2109.00859},
  year={2021}
}
@article{li2022competition,
  title={Competition-level code generation with alphacode},
  author={Li, Yujia and Choi, David and Chung, Junyoung and Kushman, Nate and Schrittwieser, Julian and Leblond, R{\'e}mi and Eccles, Tom and Keeling, James and Gimeno, Felix and Dal Lago, Agustin and others},
  journal={Science},
  volume={378},
  number={6624},
  pages={1092--1097},
  year={2022},
  publisher={American Association for the Advancement of Science}
}
@inproceedings{jiang2024forward,
  title={Forward-backward reasoning in large language models for mathematical verification},
  author={Jiang, Weisen and Shi, Han and Yu, Longhui and Liu, Zhengying and Zhang, Yu and Li, Zhenguo and Kwok, James},
  booktitle={Findings of the Association for Computational Linguistics ACL 2024},
  pages={6647--6661},
  year={2024}
}
@inproceedings{guo2024exploring,
  title={Exploring Reversal Mathematical Reasoning Ability for Large Language Models},
  author={Guo, Pei and You, Wangjie and Li, Juntao and Bowen, Yan and Zhang, Min},
  booktitle={Findings of the Association for Computational Linguistics ACL 2024},
  pages={13671--13685},
  year={2024}
}
@article{imani2023mathprompter,
  title={Mathprompter: Mathematical reasoning using large language models},
  author={Imani, Shima and Du, Liang and Shrivastava, Harsh},
  journal={arXiv preprint arXiv:2303.05398},
  year={2023}
}

@inproceedings{li2024dialogue,
  title={Dialogue Discourse Parsing as Generation: A Sequence-to-Sequence LLM-based Approach},
  author={Li, Chuyuan and Yin, Yuwei and Carenini, Giuseppe},
  booktitle={Proceedings of the 25th Annual Meeting of the Special Interest Group on Discourse and Dialogue},
  pages={1--14},
  year={2024}
}
@article{le2020uniconv,
  title={UniConv: A unified conversational neural architecture for multi-domain task-oriented dialogues},
  author={Le, Hung and Sahoo, Doyen and Liu, Chenghao and Chen, Nancy F and Hoi, Steven CH},
  journal={arXiv preprint arXiv:2004.14307},
  year={2020}
}
@article{wu2020tod,
  title={TOD-BERT: Pre-trained natural language understanding for task-oriented dialogue},
  author={Wu, Chien-Sheng and Hoi, Steven and Socher, Richard and Xiong, Caiming},
  journal={arXiv preprint arXiv:2004.06871},
  year={2020}
}
@article{chen2020parallel,
  title={Parallel interactive networks for multi-domain dialogue state generation},
  author={Chen, Junfan and Zhang, Richong and Mao, Yongyi and Xu, Jie},
  journal={arXiv preprint arXiv:2009.07616},
  year={2020}
}


@misc{chatgpt,
author = {OpenAI},
title = {Introducing ChatGPT},
month = {},
year = {2022},
note = {(Accessed on 01/10/2023)},
howpublished = {\url{https://openai.com/blog/chatgpt}},
}

@inproceedings{zeng2023glm,
  title={GLM-130B: An Open Bilingual Pre-trained Model},
  author={Zeng, Aohan and Liu, Xiao and Du, Zhengxiao and Wang, Zihan and Lai, Hanyu and Ding, Ming and Yang, Zhuoyi and Xu, Yifan and Zheng, Wendi and Xia, Xiao and others},
  booktitle={The Eleventh International Conference on Learning Representations},
  year={2023}
}
@article{gao2023large,
  title={Large Language Models Empowered Agent-based Modeling and Simulation: A Survey and Perspectives},
  author={Gao, Chen and Lan, Xiaochong and Li, Nian and Yuan, Yuan and Ding, Jingtao and Zhou, Zhilun and Xu, Fengli and Li, Yong},
  journal={arXiv preprint arXiv:2312.11970},
  year={2023}
}
@article{guo2023gpt,
  title={GPT Agents in Game Theory Experiments},
  author={Guo, Fulin},
  journal={arXiv preprint arXiv:2305.05516},
  year={2023}
}
@misc{
anonymous2024rethinking,
title={Rethinking the Buyer{\textquoteright}s Inspection Paradox in Information Markets with Language Agents},
author={Anonymous},
year={2024},
url={https://openreview.net/forum?id=6werMQy1uz}
}
@article{xu2023urban,
  title={Urban Generative Intelligence (UGI): A Foundational Platform for Agents in Embodied City Environment},
  author={Xu, Fengli and Zhang, Jun and Gao, Chen and Feng, Jie and Li, Yong},
  journal={arXiv preprint arXiv:2312.11813},
  year={2023}
}
@article{chen2023put,
  title={Put your money where your mouth is: Evaluating strategic planning and execution of llm agents in an auction arena},
  author={Chen, Jiangjie and Yuan, Siyu and Ye, Rong and Majumder, Bodhisattwa Prasad and Richardson, Kyle},
  journal={arXiv preprint arXiv:2310.05746},
  year={2023}
}
@article{zhao2023competeai,
  title={Competeai: Understanding the competition behaviors in large language model-based agents},
  author={Zhao, Qinlin and Wang, Jindong and Zhang, Yixuan and Jin, Yiqiao and Zhu, Kaijie and Chen, Hao and Xie, Xing},
  journal={arXiv preprint arXiv:2310.17512},
  year={2023}
}
@article{akata2023playing,
  title={Playing repeated games with Large Language Models},
  author={Akata, Elif and Schulz, Lion and Coda-Forno, Julian and Oh, Seong Joon and Bethge, Matthias and Schulz, Eric},
  journal={arXiv preprint arXiv:2305.16867},
  year={2023}
}
@article{chen2023emergence,
  title={The Emergence of Economic Rationality of GPT},
  author={Chen, Yiting and Liu, Tracy Xiao and Shan, You and Zhong, Songfa},
  journal={arXiv preprint arXiv:2305.12763},
  year={2023}
}
@article{touvron2023llama,
  title={Llama: Open and efficient foundation language models},
  author={Touvron, Hugo and Lavril, Thibaut and Izacard, Gautier and Martinet, Xavier and Lachaux, Marie-Anne and Lacroix, Timoth{\'e}e and Rozi{\`e}re, Baptiste and Goyal, Naman and Hambro, Eric and Azhar, Faisal and others},
  journal={arXiv preprint arXiv:2302.13971},
  year={2023}
}

@misc{alpaca,
  author = {Rohan Taori and Ishaan Gulrajani and Tianyi Zhang and Yann Dubois and Xuechen Li and Carlos Guestrin and Percy Liang and Tatsunori B. Hashimoto },
  title = {Stanford Alpaca: An Instruction-following LLaMA model},
  year = {2023},
  publisher = {GitHub},
  journal = {GitHub repository},
howpublished = {\url{https://github.com/tatsu-lab/stanford_alpaca}},
}
@article{yang2023dawn,
  title={The Dawn of LMMs: Preliminary Explorations with GPT-4V (ision)},
  author={Yang, Zhengyuan and Li, Linjie and Lin, Kevin and Wang, Jianfeng and Lin, Chung-Ching and Liu, Zicheng and Wang, Lijuan},
  journal={arXiv preprint arXiv:2309.17421},
  year={2023}
}

@article{bubeck2023sparks,
  title={Sparks of artificial general intelligence: Early experiments with gpt-4},
  author={Bubeck, S{\'e}bastien and Chandrasekaran, Varun and Eldan, Ronen and Gehrke, Johannes and Horvitz, Eric and Kamar, Ece and Lee, Peter and Lee, Yin Tat and Li, Yuanzhi and Lundberg, Scott and others},
  journal={arXiv preprint arXiv:2303.12712},
  year={2023}
}

@article{xi2023rise,
  title={The Rise and Potential of Large Language Model Based Agents: A Survey},
  author={Xi, Zhiheng and Chen, Wenxiang and Guo, Xin and He, Wei and Ding, Yiwen and Hong, Boyang and Zhang, Ming and Wang, Junzhe and Jin, Senjie and Zhou, Enyu and others},
  journal={arXiv preprint arXiv:2309.07864},
  year={2023}
}

@article{wang2023survey,
  title={A survey on large language model based autonomous agents},
  author={Wang, Lei and Ma, Chen and Feng, Xueyang and Zhang, Zeyu and Yang, Hao and Zhang, Jingsen and Chen, Zhiyuan and Tang, Jiakai and Chen, Xu and Lin, Yankai and others},
  journal={arXiv preprint arXiv:2308.11432},
  year={2023}
}

@misc{autogpt,
author = {AutoGPT Team},
title = {AutoGPT: the heart of the open-source agent ecosystem},
month = {},
year = {2022},
note = {(Accessed on 01/10/2023)},
howpublished = {\url{https://github.com/Significant-Gravitas/AutoGPT}},
}

@article{franceschelli2023creativity,
  title={On the creativity of large language models},
  author={Franceschelli, Giorgio and Musolesi, Mirco},
  journal={arXiv preprint arXiv:2304.00008},
  year={2023}
}

@misc{babyagi,
author = {Yoheinakajima},
title = {BabyAGI},
month = {},
year = {2023},
note = {(Accessed on 01/10/2023)},
howpublished = {\url{https://github.com/yoheinakajima/babyagi}},
}

@article{zhu2023minigpt,
  title={Minigpt-4: Enhancing vision-language understanding with advanced large language models},
  author={Zhu, Deyao and Chen, Jun and Shen, Xiaoqian and Li, Xiang and Elhoseiny, Mohamed},
  journal={arXiv preprint arXiv:2304.10592},
  year={2023}
}

@article{schick2023toolformer,
  title={Toolformer: Language models can teach themselves to use tools},
  author={Schick, Timo and Dwivedi-Yu, Jane and Dess{\`\i}, Roberto and Raileanu, Roberta and Lomeli, Maria and Zettlemoyer, Luke and Cancedda, Nicola and Scialom, Thomas},
  journal={arXiv preprint arXiv:2302.04761},
  year={2023}
}

@article{park2023generative,
  title={Generative agents: Interactive simulacra of human behavior},
  author={Park, Joon Sung and O'Brien, Joseph C and Cai, Carrie J and Morris, Meredith Ringel and Liang, Percy and Bernstein, Michael S},
  journal={arXiv preprint arXiv:2304.03442},
  year={2023}
}


@article{qian2023communicative,
  title={Communicative agents for software development},
  author={Qian, Chen and Cong, Xin and Yang, Cheng and Chen, Weize and Su, Yusheng and Xu, Juyuan and Liu, Zhiyuan and Sun, Maosong},
  journal={arXiv preprint arXiv:2307.07924},
  year={2023}
}

@book{gilbert2005simulation,
  title={Simulation for the social scientist},
  author={Gilbert, Nigel and Troitzsch, Klaus},
  year={2005},
  publisher={McGraw-Hill Education (UK)}
}

@inproceedings{park2022social,
  title={Social simulacra: Creating populated prototypes for social computing systems},
  author={Park, Joon Sung and Popowski, Lindsay and Cai, Carrie and Morris, Meredith Ringel and Liang, Percy and Bernstein, Michael S},
  booktitle={Proceedings of the 35th Annual ACM Symposium on User Interface Software and Technology},
  pages={1--18},
  year={2022}
}

@article{li2023you,
  title={Are you in a masquerade? exploring the behavior and impact of large language model driven social bots in online social networks},
  author={Li, Siyu and Yang, Jin and Zhao, Kui},
  journal={arXiv preprint arXiv:2307.10337},
  year={2023}
}

@article{li2023quantifying,
  title={Quantifying the impact of large language models on collective opinion dynamics},
  author={Li, Chao and Su, Xing and Fan, Chao and Han, Haoying and Xue, Cong and Zheng, Chunmo},
  journal={arXiv preprint arXiv:2308.03313},
  year={2023}
}

@article{lin2023agentsims,
  title={Agentsims: An open-source sandbox for large language model evaluation},
  author={Lin, Jiaju and Zhao, Haoran and Zhang, Aochi and Wu, Yiting and Ping, Huqiuyue and Chen, Qin},
  journal={arXiv preprint arXiv:2308.04026},
  year={2023}
}

@article{kovavc2023socialai,
  title={The socialai school: Insights from developmental psychology towards artificial socio-cultural agents},
  author={Kova{\v{c}}, Grgur and Portelas, R{\'e}my and Dominey, Peter Ford and Oudeyer, Pierre-Yves},
  journal={arXiv preprint arXiv:2307.07871},
  year={2023}
}

@article{jinxin2023cgmi,
  title={Cgmi: Configurable general multi-agent interaction framework},
  author={Jinxin, Shi and Jiabao, Zhao and Yilei, Wang and Xingjiao, Wu and Jiawen, Li and Liang, He},
  journal={arXiv preprint arXiv:2308.12503},
  year={2023}
}

@article{gao2023s,
  title={S$^{3}$: Social-network Simulation System with Large Language Model-Empowered Agents},
  author={Gao, Chen and Lan, Xiaochong and Lu, Zhihong and Mao, Jinzhu and Piao, Jinghua and Wang, Huandong and Jin, Depeng and Li, Yong},
  journal={arXiv preprint arXiv:2307.14984},
  year={2023}
}

@article{boiko2023emergent,
  title={Emergent autonomous scientific research capabilities of large language models},
  author={Boiko, Daniil A and MacKnight, Robert and Gomes, Gabe},
  journal={arXiv preprint arXiv:2304.05332},
  year={2023}
}

@article{bran2023chemcrow,
  title={ChemCrow: Augmenting large-language models with chemistry tools},
  author={Bran, Andres M and Cox, Sam and White, Andrew D and Schwaller, Philippe},
  journal={arXiv preprint arXiv:2304.05376},
  year={2023}
}

@techreport{horton2023large,
  title={Large language models as simulated economic agents: What can we learn from homo silicus?},
  author={Horton, John J},
  year={2023},
  institution={National Bureau of Economic Research}
}

@article{brand2023using,
  title={Using gpt for market research},
  author={Brand, James and Israeli, Ayelet and Ngwe, Donald},
  journal={Available at SSRN 4395751},
  year={2023}
}

@article{bybee2023surveying,
  title={Surveying Generative AI's Economic Expectations},
  author={Bybee, Leland},
  journal={arXiv preprint arXiv:2305.02823},
  year={2023}
}
@article{bauer2023decoding,
  title={Decoding GPT’s Hidden ‘Rationality’of Cooperation},
  author={Bauer, Kevin and Liebich, Lena and Hinz, Oliver and Kosfeld, Michael},
  year={2023},
  publisher={SAFE Working Paper}
}

@article{jorgenson2001information,
  title={Information technology and the US economy},
  author={Jorgenson, Dale W},
  journal={American Economic Review},
  volume={91},
  number={1},
  pages={1--32},
  year={2001},
  publisher={American Economic Association}
}

@article{schorfheide2015real,
  title={Real-time forecasting with a mixed-frequency VAR},
  author={Schorfheide, Frank and Song, Dongho},
  journal={Journal of Business \& Economic Statistics},
  volume={33},
  number={3},
  pages={366--380},
  year={2015},
  publisher={Taylor \& Francis}
}

# Economic Simulation
@book{gatti2011macroeconomics,
  title={Macroeconomics from the Bottom-up},
  author={Gatti, Domenico Delli and Desiderio, Saul and Gaffeo, Edoardo and Cirillo, Pasquale and Gallegati, Mauro},
  volume={1},
  year={2011},
  publisher={Springer Science \& Business Media}
}
@article{wolf2013multi,
  title={A multi-agent model of several economic regions},
  author={Wolf, Sarah and F{\"u}rst, Steffen and Mandel, Antoine and Lass, Wiebke and Lincke, Daniel and Pablo-Marti, Federico and Jaeger, Carlo},
  journal={Environmental modelling \& software},
  volume={44},
  pages={25--43},
  year={2013},
  publisher={Elsevier}
}
@article{dawid2018agent,
  title={Agent-based macroeconomics},
  author={Dawid, Herbert and Gatti, Domenico Delli},
  journal={Handbook of computational economics},
  volume={4},
  pages={63--156},
  year={2018},
  publisher={Elsevier}
}
@article{dawid2019macroeconomics,
  title={Macroeconomics with heterogeneous agent models: fostering transparency, reproducibility and replication},
  author={Dawid, Herbert and Harting, Philipp and Van der Hoog, Sander and Neugart, Michael},
  journal={Journal of Evolutionary Economics},
  volume={29},
  pages={467--538},
  year={2019},
  publisher={Springer}
}
@article{carroll1997buffer,
  title={Buffer-stock saving and the life cycle/permanent income hypothesis},
  author={Carroll, Christopher D},
  journal={The Quarterly journal of economics},
  volume={112},
  number={1},
  pages={1--55},
  year={1997},
  publisher={MIT Press}
}
@article{feng2023pretraining,
  title={From Pretraining Data to Language Models to Downstream Tasks: Tracking the Trails of Political Biases Leading to Unfair NLP Models},
  author={Feng, Shangbin and Park, Chan Young and Liu, Yuhan and Tsvetkov, Yulia},
  journal={arXiv preprint arXiv:2305.08283},
  year={2023}
}
@article{lengnick2013agent,
  title={Agent-based macroeconomics: A baseline model},
  author={Lengnick, Matthias},
  journal={Journal of Economic Behavior \& Organization},
  volume={86},
  pages={102--120},
  year={2013},
  publisher={Elsevier}
}
@article{axtell2022agent,
  title={Agent-based modeling in economics and finance: Past, present, and future},
  author={Axtell, Robert L and Farmer, J Doyne},
  journal={Journal of Economic Literature},
  year={2022},
  publisher={American Economic Association}
}
@article{deissenberg2008eurace,
  title={EURACE: A massively parallel agent-based model of the European economy},
  author={Deissenberg, Christophe and Van Der Hoog, Sander and Dawid, Herbert},
  journal={Applied mathematics and computation},
  volume={204},
  number={2},
  pages={541--552},
  year={2008},
  publisher={Elsevier}
}
@article{dawid2012eurace,
  title={The eurace@ unibi model: An agent-based macroeconomic model for economic policy analysis},
  author={Dawid, Herbert and Gemkow, Simon and Harting, Philipp and Van der Hoog, Sander and Neugart, Michael},
  year={2012},
  publisher={Bielefeld working papers in economics and management}
}



@article{phelps1967phillips,
  title={Phillips curves, expectations of inflation and optimal unemployment over time},
  author={Phelps, Edmund S},
  journal={Economica},
  pages={254--281},
  year={1967},
  publisher={JSTOR}
}

@book{okun1963potential,
  title={Potential GNP: its measurement and significance},
  author={Okun, Arthur M},
  year={1963},
  publisher={Cowles Foundation for Research in Economics at Yale University}
}

@article{zheng2022ai,
  title={The AI Economist: Taxation policy design via two-level deep multiagent reinforcement learning},
  author={Zheng, Stephan and Trott, Alexander and Srinivasa, Sunil and Parkes, David C and Socher, Richard},
  journal={Science advances},
  volume={8},
  number={18},
  pages={eabk2607},
  year={2022},
  publisher={American Association for the Advancement of Science}
}

@article{trott2021building,
  title={Building a foundation for data-driven, interpretable, and robust policy design using the ai economist},
  author={Trott, Alexander and Srinivasa, Sunil and van der Wal, Douwe and Haneuse, Sebastien and Zheng, Stephan},
  journal={arXiv preprint arXiv:2108.02904},
  year={2021}
}

@article{kydland1982time,
  title={Time to build and aggregate fluctuations},
  author={Kydland, Finn E and Prescott, Edward C},
  journal={Econometrica: Journal of the Econometric Society},
  pages={1345--1370},
  year={1982},
  publisher={JSTOR}
}

@article{christiano2005nominal,
  title={Nominal rigidities and the dynamic effects of a shock to monetary policy},
  author={Christiano, Lawrence J and Eichenbaum, Martin and Evans, Charles L},
  journal={Journal of political Economy},
  volume={113},
  number={1},
  pages={1--45},
  year={2005},
  publisher={The University of Chicago Press}
}

@article{farmer2009economy,
  title={The economy needs agent-based modelling},
  author={Farmer, J Doyne and Foley, Duncan},
  journal={Nature},
  volume={460},
  number={7256},
  pages={685--686},
  year={2009},
  publisher={Nature Publishing Group UK London}
}

@article{hendry1982formulation,
  title={On the formulation of empirical models in dynamic econometrics},
  author={Hendry, David F and Richard, Jean-Francois},
  journal={Journal of Econometrics},
  volume={20},
  number={1},
  pages={3--33},
  year={1982},
  publisher={Elsevier}
}

@book{tesfatsion2006handbook,
  title={Handbook of computational economics: agent-based computational economics},
  author={Tesfatsion, Leigh and Judd, Kenneth L},
  year={2006},
  publisher={Elsevier}
}

@article{brock1998heterogeneous,
  title={Heterogeneous beliefs and routes to chaos in a simple asset pricing model},
  author={Brock, William A and Hommes, Cars H},
  journal={Journal of Economic dynamics and Control},
  volume={22},
  number={8-9},
  pages={1235--1274},
  year={1998},
  publisher={Elsevier}
}

@article{geanakoplos2010leverage,
  title={The leverage cycle},
  author={Geanakoplos, John},
  journal={NBER macroeconomics annual},
  volume={24},
  number={1},
  pages={1--66},
  year={2010},
  publisher={The University of Chicago Press}
}
@article{windrum2007empirical,
  title={Empirical validation of agent-based models: Alternatives and prospects},
  author={Windrum, Paul and Fagiolo, Giorgio and Moneta, Alessio},
  journal={Journal of Artificial Societies and Social Simulation},
  volume={10},
  number={2},
  pages={8},
  year={2007},
  publisher={University of Surrey}
}
@article{mi2023taxai,
  title={TaxAI: A Dynamic Economic Simulator and Benchmark for Multi-Agent Reinforcement Learning},
  author={Mi, Qirui and Xia, Siyu and Song, Yan and Zhang, Haifeng and Zhu, Shenghao and Wang, Jun},
  journal={arXiv preprint arXiv:2309.16307},
  year={2023}
}

@article{zhao2023survey,
  title={A survey of large language models},
  author={Zhao, Wayne Xin and Zhou, Kun and Li, Junyi and Tang, Tianyi and Wang, Xiaolei and Hou, Yupeng and Min, Yingqian and Zhang, Beichen and Zhang, Junjie and Dong, Zican and others},
  journal={arXiv preprint arXiv:2303.18223},
  year={2023}
}

@article{dosi2013income,
  title={Income distribution, credit and fiscal policies in an agent-based Keynesian model},
  author={Dosi, Giovanni and Fagiolo, Giorgio and Napoletano, Mauro and Roventini, Andrea},
  journal={Journal of Economic Dynamics and Control},
  volume={37},
  number={8},
  pages={1598--1625},
  year={2013},
  publisher={Elsevier}
}

@article{dosi2015fiscal,
  title={Fiscal and monetary policies in complex evolving economies},
  author={Dosi, Giovanni and Fagiolo, Giorgio and Napoletano, Mauro and Roventini, Andrea and Treibich, Tania},
  journal={Journal of Economic Dynamics and Control},
  volume={52},
  pages={166--189},
  year={2015},
  publisher={Elsevier}
}

@article{arulkumaran2017deep,
  title={Deep reinforcement learning: A brief survey},
  author={Arulkumaran, Kai and Deisenroth, Marc Peter and Brundage, Miles and Bharath, Anil Anthony},
  journal={IEEE Signal Processing Magazine},
  volume={34},
  number={6},
  pages={26--38},
  year={2017},
  publisher={IEEE}
}

@article{schulman2017proximal,
  title={Proximal policy optimization algorithms},
  author={Schulman, John and Wolski, Filip and Dhariwal, Prafulla and Radford, Alec and Klimov, Oleg},
  journal={arXiv preprint arXiv:1707.06347},
  year={2017}
}

@article{kahneman1991endowment,
  title={The endowment effect, loss aversion, and status quo bias},
  author={Kahneman, Daniel and Knetsch, Jack L and Thaler, Richard H and others},
  journal={Journal of Economic perspectives},
  volume={5},
  number={1},
  pages={193--206},
  year={1991}
}

@inproceedings{filippova-2020-controlled,
    title = "Controlled Hallucinations: Learning to Generate Faithfully from Noisy Data",
    author = "Filippova, Katja",
    editor = "Cohn, Trevor  and
      He, Yulan  and
      Liu, Yang",
    booktitle = "Findings of the Association for Computational Linguistics: EMNLP 2020",
    month = nov,
    year = "2020",
    address = "Online",
    publisher = "Association for Computational Linguistics",
    url = "https://aclanthology.org/2020.findings-emnlp.76/",
    doi = "10.18653/v1/2020.findings-emnlp.76",
    pages = "864--870",
    abstract = "Neural text generation (data- or text-to-text) demonstrates remarkable performance when training data is abundant which for many applications is not the case. To collect a large corpus of parallel data, heuristic rules are often used but they inevitably let noise into the data, such as phrases in the output which cannot be explained by the input. Consequently, models pick up on the noise and may hallucinate{--}generate fluent but unsupported text. Our contribution is a simple but powerful technique to treat such hallucinations as a controllable aspect of the generated text, without dismissing any input and without modifying the model architecture. On the WikiBio corpus (Lebret et al., 2016), a particularly noisy dataset, we demonstrate the efficacy of the technique both in an automatic and in a human evaluation."
}