@inproceedings{wu12c_interspeech,
  title     = {Detecting converted speech and natural speech for anti-spoofing attack in speaker recognition},
  author    = {Zhizheng Wu and Eng Siong Chng and Haizhou Li},
  year      = {2012},
  booktitle = {Interspeech 2012},
  pages     = {1700--1703},
  doi       = {10.21437/Interspeech.2012-465},
  issn      = {2958-1796},
}

@misc{eleven-labs,
  author       = {{Eleven Labs}},
  year         = {2024},
  title        = {{Create a replica of your voice that sounds just like you}},
  howpublished = {\url{https://elevenlabs.io/voice-cloning}},
  note         = {{Accessed: 17.10.2024}}
}

@misc{resemble-ai,
  author  = {{Resemble AI}},
  year    = {2024},
  title   = {{AI Voice Cloning: Clone your Voice in Seconds}},
howpublished = {\url{https://www.resemble.ai/voice-cloning/}},
  note    = {{Accessed: 17.10.2024}}
}

@misc{respeecher,
  author  = {{Respeecher}},
  year    = {2024},
  title   = {{AI Voice Cloning}},
  howpublished = {\url{https://www.respeecher.com/ai-voice-cloning}},
  note    = {{Accessed: 17.10.2024}}
}

@inproceedings{pascu24_interspeech,
  title     = {Towards generalisable and calibrated audio deepfake detection with self-supervised representations},
  author    = {Octavian Pascu and Adriana Stan and Dan Oneata and Elisabeta Oneata and Horia Cucu},
  year      = {2024},
  booktitle = {Interspeech 2024},
  pages     = {4828--4832},
  doi       = {10.21437/Interspeech.2024-1302},
  issn      = {2958-1796},
}

@INPROCEEDINGS{9023158,
  author={Cheng, Xingliang and Xu, Mingxing and Zheng, Thomas Fang},
  booktitle={2019 Asia-Pacific Signal and Information Processing Association Annual Summit and Conference (APSIPA ASC)}, 
  title={Replay detection using CQT-based modified group delay feature and ResNeWt network in ASVspoof 2019}, 
  year={2019},
  volume={},
  number={},
  pages={540-545},
  keywords={Feature extraction;Delays;Spectrogram;Time-frequency analysis;Transforms;Distortion;Databases},
  doi={10.1109/APSIPAASC47483.2019.9023158}}


@inproceedings{tomilov21_asvspoof,
  title     = {STC Antispoofing Systems for the ASVspoof2021 Challenge},
  author    = {Anton Tomilov and Aleksei Svishchev and Marina Volkova and Artem Chirkovskiy and Alexander Kondratev and Galina Lavrentyeva},
  year      = {2021},
  booktitle = {2021 Edition of the Automatic Speaker Verification and Spoofing Countermeasures Challenge},
  pages     = {61--67},
  doi       = {10.21437/ASVSPOOF.2021-10},
}

@inproceedings{asvpaper24,
  title = {{ASVspoof 5}: {Crowdsourced} Speech Data, Deepfakes, and Adversarial Attacks at Scale},
  booktitle = {ASVspoof Workshop 2024 (accepted)},
  author = {Wang, Xin and Delgado, H{\'e}ctor and Tak, Hemlata and Jung, Jee-weon and Shim, Hye-jin and Todisco, Massimiliano and Kukanov, Ivan and Liu, Xuechen and Sahidullah, Md and Kinnunen, Tomi and Evans, Nicholas and Lee, Kong Aik and Yamagishi, Junichi},
  year = {2024}
}

@ARTICLE{10557138,
  author={Wang, Li and Yu, Lingyun and Zhang, Yongdong and Xie, Hongtao},
  journal={IEEE/ACM Transactions on Audio, Speech, and Language Processing}, 
  title={Generalizable Speech Spoofing Detection Against Silence Trimming With Data Augmentation and Multi-Task Meta-Learning}, 
  year={2024},
  volume={32},
  number={},
  pages={3296-3310},
  keywords={Forgery;Metalearning;Interference;Training;Feature extraction;Data augmentation;Speech enhancement;ASVspoof;anti-spoofing;silence attacks;silence trimming;meta-learning;data augmentation},
  doi={10.1109/TASLP.2024.3414340}}


@ARTICLE{10224301,
  author={Zhang, Yuxiang and Li, Zhuo and Lu, Jingze and Hua, Hua and Wang, Wenchao and Zhang, Pengyuan},
  journal={IEEE/ACM Transactions on Audio, Speech, and Language Processing}, 
  title={The Impact of Silence on Speech Anti-Spoofing}, 
  year={2023},
  volume={31},
  number={},
  pages={3374-3389},
  keywords={Speech processing;Voice activity detection;Robustness;Training;Recurrent neural networks;Partitioning algorithms;Convolutional neural networks;Anti-spoofing;content of silence;proportion fo silence duration;visual explanations;speech synthesis},
  doi={10.1109/TASLP.2023.3306711}}


@article{Mller2021SpeechIS,
  title={Speech is Silver, Silence is Golden: What do ASVspoof-trained Models Really Learn?},
  author={Nicolas Michael M{\"u}ller and Franziska Dieckmann and Pavel Czempin and Roman Canals and Konstantin B{\"o}ttinger},
  journal={ArXiv},
  year={2021},
  volume={abs/2106.12914},
  url={https://api.semanticscholar.org/CorpusID:235624055}
}

@inproceedings{panariello23b_interspeech,
  title     = {Malafide: a novel adversarial convolutive noise attack against deepfake and spoofing detection systems},
  author    = {Michele Panariello and Wanying Ge and Hemlata Tak and Massimiliano Todisco and Nicholas Evans},
  year      = {2023},
  booktitle = {INTERSPEECH 2023},
  pages     = {2868--2872},
  doi       = {10.21437/Interspeech.2023-703},
  issn      = {2958-1796},
}

@INPROCEEDINGS{10448453,
  author={Shin, Hyun-seo and Heo, Jungwoo and Kim, Ju-ho and Lim, Chan-yeong and Kim, Wonbin and Yu, Ha-Jin},
  booktitle={ICASSP 2024 - 2024 IEEE International Conference on Acoustics, Speech and Signal Processing (ICASSP)}, 
  title={HM-CONFORMER: A Conformer-Based Audio Deepfake Detection System with Hierarchical Pooling and Multi-Level Classification Token Aggregation Methods}, 
  year={2024},
  volume={},
  number={},
  pages={10581-10585},
  keywords={Deepfakes;Signal processing;Transformers;Acoustics;Data mining;Task analysis;Speech processing;Audio deepfake detection;Anti-spoofing;Conformer;Hierarchical pooling;Multi-level classification token aggregation},
  doi={10.1109/ICASSP48485.2024.10448453}}


@INPROCEEDINGS{10446612,
  author={Wu, Haochen and Zhang, Jie and Zhang, Zhentao and Zhao, Wenting and Gu, Bin and Guo, Wu},
  booktitle={ICASSP 2024 - 2024 IEEE International Conference on Acoustics, Speech and Signal Processing (ICASSP)}, 
  title={Robust Spoof Speech Detection Based on Multi-Scale Feature Aggregation and Dynamic Convolution}, 
  year={2024},
  volume={},
  number={},
  pages={10156-10160},
  keywords={Voice activity detection;Costs;Convolution;Heuristic algorithms;Signal processing algorithms;Benchmark testing;Feature extraction;Multi-scale feature aggregation;spoof speech detection;anti-spoofing;ADD 2023;ASVspoof 2021},
  doi={10.1109/ICASSP48485.2024.10446612}}


@inproceedings{3576915.3623209,
author = {Yu, Zhiyuan and Zhai, Shixuan and Zhang, Ning},
title = {AntiFake: Using Adversarial Audio to Prevent Unauthorized Speech Synthesis},
year = {2023},
isbn = {9798400700507},
publisher = {Association for Computing Machinery},
address = {New York, NY, USA},
url = {https://doi.org/10.1145/3576915.3623209},
doi = {10.1145/3576915.3623209},
pages = {460–474},
numpages = {15},
keywords = {adversarial machine learning, deepfake defense, generative ai, speech synthesis},
location = {Copenhagen, Denmark},
series = {CCS '23}
}




@inproceedings{wu24b_interspeech,
  title     = {Spoofing Speech Detection by Modeling Local Spectro-Temporal and Long-term Dependency},
  author    = {Haochen Wu and Wu Guo and Zhentao Zhang and Wenting Zhao and Shengyu Peng and Jie Zhang},
  year      = {2024},
  booktitle = {Interspeech 2024},
  pages     = {507--511},
  doi       = {10.21437/Interspeech.2024-251},
  issn      = {2958-1796},
}


@INPROCEEDINGS{10448016,
  author={Ge, Wanying and Wang, Xin and Yamagishi, Junichi and Todisco, Massimiliano and Evans, Nicholas},
  booktitle={ICASSP 2024 - 2024 IEEE International Conference on Acoustics, Speech and Signal Processing (ICASSP)}, 
  title={Spoofing Attack Augmentation: Can Differently-Trained Attack Models Improve Generalisation?}, 
  year={2024},
  volume={},
  number={},
  pages={12531-12535},
  keywords={Training;Degradation;Signal processing algorithms;Training data;Signal processing;Acoustics;Speaker recognition;anti-spoofing;deepfake detection;countermeasure;text-to-speech;deep learning},
  doi={10.1109/ICASSP48485.2024.10448016}}



@inproceedings{malacopula2024,
    author={Massimiliano Todisco and Michele Panariello and Xin Wang and Hector Delgado and Kong-Aik Lee and Nicholas Evans},
    title={Malacopula: adversarial automatic speaker verification attacks using a neural-based generalised Hammerstein model},
    booktitle={Proc. ASVspoof Workshop 2024},
    year={2024}
}

@INPROCEEDINGS{advshadow,
  author={Liu, Jiatong and Zhang, Mingcheng and Ke, Jianpeng and Wang, Lina},
  booktitle={ICASSP 2024 - 2024 IEEE International Conference on Acoustics, Speech and Signal Processing (ICASSP)}, 
  title={AdvShadow: Evading DeepFake Detection via Adversarial Shadow Attack}, 
  year={2024},
  volume={},
  number={},
  pages={4640-4644},
  keywords={Training;Deepfakes;Overlay networks;Perturbation methods;Closed box;Lighting;Detectors;DeepFakes;DeepFake detection;transferable adversarial shadows},
  doi={10.1109/ICASSP48485.2024.10448251}}


@inproceedings{wu24c_interspeech,
  title     = {Adapter Learning from Pre-trained Model for Robust Spoof Speech Detection},
  author    = {Haochen Wu and Wu Guo and Shengyu Peng and Zhuhai Li and Jie Zhang},
  year      = {2024},
  booktitle = {Interspeech 2024},
  pages     = {2095--2099},
  doi       = {10.21437/Interspeech.2024-253},
  issn      = {2958-1796},
}

@inproceedings{pan24c_interspeech,
  title     = {Attentive Merging of Hidden Embeddings from Pre-trained Speech Model for Anti-spoofing Detection},
  author    = {Zihan Pan and Tianchi Liu and Hardik B. Sailor and Qiongqiong Wang},
  year      = {2024},
  booktitle = {Interspeech 2024},
  pages     = {2090--2094},
  doi       = {10.21437/Interspeech.2024-1472},
  issn      = {2958-1796},
}


@inproceedings{lu24b_interspeech,
  title     = {Improving Copy-Synthesis Anti-Spoofing Training Method with Rhythm and Speaker Perturbation},
  author    = {Jingze Lu and Yuxiang Zhang and Zhuo Li and Zengqiang Shang and Wenchao Wang and Pengyuan Zhang},
  year      = {2024},
  booktitle = {Interspeech 2024},
  pages     = {512--516},
  doi       = {10.21437/Interspeech.2024-367},
  issn      = {2958-1796},
}

@article{vocoded_df,
 author = {Xin Wang and Junichi Yamagishi},
 journal = {Submitted to the 2024 IEEE International Conference on Acoustics, Speech, and Signal Processing (ICASSP 2024)},
 month = {4},
 title = {Can large-scale vocoded spoofed data improve speech spoofing countermeasure with a self-supervised front end?},
 url = {http://arxiv.org/pdf/2309.06014v1},
 year = {2024}
}


@inproceedings{martindonas24_interspeech,
  title     = {Exploring Self-supervised Embeddings and Synthetic Data Augmentation for Robust Audio Deepfake Detection},
  author    = {Juan M. Martín-Doñas and Aitor Álvarez and Eros Rosello and Angel M. Gomez and Antonio M. Peinado},
  year      = {2024},
  booktitle = {Interspeech 2024},
  pages     = {2085--2089},
  doi       = {10.21437/Interspeech.2024-942},
  issn      = {2958-1796},
}

@inproceedings{tak2022automatic,
  title={Automatic speaker verification spoofing and deepfake detection using wav2vec 2.0 and data augmentation},
  author={Tak, Hemlata and Todisco, Massimiliano and Wang, Xin and Jung, Jee-weon and Yamagishi, Junichi and Evans, Nicholas},
  booktitle={The Speaker and Language Recognition Workshop},
  year={2022}
}



@inproceedings{muller2022interspeech,
  author       = {Nicolas M. M{\"{u}}ller and
                  Pavel Czempin and
                  Franziska Dieckmann and
                  Adam Froghyar and
                  Konstantin B{\"{o}}ttinger},
  title        = {Does Audio Deepfake Detection Generalize?},
  booktitle    = {Interspeech},
  pages        = {2783--2787},
  year         = {2022},
}

@inproceedings{azeemi23_interspeech,
  title     = {Self-Supervised Dataset Pruning for Efficient Training in Audio Anti-spoofing},
  author    = {Abdul Hameed Azeemi and Ihsan Ayyub Qazi and Agha Ali Raza},
  year      = {2023},
  booktitle = {INTERSPEECH 2023},
  pages     = {2773--2777},
  doi       = {10.21437/Interspeech.2023-481},
  issn      = {2958-1796},
}

@INPROCEEDINGS{10447889,
  author={Lai, Yingxin and Yang, Guoqing and He, Yifan and Luo, Zhiming and Li, Shaozi},
  booktitle={ICASSP 2024 - 2024 IEEE International Conference on Acoustics, Speech and Signal Processing (ICASSP)}, 
  title={Selective Domain-Invariant Feature for Generalizable Deepfake Detection}, 
  year={2024},
  volume={},
  number={},
  pages={2335-2339},
  keywords={Training;Deepfakes;Sensitivity;Benchmark testing;Feature extraction;Forgery;Proposals;DeepFake Detection;Domain Adaption},
  doi={10.1109/ICASSP48485.2024.10447889}}


@article{muller2024new,
  title={A New Approach to Voice Authenticity},
  author={M{\"u}ller, Nicolas M and Kawa, Piotr and Hu, Shen and Neu, Matthias and Williams, Jennifer and Sperl, Philip and B{\"o}ttinger, Konstantin},
  journal={arXiv preprint arXiv:2402.06304},
  year={2024}
}


@inproceedings{asvspoof-2019,
  author    = {Massimiliano Todisco and Xin Wang and Ville Vestman and Md. Sahidullah and Héctor Delgado and Andreas Nautsch and Junichi Yamagishi and Nicholas Evans and Tomi H. Kinnunen and Kong Aik Lee},
  title     = {{ASVspoof 2019: Future Horizons in Spoofed and Fake Audio Detection}},
  year      = 2019,
  booktitle = {Proc. Interspeech 2019},
  pages     = {1008--1012},
  doi       = {10.21437/Interspeech.2019-2249}
}

@article{mlaad,
  title={MLAAD: The Multi-Language Audio Anti-Spoofing Dataset},
  author={M{\"u}ller, Nicolas M and Kawa, Piotr and Choong, Wei Herng and Casanova, Edresson and G{\"o}lge, Eren and M{\"u}ller, Thorsten and Syga, Piotr and Sperl, Philip and B{\"o}ttinger, Konstantin},
  journal={International Joint Conference on Neural Networks (IJCNN)},
  year={2024}
}

@inproceedings{xtts,
  title     = {XTTS: a Massively Multilingual Zero-Shot Text-to-Speech Model},
  author    = {Edresson Casanova and Kelly Davis and Eren Gölge and Görkem Göknar and Iulian Gulea and Logan Hart and Aya Aljafari and Joshua Meyer and Reuben Morais and Samuel Olayemi and Julian Weber},
  year      = {2024},
  booktitle = {Interspeech 2024},
  pages     = {4978--4982},
  doi       = {10.21437/Interspeech.2024-2016},
  issn      = {2958-1796},
}

@article{tortoise,
  title={Better speech synthesis through scaling},
  author={Betker, James},
  journal={arXiv preprint arXiv:2305.07243},
  year={2023}
}

@inproceedings{speech-t5,
    title = "{S}peech{T}5: Unified-Modal Encoder-Decoder Pre-Training for Spoken Language Processing",
    author = "Ao, Junyi  and
      Wang, Rui  and
      Zhou, Long  and
      Wang, Chengyi  and
      Ren, Shuo  and
      Wu, Yu  and
      Liu, Shujie  and
      Ko, Tom  and
      Li, Qing  and
      Zhang, Yu  and
      Wei, Zhihua  and
      Qian, Yao  and
      Li, Jinyu  and
      Wei, Furu",
    booktitle = "Proceedings of the 60th Annual Meeting of the Association for Computational Linguistics (Volume 1: Long Papers)",
    month = may,
    year = "2022",
    address = "Dublin, Ireland",
    publisher = "Association for Computational Linguistics",
    url = "https://aclanthology.org/2022.acl-long.393",
    doi = "10.18653/v1/2022.acl-long.393",
    pages = "5723--5738",
}


@article{saha24green,
  author       = {Subhajit Saha and Md. Sahidullah and Swagatam Das},
  title        = {Exploring Green {AI} for Audio Deepfake Detection},
  journal      = {CoRR},
  volume       = {abs/2403.14290},
  year         = {2024},
  doi          = {10.48550/ARXIV.2403.14290},
}

@inproceedings{lcnn,
  title     = {A Comparative Study on Recent Neural Spoofing Countermeasures for Synthetic Speech Detection},
  author    = {Xin Wang and Junichi Yamagishi},
  year      = {2021},
  booktitle = {Interspeech 2021},
  pages     = {4259--4263},
  doi       = {10.21437/Interspeech.2021-702},
  issn      = {2958-1796},
}

@article{rawnet,
  title={RawNet: Advanced end-to-end deep neural network using raw waveforms for text-independent speaker verification},
  author={Jung, Jee-weon and Heo, Hee-soo and Kim, ju-ho and Shim, Hye-jin and Yu, Ha-jin},
  journal={Proc. Interspeech},
  pages={1268--1272},
  year={2019}
}

@INPROCEEDINGS{rawnet-2,
  author={Tak, Hemlata and Patino, Jose and Todisco, Massimiliano and Nautsch, Andreas and Evans, Nicholas and Larcher, Anthony},
  booktitle={IEEE International Conference on Acoustics, Speech and Signal Processing (ICASSP)}, 
  title={End-to-End anti-spoofing with RawNet2}, 
  year={2021},
  pages={6369-6373}
}

@article{negroni2024analyzing,
  title={Analyzing the impact of splicing artifacts in partially fake speech signals},
  author={Negroni, Viola and Salvi, Davide and Bestagini, Paolo and Tubaro, Stefano},
  journal={arXiv preprint arXiv:2408.13784},
  year={2024}
}

@inproceedings{rawgat-st,
  author    = {Hemlata Tak and Jee-weon Jung and Jose Patino and Madhu Kamble and Massimiliano Todisco and Nicholas Evans},
  title     = {{End-to-end spectro-temporal graph attention networks for speaker verification anti-spoofing and speech deepfake detection}},
  year      = 2021,
  booktitle = {Proc. 2021 Edition of the Automatic Speaker Verification and Spoofing Countermeasures Challenge},
  pages     = {1--8},
  doi       = {10.21437/ASVSPOOF.2021-1}
}


@inproceedings{whisper-df,
  author={Piotr Kawa and Marcin Plata and Michał Czuba and Piotr Szymański and Piotr Syga},
  title={{Improved DeepFake Detection Using Whisper Features}},
  year=2023,
  booktitle={Proc. INTERSPEECH 2023},
  pages={4009--4013},
  doi={10.21437/Interspeech.2023-1537}
}


@inproceedings{wav2vec_aasist,
  author    = {Hemlata Tak and Massimiliano Todisco and Xin Wang and Jee-weon Jung and Junichi Yamagishi and Nicholas Evans},
  title     = {{Automatic Speaker Verification Spoofing and Deepfake Detection Using Wav2vec 2.0 and Data Augmentation}},
  year      = 2022,
  booktitle = {Proc. The Speaker and Language Recognition Workshop (Odyssey 2022)},
  pages     = {112--119},
  doi       = {10.21437/Odyssey.2022-16}
}


@inproceedings{aasist,
title = "AASIST: AUDIO ANTI-SPOOFING USING INTEGRATED SPECTRO-TEMPORAL GRAPH ATTENTION NETWORKS",
author = "Jung, {Jee Weon} and Heo, {Hee Soo} and Hemlata Tak and Shim, {Hye Jin} and Chung, {Joon Son} and Lee, {Bong Jin} and Yu, {Ha Jin} and Nicholas Evans",
year = "2022",
doi = "10.1109/ICASSP43922.2022.9747766",
booktitle = "ICASSP, IEEE International Conference on Acoustics, Speech and Signal Processing - Proceedings",
pages = "2405--2409",
}


@inproceedings{raw-pc-darts,
  author={Wanying Ge and Jose Patino and Massimiliano Todisco and Nicholas Evans},
  title={{Raw Differentiable Architecture Search for Speech Deepfake and Spoofing Detection}},
  year=2021,
  booktitle={Proc. 2021 Edition of the Automatic Speaker Verification and Spoofing Countermeasures Challenge},
  pages={22--28},
}

@inproceedings{parrotron,
  author={Fadi Biadsy and Ron J. Weiss and Pedro J. Moreno and Dimitri Kanvesky and Ye Jia},
  title={{Parrotron: An End-to-End Speech-to-Speech Conversion Model and its Applications to Hearing-Impaired Speech and Speech Separation}},
  year=2019,
  booktitle={Proc. Interspeech 2019},
  pages={4115--4119},
  doi={10.21437/Interspeech.2019-1789}
}

@misc{personal-voice,
  author       = {Apple},
  year         = {2023},
  title        = {{Apple introduces new features for cognitive accessibility, along with Live Speech, Personal Voice, and Point and Speak in Magnifier}},
  howpublished = {\url{https://www.apple.com/newsroom/2023/05/apple-previews-live-speech-personal-voice-and-more-new-accessibility-features/}},
  note         = {{Accessed: 17.10.2024}}
}



@inproceedings{whisper,
  title={Robust speech recognition via large-scale weak supervision},
  author={Radford, Alec and Kim, Jong Wook and Xu, Tao and Brockman, Greg and McLeavey, Christine and Sutskever, Ilya},
  booktitle={International conference on machine learning},
  pages={28492--28518},
  year={2023},
  organization={PMLR}
}


@article{wav2vec,
  title={wav2vec 2.0: A framework for self-supervised learning of speech representations},
  author={Baevski, Alexei and Zhou, Yuhao and Mohamed, Abdelrahman and Auli, Michael},
  journal={Advances in neural information processing systems},
  volume={33},
  pages={12449--12460},
  year={2020}
}


@inproceedings{
darts,
title={{DARTS}: Differentiable Architecture Search},
author={Hanxiao Liu and Karen Simonyan and Yiming Yang},
booktitle={International Conference on Learning Representations},
year={2019},
url={https://openreview.net/forum?id=S1eYHoC5FX},
}

@INPROCEEDINGS{ockd,
  author={Lu, Jingze and Zhang, Yuxiang and Wang, Wenchao and Shang, Zengqiang and Zhang, Pengyuan},
  booktitle={ICASSP 2024 - 2024 IEEE International Conference on Acoustics, Speech and Signal Processing (ICASSP)}, 
  title={One-Class Knowledge Distillation for Spoofing Speech Detection}, 
  year={2024},
  doi={10.1109/ICASSP48485.2024.10446270}
}



@INPROCEEDINGS{samo,
  author={Ding, Siwen and Zhang, You and Duan, Zhiyao},
  booktitle={ICASSP 2023 - 2023 IEEE International Conference on Acoustics, Speech and Signal Processing (ICASSP)}, 
  title={SAMO: Speaker Attractor Multi-Center One-Class Learning For Voice Anti-Spoofing}, 
  year={2023},
  volume={},
  number={},
  pages={1-5},
  doi={10.1109/ICASSP49357.2023.10094704}
}

@inproceedings{in-the-wild,
  title     = {Does Audio Deepfake Detection Generalize?},
  author    = {Nicolas Müller and Pavel Czempin and Franziska Diekmann and Adam Froghyar and Konstantin Böttinger},
  year      = {2022},
  booktitle = {Interspeech 2022},
  pages     = {2783--2787},
  doi       = {10.21437/Interspeech.2022-108},
  issn      = {2958-1796},
}

@inproceedings{aad,
  title     = {Attack Agnostic Dataset: Towards Generalization and Stabilization of Audio DeepFake Detection},
  author    = {Piotr Kawa and Marcin Plata and Piotr Syga},
  year      = {2022},
  booktitle = {Interspeech 2022},
  pages     = {4023--4027},
  doi       = {10.21437/Interspeech.2022-10078},
  issn      = {2958-1796},
}


@inproceedings{complex-net,
  title     = {Complex-valued neural networks for voice anti-spoofing},
  author    = {Nicolas M. Müller and Philip Sperl and Konstantin Böttinger},
  year      = {2023},
  booktitle = {INTERSPEECH 2023},
  pages     = {3814--3818},
  doi       = {10.21437/Interspeech.2023-901},
  issn      = {2958-1796},
}

@inproceedings{resnet-df,
  title     = {Deep Residual Neural Networks for Audio Spoofing Detection},
  author    = {Moustafa Alzantot and Ziqi Wang and Mani B. Srivastava},
  year      = {2019},
  booktitle = {Interspeech 2019},
  pages     = {1078--1082},
  doi       = {10.21437/Interspeech.2019-3174},
  issn      = {2958-1796},
}





%%%%%%%%% ADD
@inproceedings{add2022,
  title        = {Add 2022: the first audio deep synthesis detection challenge},
  author       = {Yi, Jiangyan and Fu, Ruibo and Tao, Jianhua and Nie, Shuai and Ma, Haoxin and Wang, Chenglong and Wang, Tao and Tian, Zhengkun and Bai, Ye and Fan, Cunhang and others},
  booktitle    = {ICASSP 2022-2022 IEEE International Conference on Acoustics, Speech and Signal Processing (ICASSP)},
  pages        = {9216--9220},
  year         = {2022},
  organization = {IEEE}
}


@article{add2023,
  title   = {ADD 2023: the Second Audio Deepfake Detection Challenge},
  author  = {Yi, Jiangyan and Tao, Jianhua and Fu, Ruibo and Yan, Xinrui and Wang, Chenglong and Wang, Tao and Zhang, Chu Yuan and Zhang, Xiaohui and Zhao, Yan and Ren, Yong and others},
  journal = {IJCAI 2023 Workshop on Deepfake Audio Detection (DADA 2023)},
  year    = {2023}
}

@inproceedings{kingma2015,
  author       = {Diederik P. Kingma and
                  Jimmy Ba},
  editor       = {Yoshua Bengio and
                  Yann LeCun},
  title        = {Adam: {A} Method for Stochastic Optimization},
  booktitle    = {3rd International Conference on Learning Representations, {ICLR} 2015,
                  San Diego, CA, USA, May 7-9, 2015, Conference Track Proceedings},
  year         = {2015},
  url          = {http://arxiv.org/abs/1412.6980},
  timestamp    = {Thu, 25 Jul 2019 14:25:37 +0200},
  biburl       = {https://dblp.org/rec/journals/corr/KingmaB14.bib},
  bibsource    = {dblp computer science bibliography, https://dblp.org}
}


@misc{ste,
author = {},
title = {X},
howpublished = {\url{https://x.com/chai_ste/status/1757717290865283282}},
month = {},
year = {},
note = {(Accessed: 16.10.2024)}
}

@misc{zel_fake,
author = {},
title = {A deepfake video showing Volodymyr Zelenskyy surrendering worries experts : NPR},
howpublished = {\url{https://www.npr.org/2022/03/16/1087062648/deepfake-video-zelenskyy-experts-war-manipulation-ukraine-russia}},
month = {},
year = {},
note = {(Accessed: 16.10.2024)}
}


@misc{deepfake_fraud,
author = {},
title = {A Voice Deepfake Was Used To Scam A CEO Out Of \$243,000},
howpublished = {\url{https://www.forbes.com/sites/jessedamiani/2019/09/03/a-voice-deepfake-was-used-to-scam-a-ceo-out-of-243000/}},
month = {},
year = {},
note = {(Accessed: 16.10.2024)}
}

@misc{df_taylor,
author = {},
title = {Explicit AI-Generated Images of Taylor Swift Circulate; Can She Sue for Defamation?},
howpublished = {\url{https://www.scbc-law.org/post/explicit-ai-generated-images-of-taylor-swift-circulate-can-she-sue-for-defamation}},
month = {},
year = {},
note = {(Accessed: 16.10.2024)}
}

@misc{deepfake_fraud2,
author = {},
title = {Finance worker pays out \$25 million after video call with deepfake ‘chief financial officer’ | CNN},
howpublished = {\url{https://edition.cnn.com/2024/02/04/asia/deepfake-cfo-scam-hong-kong-intl-hnk/index.html}},
month = {},
year = {},
note = {(Accessed: 16.10.2024)}
}

@misc{deep_misinfo,
author = {},
title = {How Deepfake Videos Are Used to Spread Disinformation - The New York Times},
howpublished = {\url{https://www.nytimes.com/2023/02/07/technology/artificial-intelligence-training-deepfake.html}},
month = {},
year = {},
note = {(Accessed: 16.10.2024)}
}

@misc{dfporn,
author = {},
title = {Opinion | Deepfake Porn Sites Used Her Image. She’s Fighting Back. - The New York Times},
howpublished = {\url{https://www.nytimes.com/2024/04/08/opinion/deepfake-porn-tech.html}},
month = {},
year = {},
note = {(Accessed: 16.10.2024)}
}


@misc{deepfake_stock,
author = {},
title = {{NSE CEO deepfake: NSE urges caution after fake videos of CEO Ashish Chauhan recommending stocks go viral - The Economic Times}},
howpublished = {\url{https://economictimes.indiatimes.com/markets/stocks/news/beware-of-deepfake-of-ceo-recommending-stocks-says-nse/articleshow/109189329.cms?from=mdr}},
month = {},
year = {},
note = {(Accessed: 16.10.2024)}
}



@inproceedings{esc-50,
  title = {{ESC}: {Dataset} for {Environmental Sound Classification}},
  author = {Piczak, Karol J.},
  booktitle = {Proceedings of the 23rd {Annual ACM Conference} on {Multimedia}},
  date = {2015-10-13},
  year = 2015,
  url = {http://dl.acm.org/citation.cfm?doid=2733373.2806390},
  doi = {10.1145/2733373.2806390},
  location = {{Brisbane, Australia}},
  isbn = {978-1-4503-3459-4},
  publisher = {{ACM Press}},
  pages = {1015--1018}
}


@misc{musan,
  author = {David Snyder and Guoguo Chen and Daniel Povey},
  title = {{MUSAN}: {A} {M}usic, {S}peech, and {N}oise {C}orpus},
  year = {2015},
  eprint = {1510.08484},
  note = {arXiv:1510.08484v1}
}


@inproceedings{librosa,
  title={librosa: Audio and music signal analysis in python.},
  author={McFee, Brian and Raffel, Colin and Liang, Dawen and Ellis, Daniel PW and McVicar, Matt and Battenberg, Eric and Nieto, Oriol},
  booktitle={SciPy},
  pages={18--24},
  year={2015}
}

@misc{pydub,
  author = {James Robert},
  title = {Pydub},
  year = {2024},
  howpublished = {\url{https://github.com/jiaaro/pydub}},
  note         = {Accessed: 10.10.2024}

}

@misc{free-music-archive,
  author       = {Free Music Archive},
  year         = {2024},
  title        = {Free Music Archive - Instrumental},
  howpublished = {\url{https://freemusicarchive.org/genre/Instrumental/}},
  note         = {Accessed: 10.10.2024}
}


@misc{autotune-software,
  author = {Wilczek, Jan},
  title = {Simple Auto-Tune in Python},
  year = {2023},
  howpublished = {\url{https://github.com/JanWilczek/python-auto-tune}},
  note = {Accessed: 10.10.2024}
}

@inproceedings{sinc-net,
  title        = {Speaker recognition from raw waveform with sincnet},
  author       = {Ravanelli, Mirco and Bengio, Yoshua},
  booktitle    = {2018 IEEE spoken language technology workshop (SLT)},
  pages        = {1021--1028},
  year         = {2018},
  organization = {IEEE}
}


@article{gru,
  title   = {{Empirical evaluation of gated recurrent neural networks on sequence modeling}},
  author  = {Chung, Junyoung and Gulcehre, Caglar and Cho, KyungHyun and Bengio, Yoshua},
  journal = {arXiv preprint arXiv:1412.3555},
  year    = {2014}
}


@inproceedings{mesonet,
  author    = {Afchar, Darius and Nozick, Vincent and Yamagishi, Junichi and Echizen, Isao},
  booktitle = {2018 IEEE International Workshop on Information Forensics and Security (WIFS)},
  title     = {{MesoNet: a Compact Facial Video Forgery Detection Network}},
  year      = {2018},
  volume    = {},
  number    = {},
  pages     = {1-7},
  doi       = {10.1109/WIFS.2018.8630761}
}

@inproceedings{rawboost,
  title={Rawboost: A raw data boosting and augmentation method applied to automatic speaker verification anti-spoofing},
  author={Tak, Hemlata and Kamble, Madhu and Patino, Jose and Todisco, Massimiliano and Evans, Nicholas},
  booktitle={ICASSP 2022-2022 IEEE International Conference on Acoustics, Speech and Signal Processing (ICASSP)},
  pages={6382--6386},
  year={2022},
  organization={IEEE}
}

@inproceedings{lfcc-vs-mfcc,
  title        = {Linear versus mel frequency cepstral coefficients for speaker recognition},
  author       = {Zhou, Xinhui and Garcia-Romero, Daniel and Duraiswami, Ramani and Espy-Wilson, Carol and Shamma, Shihab},
  booktitle    = {2011 IEEE workshop on automatic speech recognition \& understanding},
  pages        = {559--564},
  year         = {2011},
  organization = {IEEE}
}
