@ARTICLE{10224301,
  author={Zhang, Yuxiang and Li, Zhuo and Lu, Jingze and Hua, Hua and Wang, Wenchao and Zhang, Pengyuan},
  journal={IEEE/ACM Transactions on Audio, Speech, and Language Processing}, 
  title={The Impact of Silence on Speech Anti-Spoofing}, 
  year={2023},
  volume={31},
  number={},
  pages={3374-3389},
  keywords={Speech processing;Voice activity detection;Robustness;Training;Recurrent neural networks;Partitioning algorithms;Convolutional neural networks;Anti-spoofing;content of silence;proportion fo silence duration;visual explanations;speech synthesis},
  doi={10.1109/TASLP.2023.3306711}}

@INPROCEEDINGS{10448016,
  author={Ge, Wanying and Wang, Xin and Yamagishi, Junichi and Todisco, Massimiliano and Evans, Nicholas},
  booktitle={ICASSP 2024 - 2024 IEEE International Conference on Acoustics, Speech and Signal Processing (ICASSP)}, 
  title={Spoofing Attack Augmentation: Can Differently-Trained Attack Models Improve Generalisation?}, 
  year={2024},
  volume={},
  number={},
  pages={12531-12535},
  keywords={Training;Degradation;Signal processing algorithms;Training data;Signal processing;Acoustics;Speaker recognition;anti-spoofing;deepfake detection;countermeasure;text-to-speech;deep learning},
  doi={10.1109/ICASSP48485.2024.10448016}}

@ARTICLE{10557138,
  author={Wang, Li and Yu, Lingyun and Zhang, Yongdong and Xie, Hongtao},
  journal={IEEE/ACM Transactions on Audio, Speech, and Language Processing}, 
  title={Generalizable Speech Spoofing Detection Against Silence Trimming With Data Augmentation and Multi-Task Meta-Learning}, 
  year={2024},
  volume={32},
  number={},
  pages={3296-3310},
  keywords={Forgery;Metalearning;Interference;Training;Feature extraction;Data augmentation;Speech enhancement;ASVspoof;anti-spoofing;silence attacks;silence trimming;meta-learning;data augmentation},
  doi={10.1109/TASLP.2024.3414340}}

@INPROCEEDINGS{9023158,
  author={Cheng, Xingliang and Xu, Mingxing and Zheng, Thomas Fang},
  booktitle={2019 Asia-Pacific Signal and Information Processing Association Annual Summit and Conference (APSIPA ASC)}, 
  title={Replay detection using CQT-based modified group delay feature and ResNeWt network in ASVspoof 2019}, 
  year={2019},
  volume={},
  number={},
  pages={540-545},
  keywords={Feature extraction;Delays;Spectrogram;Time-frequency analysis;Transforms;Distortion;Databases},
  doi={10.1109/APSIPAASC47483.2019.9023158}}

@article{Mller2021SpeechIS,
  title={Speech is Silver, Silence is Golden: What do ASVspoof-trained Models Really Learn?},
  author={Nicolas Michael M{\"u}ller and Franziska Dieckmann and Pavel Czempin and Roman Canals and Konstantin B{\"o}ttinger},
  journal={ArXiv},
  year={2021},
  volume={abs/2106.12914},
  url={https://api.semanticscholar.org/CorpusID:235624055}
}

@inproceedings{aasist,
title = "AASIST: AUDIO ANTI-SPOOFING USING INTEGRATED SPECTRO-TEMPORAL GRAPH ATTENTION NETWORKS",
author = "Jung, {Jee Weon} and Heo, {Hee Soo} and Hemlata Tak and Shim, {Hye Jin} and Chung, {Joon Son} and Lee, {Bong Jin} and Yu, {Ha Jin} and Nicholas Evans",
year = "2022",
doi = "10.1109/ICASSP43922.2022.9747766",
booktitle = "ICASSP, IEEE International Conference on Acoustics, Speech and Signal Processing - Proceedings",
pages = "2405--2409",
}

@article{add2023,
  title   = {ADD 2023: the Second Audio Deepfake Detection Challenge},
  author  = {Yi, Jiangyan and Tao, Jianhua and Fu, Ruibo and Yan, Xinrui and Wang, Chenglong and Wang, Tao and Zhang, Chu Yuan and Zhang, Xiaohui and Zhao, Yan and Ren, Yong and others},
  journal = {IJCAI 2023 Workshop on Deepfake Audio Detection (DADA 2023)},
  year    = {2023}
}

@INPROCEEDINGS{advshadow,
  author={Liu, Jiatong and Zhang, Mingcheng and Ke, Jianpeng and Wang, Lina},
  booktitle={ICASSP 2024 - 2024 IEEE International Conference on Acoustics, Speech and Signal Processing (ICASSP)}, 
  title={AdvShadow: Evading DeepFake Detection via Adversarial Shadow Attack}, 
  year={2024},
  volume={},
  number={},
  pages={4640-4644},
  keywords={Training;Deepfakes;Overlay networks;Perturbation methods;Closed box;Lighting;Detectors;DeepFakes;DeepFake detection;transferable adversarial shadows},
  doi={10.1109/ICASSP48485.2024.10448251}}

@inproceedings{asvpaper24,
  title = {{ASVspoof 5}: {Crowdsourced} Speech Data, Deepfakes, and Adversarial Attacks at Scale},
  booktitle = {ASVspoof Workshop 2024 (accepted)},
  author = {Wang, Xin and Delgado, H{\'e}ctor and Tak, Hemlata and Jung, Jee-weon and Shim, Hye-jin and Todisco, Massimiliano and Kukanov, Ivan and Liu, Xuechen and Sahidullah, Md and Kinnunen, Tomi and Evans, Nicholas and Lee, Kong Aik and Yamagishi, Junichi},
  year = {2024}
}

@inproceedings{azeemi23_interspeech,
  title     = {Self-Supervised Dataset Pruning for Efficient Training in Audio Anti-spoofing},
  author    = {Abdul Hameed Azeemi and Ihsan Ayyub Qazi and Agha Ali Raza},
  year      = {2023},
  booktitle = {INTERSPEECH 2023},
  pages     = {2773--2777},
  doi       = {10.21437/Interspeech.2023-481},
  issn      = {2958-1796},
}

@misc{eleven-labs,
  author       = {{Eleven Labs}},
  year         = {2024},
  title        = {{Create a replica of your voice that sounds just like you}},
  howpublished = {\url{https://elevenlabs.io/voice-cloning}},
  note         = {{Accessed: 17.10.2024}}
}

@inproceedings{lcnn,
  title     = {A Comparative Study on Recent Neural Spoofing Countermeasures for Synthetic Speech Detection},
  author    = {Xin Wang and Junichi Yamagishi},
  year      = {2021},
  booktitle = {Interspeech 2021},
  pages     = {4259--4263},
  doi       = {10.21437/Interspeech.2021-702},
  issn      = {2958-1796},
}

@inproceedings{lu24b_interspeech,
  title     = {Improving Copy-Synthesis Anti-Spoofing Training Method with Rhythm and Speaker Perturbation},
  author    = {Jingze Lu and Yuxiang Zhang and Zhuo Li and Zengqiang Shang and Wenchao Wang and Pengyuan Zhang},
  year      = {2024},
  booktitle = {Interspeech 2024},
  pages     = {512--516},
  doi       = {10.21437/Interspeech.2024-367},
  issn      = {2958-1796},
}

@inproceedings{malacopula2024,
    author={Massimiliano Todisco and Michele Panariello and Xin Wang and Hector Delgado and Kong-Aik Lee and Nicholas Evans},
    title={Malacopula: adversarial automatic speaker verification attacks using a neural-based generalised Hammerstein model},
    booktitle={Proc. ASVspoof Workshop 2024},
    year={2024}
}

@inproceedings{martindonas24_interspeech,
  title     = {Exploring Self-supervised Embeddings and Synthetic Data Augmentation for Robust Audio Deepfake Detection},
  author    = {Juan M. Martín-Doñas and Aitor Álvarez and Eros Rosello and Angel M. Gomez and Antonio M. Peinado},
  year      = {2024},
  booktitle = {Interspeech 2024},
  pages     = {2085--2089},
  doi       = {10.21437/Interspeech.2024-942},
  issn      = {2958-1796},
}

@inproceedings{muller2022interspeech,
  author       = {Nicolas M. M{\"{u}}ller and
                  Pavel Czempin and
                  Franziska Dieckmann and
                  Adam Froghyar and
                  Konstantin B{\"{o}}ttinger},
  title        = {Does Audio Deepfake Detection Generalize?},
  booktitle    = {Interspeech},
  pages        = {2783--2787},
  year         = {2022},
}

@article{negroni2024analyzing,
  title={Analyzing the impact of splicing artifacts in partially fake speech signals},
  author={Negroni, Viola and Salvi, Davide and Bestagini, Paolo and Tubaro, Stefano},
  journal={arXiv preprint arXiv:2408.13784},
  year={2024}
}

@inproceedings{panariello23b_interspeech,
  title     = {Malafide: a novel adversarial convolutive noise attack against deepfake and spoofing detection systems},
  author    = {Michele Panariello and Wanying Ge and Hemlata Tak and Massimiliano Todisco and Nicholas Evans},
  year      = {2023},
  booktitle = {INTERSPEECH 2023},
  pages     = {2868--2872},
  doi       = {10.21437/Interspeech.2023-703},
  issn      = {2958-1796},
}

@inproceedings{pascu24_interspeech,
  title     = {Towards generalisable and calibrated audio deepfake detection with self-supervised representations},
  author    = {Octavian Pascu and Adriana Stan and Dan Oneata and Elisabeta Oneata and Horia Cucu},
  year      = {2024},
  booktitle = {Interspeech 2024},
  pages     = {4828--4832},
  doi       = {10.21437/Interspeech.2024-1302},
  issn      = {2958-1796},
}

@inproceedings{raw-pc-darts,
  author={Wanying Ge and Jose Patino and Massimiliano Todisco and Nicholas Evans},
  title={{Raw Differentiable Architecture Search for Speech Deepfake and Spoofing Detection}},
  year=2021,
  booktitle={Proc. 2021 Edition of the Automatic Speaker Verification and Spoofing Countermeasures Challenge},
  pages={22--28},
}

@inproceedings{rawboost,
  title={Rawboost: A raw data boosting and augmentation method applied to automatic speaker verification anti-spoofing},
  author={Tak, Hemlata and Kamble, Madhu and Patino, Jose and Todisco, Massimiliano and Evans, Nicholas},
  booktitle={ICASSP 2022-2022 IEEE International Conference on Acoustics, Speech and Signal Processing (ICASSP)},
  pages={6382--6386},
  year={2022},
  organization={IEEE}
}

@article{rawnet,
  title={RawNet: Advanced end-to-end deep neural network using raw waveforms for text-independent speaker verification},
  author={Jung, Jee-weon and Heo, Hee-soo and Kim, ju-ho and Shim, Hye-jin and Yu, Ha-jin},
  journal={Proc. Interspeech},
  pages={1268--1272},
  year={2019}
}

@INPROCEEDINGS{rawnet-2,
  author={Tak, Hemlata and Patino, Jose and Todisco, Massimiliano and Nautsch, Andreas and Evans, Nicholas and Larcher, Anthony},
  booktitle={IEEE International Conference on Acoustics, Speech and Signal Processing (ICASSP)}, 
  title={End-to-End anti-spoofing with RawNet2}, 
  year={2021},
  pages={6369-6373}
}

@misc{resemble-ai,
  author  = {{Resemble AI}},
  year    = {2024},
  title   = {{AI Voice Cloning: Clone your Voice in Seconds}},
howpublished = {\url{https://www.resemble.ai/voice-cloning/}},
  note    = {{Accessed: 17.10.2024}}
}

@misc{respeecher,
  author  = {{Respeecher}},
  year    = {2024},
  title   = {{AI Voice Cloning}},
  howpublished = {\url{https://www.respeecher.com/ai-voice-cloning}},
  note    = {{Accessed: 17.10.2024}}
}

@article{saha24green,
  author       = {Subhajit Saha and Md. Sahidullah and Swagatam Das},
  title        = {Exploring Green {AI} for Audio Deepfake Detection},
  journal      = {CoRR},
  volume       = {abs/2403.14290},
  year         = {2024},
  doi          = {10.48550/ARXIV.2403.14290},
}

@inproceedings{tak2022automatic,
  title={Automatic speaker verification spoofing and deepfake detection using wav2vec 2.0 and data augmentation},
  author={Tak, Hemlata and Todisco, Massimiliano and Wang, Xin and Jung, Jee-weon and Yamagishi, Junichi and Evans, Nicholas},
  booktitle={The Speaker and Language Recognition Workshop},
  year={2022}
}

@inproceedings{tomilov21_asvspoof,
  title     = {STC Antispoofing Systems for the ASVspoof2021 Challenge},
  author    = {Anton Tomilov and Aleksei Svishchev and Marina Volkova and Artem Chirkovskiy and Alexander Kondratev and Galina Lavrentyeva},
  year      = {2021},
  booktitle = {2021 Edition of the Automatic Speaker Verification and Spoofing Countermeasures Challenge},
  pages     = {61--67},
  doi       = {10.21437/ASVSPOOF.2021-10},
}

@article{vocoded_df,
 author = {Xin Wang and Junichi Yamagishi},
 journal = {Submitted to the 2024 IEEE International Conference on Acoustics, Speech, and Signal Processing (ICASSP 2024)},
 month = {4},
 title = {Can large-scale vocoded spoofed data improve speech spoofing countermeasure with a self-supervised front end?},
 url = {http://arxiv.org/pdf/2309.06014v1},
 year = {2024}
}

@inproceedings{wav2vec_aasist,
  author    = {Hemlata Tak and Massimiliano Todisco and Xin Wang and Jee-weon Jung and Junichi Yamagishi and Nicholas Evans},
  title     = {{Automatic Speaker Verification Spoofing and Deepfake Detection Using Wav2vec 2.0 and Data Augmentation}},
  year      = 2022,
  booktitle = {Proc. The Speaker and Language Recognition Workshop (Odyssey 2022)},
  pages     = {112--119},
  doi       = {10.21437/Odyssey.2022-16}
}

@inproceedings{whisper-df,
  author={Piotr Kawa and Marcin Plata and Michał Czuba and Piotr Szymański and Piotr Syga},
  title={{Improved DeepFake Detection Using Whisper Features}},
  year=2023,
  booktitle={Proc. INTERSPEECH 2023},
  pages={4009--4013},
  doi={10.21437/Interspeech.2023-1537}
}

@inproceedings{wu12c_interspeech,
  title     = {Detecting converted speech and natural speech for anti-spoofing attack in speaker recognition},
  author    = {Zhizheng Wu and Eng Siong Chng and Haizhou Li},
  year      = {2012},
  booktitle = {Interspeech 2012},
  pages     = {1700--1703},
  doi       = {10.21437/Interspeech.2012-465},
  issn      = {2958-1796},
}

@inproceedings{wu24c_interspeech,
  title     = {Adapter Learning from Pre-trained Model for Robust Spoof Speech Detection},
  author    = {Haochen Wu and Wu Guo and Shengyu Peng and Zhuhai Li and Jie Zhang},
  year      = {2024},
  booktitle = {Interspeech 2024},
  pages     = {2095--2099},
  doi       = {10.21437/Interspeech.2024-253},
  issn      = {2958-1796},
}

