@article{davies2024multiscale,
  title={A multiscale framework for capturing oscillation dynamics of autonomous vehicles in data-driven car-following models},
  author={Davies, Rowan and Haitao, He and Fang, Hui},
  journal={IEEE Transactions on Intelligent Transportation Systems},
  year={2024},
  publisher={IEEE}
}

@article{geng2023physics,
  title={A physics-informed Transformer model for vehicle trajectory prediction on highways},
  author={Geng, Maosi and Li, Junyi and Xia, Yingji and Chen, Xiqun Michael},
  journal={Transportation research part C: emerging technologies},
  volume={154},
  pages={104272},
  year={2023},
  publisher={Elsevier}
}

@article{jiang2024generic,
  title={A generic stochastic hybrid car-following model based on approximate Bayesian computation},
  author={Jiang, Jiwan and Zhou, Yang and Wang, Xin and Ahn, Soyoung},
  journal={Transportation Research Part C: Emerging Technologies},
  volume={167},
  pages={104799},
  year={2024},
  publisher={Elsevier}
}

@article{liao2024modelling,
  title={Modelling personalised car-following behaviour: a memory-based deep reinforcement learning approach},
  author={Liao, Yaping and Yu, Guizhen and Chen, Peng and Zhou, Bin and Li, Han},
  journal={Transportmetrica A: transport science},
  volume={20},
  number={1},
  pages={2035846},
  year={2024},
  publisher={Taylor \& Francis}
}

@article{lin2020platoon,
  title={Platoon trajectories generation: A unidirectional interconnected LSTM-based car-following model},
  author={Lin, Yangxin and Wang, Ping and Zhou, Yang and Ding, Fan and Wang, Chen and Tan, Huachun},
  journal={IEEE Transactions on Intelligent Transportation Systems},
  volume={23},
  number={3},
  pages={2071--2081},
  year={2020},
  publisher={IEEE}
}

@article{lin2024enhancing,
  title={Enhancing State Representation in Multi-Agent Reinforcement Learning for Platoon-Following Models},
  author={Lin, Hongyi and Lyu, Cheng and He, Yixu and Liu, Yang and Gao, Kun and Qu, Xiaobo},
  journal={IEEE Transactions on Vehicular Technology},
  year={2024},
  publisher={IEEE}
}

@article{liu2023quantile,
  title={A quantile-regression physics-informed deep learning for car-following model},
  author={Liu, Jiaxin and Jiang, Rui and Zhao, Jiandong and Shen, Wei},
  journal={Transportation research part C: emerging technologies},
  volume={154},
  pages={104275},
  year={2023},
  publisher={Elsevier}
}

@article{ma2020sequence,
  title={A sequence to sequence learning based car-following model for multi-step predictions considering reaction delay},
  author={Ma, Lijing and Qu, Shiru},
  journal={Transportation research part C: emerging technologies},
  volume={120},
  pages={102785},
  year={2020},
  publisher={Elsevier}
}

@article{mo2021physics,
  title={A physics-informed deep learning paradigm for car-following models},
  author={Mo, Zhaobin and Shi, Rongye and Di, Xuan},
  journal={Transportation research part C: emerging technologies},
  volume={130},
  pages={103240},
  year={2021},
  publisher={Elsevier}
}

@article{ngoduy2019langevin,
  title={Langevin method for a continuous stochastic car-following model and its stability conditions},
  author={Ngoduy, D and Lee, S and Treiber, M and Keyvan-Ekbatani, M and Vu, HL},
  journal={Transportation Research Part C: Emerging Technologies},
  volume={105},
  pages={599--610},
  year={2019},
  publisher={Elsevier}
}

@article{tian2024physically,
  title={Physically Analyzable AI-Based Nonlinear Platoon Dynamics Modeling During Traffic Oscillation: A Koopman Approach},
  author={Tian, Kexin and Shi, Haotian and Zhou, Yang and Li, Sixu},
  journal={arXiv preprint arXiv:2406.14696},
  year={2024}
}

@article{treiber2000congested,
  title={Congested traffic states in empirical observations and microscopic simulations},
  author={Treiber, Martin and Hennecke, Ansgar and Helbing, Dirk},
  journal={Physical review E},
  volume={62},
  number={2},
  pages={1805},
  year={2000},
  publisher={APS}
}

@article{wang2022stability,
  title={Stability analysis of heterogeneous traffic flow influenced by memory feedback control signal},
  author={Wang, Ting and Cheng, Rongjun and Wu, Yong},
  journal={Applied Mathematical Modelling},
  volume={109},
  pages={693--708},
  year={2022},
  publisher={Elsevier}
}

@article{zhao2005new,
  title={A new car-following model: full velocity and acceleration difference model},
  author={Zhao, Xiao-Mei and Gao, Zi-You},
  journal={The European Physical Journal B-Condensed Matter and Complex Systems},
  volume={47},
  pages={145--150},
  year={2005},
  publisher={Springer}
}

