
@article{li2023modified,
  title={Modified DDPG car-following model with a real-world human driving experience with CARLA simulator},
  author={Li, Dianzhao and Okhrin, Ostap},
  journal={Transportation research part C: emerging technologies},
  volume={147},
  pages={103987},
  year={2023},
  publisher={Elsevier}
}

@article{bando1995dynamical,
  title={Dynamical model of traffic congestion and numerical simulation},
  author={Bando, Masako and Hasebe, Katsuya and Nakayama, Akihiro and Shibata, Akihiro and Sugiyama, Yuki},
  journal={Physical review E},
  volume={51},
  number={2},
  pages={1035},
  year={1995},
  publisher={APS}
}
@article{pipes1953operational,
  title={An operational analysis of traffic dynamics},
  author={Pipes, Louis A},
  journal={Journal of applied physics},
  volume={24},
  number={3},
  pages={274--281},
  year={1953},
  publisher={American Institute of Physics}
}

@article{newell1961nonlinear,
  title={Nonlinear effects in the dynamics of car following},
  author={Newell, Gordon Frank},
  journal={Operations research},
  volume={9},
  number={2},
  pages={209--229},
  year={1961},
  publisher={Informs}
}

@article{zhao2005new,
  title={A new car-following model: full velocity and acceleration difference model},
  author={Zhao, Xiao-Mei and Gao, Zi-You},
  journal={The European Physical Journal B-Condensed Matter and Complex Systems},
  volume={47},
  pages={145--150},
  year={2005},
  publisher={Springer}
}

@article{treiber2000congested,
  title={Congested traffic states in empirical observations and microscopic simulations},
  author={Treiber, Martin and Hennecke, Ansgar and Helbing, Dirk},
  journal={Physical review E},
  volume={62},
  number={2},
  pages={1805},
  year={2000},
  publisher={APS}
}

@article{karniadakis2021physics,
  title={Physics-informed machine learning},
  author={Karniadakis, George Em and Kevrekidis, Ioannis G and Lu, Lu and Perdikaris, Paris and Wang, Sifan and Yang, Liu},
  journal={Nature Reviews Physics},
  volume={3},
  number={6},
  pages={422--440},
  year={2021},
  publisher={Nature Publishing Group}
}


@article{mo2021physics,
  title={A physics-informed deep learning paradigm for car-following models},
  author={Mo, Zhaobin and Shi, Rongye and Di, Xuan},
  journal={Transportation research part C: emerging technologies},
  volume={130},
  pages={103240},
  year={2021},
  publisher={Elsevier}
}

@article{liu2023quantile,
  title={A quantile-regression physics-informed deep learning for car-following model},
  author={Liu, Jiaxin and Jiang, Rui and Zhao, Jiandong and Shen, Wei},
  journal={Transportation research part C: emerging technologies},
  volume={154},
  pages={104275},
  year={2023},
  publisher={Elsevier}
}
@article{ngoduy2019langevin,
  title={Langevin method for a continuous stochastic car-following model and its stability conditions},
  author={Ngoduy, D and Lee, S and Treiber, M and Keyvan-Ekbatani, M and Vu, HL},
  journal={Transportation Research Part C: Emerging Technologies},
  volume={105},
  pages={599--610},
  year={2019},
  publisher={Elsevier}
}
@article{li2011characterization,
  title={Characterization of traffic oscillation propagation under nonlinear car-following laws},
  author={Li, Xiaopeng and Ouyang, Yanfeng},
  journal={Procedia-Social and Behavioral Sciences},
  volume={17},
  pages={663--682},
  year={2011},
  publisher={Elsevier}
}

@article{xu2024sequence,
  title={A Sequence-to-Sequence Car-Following Model for Addressing Driver Reaction Delay and Cumulative Error in Multi-Step Prediction},
  author={Xu, Nan and Chen, Chaoyi and Zhang, Yao and Wang, Jiawei and Liu, Qiao and Guo, Chong},
  journal={IEEE Transactions on Intelligent Transportation Systems},
  year={2024},
  publisher={IEEE}
}

@article{yu2024theory,
  title={Theory-data dual driven car following model in traffic flow mixed of AVs and HDVs},
  author={Yu, Zhixin and Zhao, Jiandong and Jiang, Rui and Shen, Jin and Wu, Di and Zheng, Shiteng},
  journal={Transportation Research Part C: Emerging Technologies},
  volume={165},
  pages={104747},
  year={2024},
  publisher={Elsevier}
}

@article{ngoduy2021noise,
  title={Noise-induced instability of a class of stochastic higher order continuum traffic models},
  author={Ngoduy, D},
  journal={Transportation Research Part B: Methodological},
  volume={150},
  pages={260--278},
  year={2021},
  publisher={Elsevier}
}

@article{zhou2023data,
  title={Data-driven analysis for disturbance amplification in car-following behavior of automated vehicles},
  author={Zhou, Yang and Zhong, Xinzhi and Chen, Qian and Ahn, Soyoung and Jiang, Jiwan and Jafarsalehi, Ghazaleh},
  journal={Transportation research part B: methodological},
  volume={174},
  pages={102768},
  year={2023},
  publisher={Elsevier}
}


@article{davies2024multiscale,
  title={A multiscale framework for capturing oscillation dynamics of autonomous vehicles in data-driven car-following models},
  author={Davies, Rowan and Haitao, He and Fang, Hui},
  journal={IEEE Transactions on Intelligent Transportation Systems},
  year={2024},
  publisher={IEEE}
}

@article{wang2024pi,
  title={Pi-STGnet: Physics-integrated spatiotemporal graph neural network with fundamental diagram learner for highway traffic flow prediction},
  author={Wang, Ting and Ngoduy, Dong and Zou, Guojian and Dantsuji, Takao and Liu, Zongshi and Li, Ye},
  journal={Expert Systems with Applications},
  pages={125144},
  year={2024},
  publisher={Elsevier}
}

@article{zou2024mt,
  title={MT-STNet: A Novel Multi-Task Spatiotemporal Network for Highway Traffic Flow Prediction},
  author={Zou, Guojian and Lai, Ziliang and Wang, Ting and Liu, Zongshi and Li, Ye},
  journal={IEEE Transactions on Intelligent Transportation Systems},
  year={2024},
  publisher={IEEE}
}

@article{geng2023physics,
  title={A physics-informed Transformer model for vehicle trajectory prediction on highways},
  author={Geng, Maosi and Li, Junyi and Xia, Yingji and Chen, Xiqun Michael},
  journal={Transportation research part C: emerging technologies},
  volume={154},
  pages={104272},
  year={2023},
  publisher={Elsevier}
}

@article{tian2024physically,
  title={Physically Analyzable AI-Based Nonlinear Platoon Dynamics Modeling During Traffic Oscillation: A Koopman Approach},
  author={Tian, Kexin and Shi, Haotian and Zhou, Yang and Li, Sixu},
  journal={arXiv preprint arXiv:2406.14696},
  year={2024}
}

@article{feng2023dense,
  title={Dense reinforcement learning for safety validation of autonomous vehicles},
  author={Feng, Shuo and Sun, Haowei and Yan, Xintao and Zhu, Haojie and Zou, Zhengxia and Shen, Shengyin and Liu, Henry X},
  journal={Nature},
  volume={615},
  number={7953},
  pages={620--627},
  year={2023},
  publisher={Nature Publishing Group UK London}
}

@article{wang2022stability,
  title={Stability analysis of heterogeneous traffic flow influenced by memory feedback control signal},
  author={Wang, Ting and Cheng, Rongjun and Wu, Yong},
  journal={Applied Mathematical Modelling},
  volume={109},
  pages={693--708},
  year={2022},
  publisher={Elsevier}
}


@article{ma2020sequence,
  title={A sequence to sequence learning based car-following model for multi-step predictions considering reaction delay},
  author={Ma, Lijing and Qu, Shiru},
  journal={Transportation research part C: emerging technologies},
  volume={120},
  pages={102785},
  year={2020},
  publisher={Elsevier}
}

@article{liao2024modelling,
  title={Modelling personalised car-following behaviour: a memory-based deep reinforcement learning approach},
  author={Liao, Yaping and Yu, Guizhen and Chen, Peng and Zhou, Bin and Li, Han},
  journal={Transportmetrica A: transport science},
  volume={20},
  number={1},
  pages={2035846},
  year={2024},
  publisher={Taylor \& Francis}
}

@article{jiang2024generic,
  title={A generic stochastic hybrid car-following model based on approximate Bayesian computation},
  author={Jiang, Jiwan and Zhou, Yang and Wang, Xin and Ahn, Soyoung},
  journal={Transportation Research Part C: Emerging Technologies},
  volume={167},
  pages={104799},
  year={2024},
  publisher={Elsevier}
}

%related works

@article{wang2024knowledge,
  title={Knowledge-data fusion oriented traffic state estimation: A stochastic physics-informed deep learning approach},
  author={Wang, Ting and Li, Ye and Cheng, Rongjun and Zou, Guojian and Dantsujic, Takao and Ngoduy, Dong},
  journal={arXiv preprint arXiv:2409.00644},
  year={2024}
}

%pinn


%车队跟驰

@article{lin2020platoon,
  title={Platoon trajectories generation: A unidirectional interconnected LSTM-based car-following model},
  author={Lin, Yangxin and Wang, Ping and Zhou, Yang and Ding, Fan and Wang, Chen and Tan, Huachun},
  journal={IEEE Transactions on Intelligent Transportation Systems},
  volume={23},
  number={3},
  pages={2071--2081},
  year={2020},
  publisher={IEEE}
}

@article{lin2024enhancing,
  title={Enhancing State Representation in Multi-Agent Reinforcement Learning for Platoon-Following Models},
  author={Lin, Hongyi and Lyu, Cheng and He, Yixu and Liu, Yang and Gao, Kun and Qu, Xiaobo},
  journal={IEEE Transactions on Vehicular Technology},
  year={2024},
  publisher={IEEE}
}

%stability
@article{montanino2021string,
  title={On string stability of a mixed and heterogeneous traffic flow: A unifying modelling framework},
  author={Montanino, Marcello and Punzo, Vincenzo},
  journal={Transportation Research Part B: Methodological},
  volume={144},
  pages={133--154},
  year={2021},
  publisher={Elsevier}
}


%pet
@techreport{allen1978analysis,
  title={Analysis of traffic conflicts and collisions},
  author={Allen, Brian L and Shin, B Tom and Cooper, Peter J},
  year={1978}
}

%ssdd
@article{mahmud2017application,
  title={Application of proximal surrogate indicators for safety evaluation: A review of recent developments and research needs},
  author={Mahmud, SM Sohel and Ferreira, Luis and Hoque, Md Shamsul and Tavassoli, Ahmad},
  journal={IATSS research},
  volume={41},
  number={4},
  pages={153--163},
  year={2017},
  publisher={Elsevier}
}

%HD
@article{yan2023learning,
  title={Learning naturalistic driving environment with statistical realism},
  author={Yan, Xintao and Zou, Zhengxia and Feng, Shuo and Zhu, Haojie and Sun, Haowei and Liu, Henry X},
  journal={Nature communications},
  volume={14},
  number={1},
  pages={2037},
  year={2023},
  publisher={Nature Publishing Group UK London}
}


@article{shi2021video,
  title={Video-based trajectory extraction with deep learning for High-Granularity Highway Simulation (HIGH-SIM)},
  author={Shi, Xiaowei and Zhao, Dongfang and Yao, Handong and Li, Xiaopeng and Hale, David K and Ghiasi, Amir},
  journal={Communications in transportation research},
  volume={1},
  pages={100014},
  year={2021},
  publisher={Elsevier}
}


%方法
@article{gu2023mamba,
  title={Mamba: Linear-time sequence modeling with selective state spaces},
  author={Gu, Albert and Dao, Tri},
  journal={arXiv preprint arXiv:2312.00752},
  year={2023}
}

@article{kang2023trajectory,
  title={Trajectory-based embedding for random coefficients of a theory-based car-following model},
  author={Kang, Yeseul and Kim, Gyeongjun and Jeong, Seungyun and Sohn, Keemin},
  journal={Transportation research part C: emerging technologies},
  volume={152},
  pages={104183},
  year={2023},
  publisher={Elsevier}
}

@inproceedings{ge2023causal,
  title={Causal intervention for human trajectory prediction with cross attention mechanism},
  author={Ge, Chunjiang and Song, Shiji and Huang, Gao},
  booktitle={Proceedings of the AAAI Conference on Artificial Intelligence},
  volume={37},
  number={1},
  pages={658--666},
  year={2023}
}

@inproceedings{liu2019end,
  title={End-to-end multi-task learning with attention},
  author={Liu, Shikun and Johns, Edward and Davison, Andrew J},
  booktitle={Proceedings of the IEEE/CVF conference on computer vision and pattern recognition},
  pages={1871--1880},
  year={2019}
}


%新增
@article{guo2019modeling,
  title={Modeling correlation and heterogeneity in crash rates by collision types using full Bayesian random parameters multivariate Tobit model},
  author={Guo, Yanyong and Li, Zhibin and Liu, Pan and Wu, Yao},
  journal={Accident Analysis \& Prevention},
  volume={128},
  pages={164--174},
  year={2019},
  publisher={Elsevier}
}
@article{qin2022demand,
  title={Demand management for smart transportation: A review},
  author={Qin, Xiaoran and Ke, Jintao and Wang, Xiaolei and Tang, Yili and Yang, Hai},
  journal={Multimodal Transportation},
  volume={1},
  number={4},
  pages={100038},
  year={2022},
  publisher={Elsevier}
}

@article{shao2025st,
  title={ST-MambaSync: Complement the power of Mamba and Transformer fusion for less computational cost in spatial--temporal traffic forecasting},
  author={Shao, Zhiqi and Wang, Ze and Yao, Xusheng and Bell, Michael GH and Gao, Junbin},
  journal={Information Fusion},
  volume={117},
  pages={102872},
  year={2025},
  publisher={Elsevier}
}

@article{lu2025hyper,
  title={Hyper-relational interaction modeling in multi-modal trajectory prediction for intelligent connected vehicles in smart cites},
  author={Lu, Yuhuan and Wang, Wei and Bai, Rufan and Zhou, Shengwei and Garg, Lalit and Bashir, Ali Kashif and Jiang, Weiwei and Hu, Xiping},
  journal={Information Fusion},
  volume={114},
  pages={102682},
  year={2025},
  publisher={Elsevier}
}
@article{zhu2022flow,
  title={Flow-level coordination of connected and autonomous vehicles in multilane freeway ramp merging areas},
  author={Zhu, Jie and Tasic, Ivana and Qu, Xiaobo},
  journal={Multimodal transportation},
  volume={1},
  number={1},
  pages={100005},
  year={2022},
  publisher={Elsevier}
}