@article{DEFT,
  author       = {Alexander Denker and
                  Francisco Vargas and
                  Shreyas Padhy and
                  Kieran Didi and
                  Simon V. Mathis and
                  Vincent Dutordoir and
                  Riccardo Barbano and
                  Emile Mathieu and
                  Urszula Julia Komorowska and
                  Pietro Lio},
  title        = {{DEFT:} Efficient Finetuning of Conditional Diffusion Models by Learning
                  the Generalised h-transform},
  journal      = {CoRR},
  volume       = {abs/2406.01781},
  year         = {2024},
  url          = {https://doi.org/10.48550/arXiv.2406.01781},
  doi          = {10.48550/ARXIV.2406.01781},
  eprinttype    = {arXiv},
  eprint       = {2406.01781},
  timestamp    = {Tue, 06 Aug 2024 17:12:58 +0200},
  biburl       = {https://dblp.org/rec/journals/corr/abs-2406-01781.bib},
  bibsource    = {dblp computer science bibliography, https://dblp.org}
}

@inproceedings{NEURIPS2023_fc65fab8,
 author = {Fan, Ying and Watkins, Olivia and Du, Yuqing and Liu, Hao and Ryu, Moonkyung and Boutilier, Craig and Abbeel, Pieter and Ghavamzadeh, Mohammad and Lee, Kangwook and Lee, Kimin},
 booktitle = {Advances in Neural Information Processing Systems},
 editor = {A. Oh and T. Naumann and A. Globerson and K. Saenko and M. Hardt and S. Levine},
 pages = {79858--79885},
 publisher = {Curran Associates, Inc.},
 title = {DPOK: Reinforcement Learning for Fine-tuning Text-to-Image Diffusion Models},
 volume = {36},
 year = {2023}
}

@misc{albergo2023buildingnormalizingflowsstochastic,
      title={Building Normalizing Flows with Stochastic Interpolants}, 
      author={Michael S. Albergo and Eric Vanden-Eijnden},
      year={2023},
      eprint={2209.15571},
      archivePrefix={arXiv},
      primaryClass={cs.LG},
      url={https://arxiv.org/abs/2209.15571}, 
}

@misc{albergo2023stochasticinterpolantsunifyingframework,
      title={Stochastic Interpolants: A Unifying Framework for Flows and Diffusions}, 
      author={Michael S. Albergo and Nicholas M. Boffi and Eric Vanden-Eijnden},
      year={2023},
      eprint={2303.08797},
      archivePrefix={arXiv},
      primaryClass={cs.LG},
      url={https://arxiv.org/abs/2303.08797}, 
}

@misc{black2024trainingdiffusionmodelsreinforcement,
      title={Training Diffusion Models with Reinforcement Learning}, 
      author={Kevin Black and Michael Janner and Yilun Du and Ilya Kostrikov and Sergey Levine},
      year={2024},
      eprint={2305.13301},
      archivePrefix={arXiv},
      primaryClass={cs.LG},
      url={https://arxiv.org/abs/2305.13301}, 
}

@misc{blattmann2023stablevideodiffusionscaling,
      title={Stable Video Diffusion: Scaling Latent Video Diffusion Models to Large Datasets}, 
      author={Andreas Blattmann and Tim Dockhorn and Sumith Kulal and Daniel Mendelevitch and Maciej Kilian and Dominik Lorenz and Yam Levi and Zion English and Vikram Voleti and Adam Letts and Varun Jampani and Robin Rombach},
      year={2023},
      eprint={2311.15127},
      archivePrefix={arXiv},
      primaryClass={cs.CV},
      url={https://arxiv.org/abs/2311.15127}, 
}

@misc{bradley2024classifierfreeguidancepredictorcorrector,
      title={Classifier-Free Guidance is a Predictor-Corrector}, 
      author={Arwen Bradley and Preetum Nakkiran},
      year={2024},
      eprint={2408.09000},
      archivePrefix={arXiv},
      primaryClass={cs.LG},
      url={https://arxiv.org/abs/2408.09000}, 
}

@misc{clark2024directlyfinetuningdiffusionmodels,
      title={Directly Fine-Tuning Diffusion Models on Differentiable Rewards}, 
      author={Kevin Clark and Paul Vicol and Kevin Swersky and David J Fleet},
      year={2024},
      eprint={2309.17400},
      archivePrefix={arXiv},
      primaryClass={cs.CV},
      url={https://arxiv.org/abs/2309.17400}, 
}

@misc{dhariwal2021diffusionmodelsbeatgans,
      title={Diffusion Models Beat GANs on Image Synthesis}, 
      author={Prafulla Dhariwal and Alex Nichol},
      year={2021},
      eprint={2105.05233},
      archivePrefix={arXiv},
      primaryClass={cs.LG},
      url={https://arxiv.org/abs/2105.05233}, 
}

@misc{domingoenrich2025adjointmatchingfinetuningflow,
      title={Adjoint Matching: Fine-tuning Flow and Diffusion Generative Models with Memoryless Stochastic Optimal Control}, 
      author={Carles Domingo-Enrich and Michal Drozdzal and Brian Karrer and Ricky T. Q. Chen},
      year={2025},
      eprint={2409.08861},
      archivePrefix={arXiv},
      primaryClass={cs.LG},
      url={https://arxiv.org/abs/2409.08861}, 
}

@misc{gulrajani2023likelihoodbaseddiffusionlanguagemodels,
      title={Likelihood-Based Diffusion Language Models}, 
      author={Ishaan Gulrajani and Tatsunori B. Hashimoto},
      year={2023},
      eprint={2305.18619},
      archivePrefix={arXiv},
      primaryClass={cs.CL},
      url={https://arxiv.org/abs/2305.18619}, 
}

@misc{ho2020denoisingdiffusionprobabilisticmodels,
      title={Denoising Diffusion Probabilistic Models}, 
      author={Jonathan Ho and Ajay Jain and Pieter Abbeel},
      year={2020},
      eprint={2006.11239},
      archivePrefix={arXiv},
      primaryClass={cs.LG},
      url={https://arxiv.org/abs/2006.11239}, 
}

@misc{ho2022classifierfreediffusionguidance,
      title={Classifier-Free Diffusion Guidance}, 
      author={Jonathan Ho and Tim Salimans},
      year={2022},
      eprint={2207.12598},
      archivePrefix={arXiv},
      primaryClass={cs.LG},
      url={https://arxiv.org/abs/2207.12598}, 
}

@misc{hoogeboom2022equivariantdiffusionmoleculegeneration,
      title={Equivariant Diffusion for Molecule Generation in 3D}, 
      author={Emiel Hoogeboom and Victor Garcia Satorras and Clément Vignac and Max Welling},
      year={2022},
      eprint={2203.17003},
      archivePrefix={arXiv},
      primaryClass={cs.LG},
      url={https://arxiv.org/abs/2203.17003}, 
}

@misc{li2024derivativefreeguidancecontinuousdiscrete,
      title={Derivative-Free Guidance in Continuous and Discrete Diffusion Models with Soft Value-Based Decoding}, 
      author={Xiner Li and Yulai Zhao and Chenyu Wang and Gabriele Scalia and Gokcen Eraslan and Surag Nair and Tommaso Biancalani and Shuiwang Ji and Aviv Regev and Sergey Levine and Masatoshi Uehara},
      year={2024},
      eprint={2408.08252},
      archivePrefix={arXiv},
      primaryClass={cs.LG},
      url={https://arxiv.org/abs/2408.08252}, 
}

@misc{lipman2023flowmatchinggenerativemodeling,
      title={Flow Matching for Generative Modeling}, 
      author={Yaron Lipman and Ricky T. Q. Chen and Heli Ben-Hamu and Maximilian Nickel and Matt Le},
      year={2023},
      eprint={2210.02747},
      archivePrefix={arXiv},
      primaryClass={cs.LG},
      url={https://arxiv.org/abs/2210.02747}, 
}

@misc{lipman2024flowmatchingguidecode,
      title={Flow Matching Guide and Code}, 
      author={Yaron Lipman and Marton Havasi and Peter Holderrieth and Neta Shaul and Matt Le and Brian Karrer and Ricky T. Q. Chen and David Lopez-Paz and Heli Ben-Hamu and Itai Gat},
      year={2024},
      eprint={2412.06264},
      archivePrefix={arXiv},
      primaryClass={cs.LG},
      url={https://arxiv.org/abs/2412.06264}, 
}

@misc{podell2023sdxlimprovinglatentdiffusion,
      title={SDXL: Improving Latent Diffusion Models for High-Resolution Image Synthesis}, 
      author={Dustin Podell and Zion English and Kyle Lacey and Andreas Blattmann and Tim Dockhorn and Jonas Müller and Joe Penna and Robin Rombach},
      year={2023},
      eprint={2307.01952},
      archivePrefix={arXiv},
      primaryClass={cs.CV},
      url={https://arxiv.org/abs/2307.01952}, 
}

@misc{rombach2022highresolutionimagesynthesislatent,
      title={High-Resolution Image Synthesis with Latent Diffusion Models}, 
      author={Robin Rombach and Andreas Blattmann and Dominik Lorenz and Patrick Esser and Björn Ommer},
      year={2022},
      eprint={2112.10752},
      archivePrefix={arXiv},
      primaryClass={cs.CV},
      url={https://arxiv.org/abs/2112.10752}, 
}

@misc{sedd,
title={Discrete Diffusion Language Modeling by Estimating the Ratios of the Data Distribution},
author={Aaron Lou and Chenlin Meng and Stefano Ermon},
year={2024},
url={https://openreview.net/forum?id=71mqtQdKB9}
}

@misc{song2020generativemodelingestimatinggradients,
      title={Generative Modeling by Estimating Gradients of the Data Distribution}, 
      author={Yang Song and Stefano Ermon},
      year={2020},
      eprint={1907.05600},
      archivePrefix={arXiv},
      primaryClass={cs.LG},
      url={https://arxiv.org/abs/1907.05600}, 
}

@misc{song2021scorebasedgenerativemodelingstochastic,
      title={Score-Based Generative Modeling through Stochastic Differential Equations}, 
      author={Yang Song and Jascha Sohl-Dickstein and Diederik P. Kingma and Abhishek Kumar and Stefano Ermon and Ben Poole},
      year={2021},
      eprint={2011.13456},
      archivePrefix={arXiv},
      primaryClass={cs.LG},
      url={https://arxiv.org/abs/2011.13456}, 
}

@misc{training-free-guidance,
      title={Training-Free Guidance for Discrete Diffusion Models for Molecular Generation}, 
      author={Thomas J. Kerby and Kevin R. Moon},
      year={2024},
      eprint={2409.07359},
      archivePrefix={arXiv},
      primaryClass={stat.ML},
      url={https://arxiv.org/abs/2409.07359}, 
}

@misc{uehara2025inferencetimealignmentdiffusionmodels,
      title={Inference-Time Alignment in Diffusion Models with Reward-Guided Generation: Tutorial and Review}, 
      author={Masatoshi Uehara and Yulai Zhao and Chenyu Wang and Xiner Li and Aviv Regev and Sergey Levine and Tommaso Biancalani},
      year={2025},
      eprint={2501.09685},
      archivePrefix={arXiv},
      primaryClass={cs.AI},
      url={https://arxiv.org/abs/2501.09685}, 
}

@misc{unlock_guidance,
      title={Unlocking Guidance for Discrete State-Space Diffusion and Flow Models}, 
      author={Hunter Nisonoff and Junhao Xiong and Stephan Allenspach and Jennifer Listgarten},
      year={2024},
      eprint={2406.01572},
      archivePrefix={arXiv},
      primaryClass={cs.LG},
      url={https://arxiv.org/abs/2406.01572}, 
}

@article{watson2023novo,
  title={De novo design of protein structure and function with RFdiffusion},
  author={Watson, Joseph L and Juergens, David and Bennett, Nathaniel R and Trippe, Brian L and Yim, Jason and Eisenach, Helen E and Ahern, Woody and Borst, Andrew J and Ragotte, Robert J and Milles, Lukas F and others},
  journal={Nature},
  volume={620},
  number={7976},
  pages={1089--1100},
  year={2023},
  publisher={Nature Publishing Group UK London}
}

@misc{what-does-guidance-do,
      title={What does guidance do? A fine-grained analysis in a simple setting}, 
      author={Muthu Chidambaram and Khashayar Gatmiry and Sitan Chen and Holden Lee and Jianfeng Lu},
      year={2024},
      eprint={2409.13074},
      archivePrefix={arXiv},
      primaryClass={cs.LG},
      url={https://arxiv.org/abs/2409.13074}, 
}

