@article{2014grohemarx,
  author    = {Martin Grohe and
               D{\'{a}}niel Marx},
  title     = {Constraint Solving via Fractional Edge Covers},
  journal   = {{ACM} Trans. Algorithms},
  volume    = {11},
  number    = {1},
  pages     = {4:1--4:20},
  year      = {2014},
  bibsource = {dblp computer science bibliography, http://dblp.org}
}

@inproceedings{DBLP:conf/IEEEcloud/NguyenKW18,
  author       = {Nhan Nguyen and
                  Mohammad Maifi Hasan Khan and
                  Kewen Wang},
  title        = {Towards Automatic Tuning of Apache Spark Configuration},
  booktitle    = {11th {IEEE} International Conference on Cloud Computing, {CLOUD} 2018,
                  San Francisco, CA, USA, July 2-7, 2018},
  pages        = {417--425},
  publisher    = {{IEEE} Computer Society},
  year         = {2018},
  url          = {https://doi.org/10.1109/CLOUD.2018.00059},
  doi          = {10.1109/CLOUD.2018.00059},
  timestamp    = {Fri, 24 Mar 2023 00:02:40 +0100}
}

@inproceedings{DBLP:conf/amw/GottlobLLOPS23,
  author       = {Georg Gottlob and
                  Matthias Lanzinger and
                  Davide Mario Longo and
                  Cem Okulmus and
                  Reinhard Pichler and
                  Alexander Selzer},
  editor       = {Benny Kimelfeld and
                  Maria Vanina Martinez and
                  Renzo Angles},
  title        = {Reaching Back to Move Forward: Using Old Ideas to Achieve a New Level
                  of Query Optimization (short paper)},
  booktitle    = {Proceedings of the 15th Alberto Mendelzon International Workshop on
                  Foundations of Data Management {(AMW} 2023), Santiago de Chile, Chile,
                  May 22-26, 2023},
  series       = {{CEUR} Workshop Proceedings},
  volume       = {3409},
  publisher    = {CEUR-WS.org},
  year         = {2023},
  url          = {https://ceur-ws.org/Vol-3409/paper6.pdf},
  timestamp    = {Tue, 13 Jun 2023 16:59:20 +0200},
  biburl       = {https://dblp.org/rec/conf/amw/GottlobLLOPS23.bib},
  bibsource    = {dblp computer science bibliography, https://dblp.org}
}

@inproceedings{DBLP:conf/cidr/HerodotouLLBDCB11,
  author       = {Herodotos Herodotou and
                  Harold Lim and
                  Gang Luo and
                  Nedyalko Borisov and
                  Liang Dong and
                  Fatma Bilgen Cetin and
                  Shivnath Babu},
  title        = {Starfish: {A} Self-tuning System for Big Data Analytics},
  booktitle    = {Fifth Biennial Conference on Innovative Data Systems Research, {CIDR}
                  2011, Asilomar, CA, USA, January 9-12, 2011, Online Proceedings},
  pages        = {261--272},
  publisher    = {www.cidrdb.org},
  year         = {2011},
  url          = {http://cidrdb.org/cidr2011/Papers/CIDR11\_Paper36.pdf},
  timestamp    = {Mon, 18 Jul 2022 17:13:00 +0200}
}

@inproceedings{DBLP:conf/cidr/KipfKRLBK19,
  author       = {Andreas Kipf and
                  Thomas Kipf and
                  Bernhard Radke and
                  Viktor Leis and
                  Peter A. Boncz and
                  Alfons Kemper},
  title        = {Learned Cardinalities: Estimating Correlated Joins with Deep Learning},
  booktitle    = {9th Biennial Conference on Innovative Data Systems Research, {CIDR}
                  2019, Asilomar, CA, USA, January 13-16, 2019, Online Proceedings},
  publisher    = {www.cidrdb.org},
  year         = {2019},
  url          = {http://cidrdb.org/cidr2019/papers/p101-kipf-cidr19.pdf},
  timestamp    = {Mon, 18 Jul 2022 17:13:00 +0200},
  biburl       = {https://dblp.org/rec/conf/cidr/KipfKRLBK19.bib},
  bibsource    = {dblp computer science bibliography, https://dblp.org}
}

@inproceedings{DBLP:conf/cloud/ZhuLGBMLSY17,
  author       = {Yuqing Zhu and
                  Jianxun Liu and
                  Mengying Guo and
                  Yungang Bao and
                  Wenlong Ma and
                  Zhuoyue Liu and
                  Kunpeng Song and
                  Yingchun Yang},
  title        = {BestConfig: tapping the performance potential of systems via automatic
                  configuration tuning},
  booktitle    = {Proceedings of the 2017 Symposium on Cloud Computing, SoCC 2017, Santa
                  Clara, CA, USA, September 24-27, 2017},
  pages        = {338--350},
  publisher    = {{ACM}},
  year         = {2017},
  url          = {https://doi.org/10.1145/3127479.3128605},
  doi          = {10.1145/3127479.3128605},
  timestamp    = {Sun, 19 Jan 2025 13:29:16 +0100},

}

@inproceedings{DBLP:conf/icde/AkdereCRUZ12,
  author       = {Mert Akdere and
                  Ugur {\c{C}}etintemel and
                  Matteo Riondato and
                  Eli Upfal and
                  Stanley B. Zdonik},
  editor       = {Anastasios Kementsietsidis and
                  Marcos Antonio Vaz Salles},
  title        = {Learning-based Query Performance Modeling and Prediction},
  booktitle    = {{IEEE} 28th International Conference on Data Engineering {(ICDE} 2012),
                  Washington, DC, {USA} (Arlington, Virginia), 1-5 April, 2012},
  pages        = {390--401},
  publisher    = {{IEEE} Computer Society},
  year         = {2012},
  url          = {https://doi.org/10.1109/ICDE.2012.64},
  doi          = {10.1109/ICDE.2012.64},
  timestamp    = {Fri, 24 Mar 2023 00:00:02 +0100},
  biburl       = {https://dblp.org/rec/conf/icde/AkdereCRUZ12.bib},
  bibsource    = {dblp computer science bibliography, https://dblp.org}
}

@inproceedings{DBLP:conf/icde/ColomboF16a,
  author       = {Pietro Colombo and
                  Elena Ferrari},
  title        = {Efficient enforcement of action-aware purpose-based access control
                  within relational database management systems},
  booktitle    = {32nd {IEEE} International Conference on Data Engineering, {ICDE} 2016,
                  Helsinki, Finland, May 16-20, 2016},
  pages        = {1516--1517},
  publisher    = {{IEEE} Computer Society},
  year         = {2016},
  url          = {https://doi.org/10.1109/ICDE.2016.7498402},
  doi          = {10.1109/ICDE.2016.7498402},
  timestamp    = {Tue, 12 Nov 2024 10:12:41 +0100},
  biburl       = {https://dblp.org/rec/conf/icde/ColomboF16a.bib},
  bibsource    = {dblp computer science bibliography, https://dblp.org}
}

@inproceedings{DBLP:conf/icde/SchnaitterAMP07,
  author       = {Karl Schnaitter and
                  Serge Abiteboul and
                  Tova Milo and
                  Neoklis Polyzotis},
  title        = {On-Line Index Selection for Shifting Workloads},
  booktitle    = {Proceedings of the 23rd International Conference on Data Engineering
                  Workshops, {ICDE} 2007, 15-20 April 2007, Istanbul, Turkey},
  pages        = {459--468},
  publisher    = {{IEEE} Computer Society},
  year         = {2007},
  url          = {https://doi.org/10.1109/ICDEW.2007.4401029},
  doi          = {10.1109/ICDEW.2007.4401029},
  timestamp    = {Fri, 24 Mar 2023 00:00:01 +0100}
}

@inproceedings{DBLP:conf/icde/WuCZTHN13,
  author       = {Wentao Wu and
                  Yun Chi and
                  Shenghuo Zhu and
                  Jun'ichi Tatemura and
                  Hakan Hacig{\"{u}}m{\"{u}}s and
                  Jeffrey F. Naughton},
  editor       = {Christian S. Jensen and
                  Christopher M. Jermaine and
                  Xiaofang Zhou},
  title        = {Predicting query execution time: Are optimizer cost models really
                  unusable?},
  booktitle    = {29th {IEEE} International Conference on Data Engineering, {ICDE} 2013,
                  Brisbane, Australia, April 8-12, 2013},
  pages        = {1081--1092},
  publisher    = {{IEEE} Computer Society},
  year         = {2013},
  url          = {https://doi.org/10.1109/ICDE.2013.6544899},
  doi          = {10.1109/ICDE.2013.6544899},
  timestamp    = {Fri, 24 Mar 2023 00:00:01 +0100},
  biburl       = {https://dblp.org/rec/conf/icde/WuCZTHN13.bib},
  bibsource    = {dblp computer science bibliography, https://dblp.org}
}

@inproceedings{DBLP:conf/iml/Lodeiro-Santiago17,
  author       = {Mois{\'{e}}s Lodeiro{-}Santiago and
                  C{\'{a}}ndido Caballero{-}Gil and
                  Pino Caballero{-}Gil},
  editor       = {Hani Hamdan and
                  Djallel Eddine Boubiche and
                  Fanny Klett},
  title        = {Collaborative SQL-injections detection system with machine learning},
  booktitle    = {Proceedings of the 1st International Conference on Internet of Things
                  and Machine Learning, {IML} 2017, Liverpool, United Kingdom, October
                  17-18, 2017},
  pages        = {45:1--45:5},
  publisher    = {{ACM}},
  year         = {2017},
  url          = {https://doi.org/10.1145/3109761.3158395},
  doi          = {10.1145/3109761.3158395},
  timestamp    = {Fri, 27 Dec 2019 21:21:49 +0100},
  biburl       = {https://dblp.org/rec/conf/iml/Lodeiro-Santiago17.bib},
  bibsource    = {dblp computer science bibliography, https://dblp.org}
}

@inproceedings{DBLP:conf/kdd/BhaskarLST10,
  author       = {Raghav Bhaskar and
                  Srivatsan Laxman and
                  Adam D. Smith and
                  Abhradeep Thakurta},
  editor       = {Bharat Rao and
                  Balaji Krishnapuram and
                  Andrew Tomkins and
                  Qiang Yang},
  title        = {Discovering frequent patterns in sensitive data},
  booktitle    = {Proceedings of the 16th {ACM} {SIGKDD} International Conference on
                  Knowledge Discovery and Data Mining, Washington, DC, USA, July 25-28,
                  2010},
  pages        = {503--512},
  publisher    = {{ACM}},
  year         = {2010},
  url          = {https://doi.org/10.1145/1835804.1835869},
  doi          = {10.1145/1835804.1835869},
  timestamp    = {Tue, 20 Aug 2024 08:48:08 +0200},
  biburl       = {https://dblp.org/rec/conf/kdd/BhaskarLST10.bib},
  bibsource    = {dblp computer science bibliography, https://dblp.org}
}

@inproceedings{DBLP:conf/pods/ScarcelloGL04,
  author    = {Francesco Scarcello and
               Gianluigi Greco and
               Nicola Leone},
  editor    = {Catriel Beeri and
               Alin Deutsch},
  title     = {Weighted Hypertree Decompositions and Optimal Query Plans},
  booktitle = {Proceedings of the Twenty-third {ACM} {SIGACT-SIGMOD-SIGART} Symposium
               on Principles of Database Systems, June 14-16, 2004, Paris, France},
  pages     = {210--221},
  publisher = {{ACM}},
  year      = {2004},
  url       = {https://doi.org/10.1145/1055558.1055587},
  doi       = {10.1145/1055558.1055587},
  timestamp = {Tue, 06 Nov 2018 16:58:02 +0100},
  biburl    = {https://dblp.org/rec/conf/pods/ScarcelloGL04.bib},
  bibsource = {dblp computer science bibliography, https://dblp.org}
}

@inproceedings{DBLP:conf/sigir/MizzaroMRU18,
  author       = {Stefano Mizzaro and
                  Josiane Mothe and
                  Kevin Roitero and
                  Md. Zia Ullah},
  editor       = {Kevyn Collins{-}Thompson and
                  Qiaozhu Mei and
                  Brian D. Davison and
                  Yiqun Liu and
                  Emine Yilmaz},
  title        = {Query Performance Prediction and Effectiveness Evaluation Without
                  Relevance Judgments: Two Sides of the Same Coin},
  booktitle    = {The 41st International {ACM} {SIGIR} Conference on Research {\&}
                  Development in Information Retrieval, {SIGIR} 2018, Ann Arbor, MI,
                  USA, July 08-12, 2018},
  pages        = {1233--1236},
  publisher    = {{ACM}},
  year         = {2018},
  url          = {https://doi.org/10.1145/3209978.3210146},
  doi          = {10.1145/3209978.3210146},
  timestamp    = {Mon, 24 Jun 2024 13:38:50 +0200},
  biburl       = {https://dblp.org/rec/conf/sigir/MizzaroMRU18.bib},
  bibsource    = {dblp computer science bibliography, https://dblp.org}
}

@inproceedings{DBLP:conf/sigir/ZhouC07,
  author       = {Yun Zhou and
                  W. Bruce Croft},
  editor       = {Wessel Kraaij and
                  Arjen P. de Vries and
                  Charles L. A. Clarke and
                  Norbert Fuhr and
                  Noriko Kando},
  title        = {Query performance prediction in web search environments},
  booktitle    = {{SIGIR} 2007: Proceedings of the 30th Annual International {ACM} {SIGIR}
                  Conference on Research and Development in Information Retrieval, Amsterdam,
                  The Netherlands, July 23-27, 2007},
  pages        = {543--550},
  publisher    = {{ACM}},
  year         = {2007},
  url          = {https://doi.org/10.1145/1277741.1277835},
  doi          = {10.1145/1277741.1277835},
  timestamp    = {Tue, 06 Nov 2018 11:07:23 +0100},
  biburl       = {https://dblp.org/rec/conf/sigir/ZhouC07.bib},
  bibsource    = {dblp computer science bibliography, https://dblp.org}
}

@inproceedings{DBLP:conf/sigmod/0001022,
  author    = {Qichen Wang and
               Ke Yi},
  editor    = {Zachary G. Ives and
               Angela Bonifati and
               Amr El Abbadi},
  title     = {Conjunctive Queries with Comparisons},
  booktitle = {{SIGMOD} '22: International Conference on Management of Data, Philadelphia,
               PA, USA, June 12 - 17, 2022},
  pages     = {108--121},
  publisher = {{ACM}},
  year      = {2022},
  url       = {https://doi.org/10.1145/3514221.3517830},
  doi       = {10.1145/3514221.3517830},
  timestamp = {Thu, 16 Mar 2023 09:51:25 +0100},
  biburl    = {https://dblp.org/rec/conf/sigmod/0001022.bib},
  bibsource = {dblp computer science bibliography, https://dblp.org}
}

@inproceedings{DBLP:conf/sigmod/0001ZC21,
  author       = {Guoliang Li and
                  Xuanhe Zhou and
                  Lei Cao},
  editor       = {Guoliang Li and
                  Zhanhuai Li and
                  Stratos Idreos and
                  Divesh Srivastava},
  title        = {{AI} Meets Database: {AI4DB} and {DB4AI}},
  booktitle    = {{SIGMOD} '21: International Conference on Management of Data, Virtual
                  Event, China, June 20-25, 2021},
  pages        = {2859--2866},
  publisher    = {{ACM}},
  year         = {2021},
  url          = {https://doi.org/10.1145/3448016.3457542},
  doi          = {10.1145/3448016.3457542},
  timestamp    = {Mon, 26 Jun 2023 20:43:17 +0200},
  biburl       = {https://dblp.org/rec/conf/sigmod/0001ZC21.bib},
  bibsource    = {dblp computer science bibliography, https://dblp.org}
}

@inproceedings{DBLP:conf/sigmod/AkenPGZ17,
  author       = {Dana Van Aken and
                  Andrew Pavlo and
                  Geoffrey J. Gordon and
                  Bohan Zhang},
  title        = {Automatic Database Management System Tuning Through Large-scale Machine
                  Learning},
  booktitle    = {Proceedings of the 2017 {ACM} International Conference on Management
                  of Data, {SIGMOD} Conference 2017, Chicago, IL, USA, May 14-19, 2017},
  pages        = {1009--1024},
  publisher    = {{ACM}},
  year         = {2017},
  url          = {https://doi.org/10.1145/3035918.3064029},
  doi          = {10.1145/3035918.3064029},
  timestamp    = {Sun, 19 Jan 2025 13:27:24 +0100},

}

@inproceedings{DBLP:conf/sigmod/Dai0023,
  author       = {Binyang Dai and
                  Qichen Wang and
                  Ke Yi},
  editor       = {Sudipto Das and
                  Ippokratis Pandis and
                  K. Sel{\c{c}}uk Candan and
                  Sihem Amer{-}Yahia},
  title        = {SparkSQL+: Next-generation Query Planning over Spark},
  booktitle    = {Companion of the 2023 International Conference on Management of Data,
                  {SIGMOD/PODS} 2023, Seattle, WA, USA, June 18-23, 2023},
  pages        = {115--118},
  publisher    = {{ACM}},
  year         = {2023},
  url          = {https://doi.org/10.1145/3555041.3589715},
  doi          = {10.1145/3555041.3589715},
  timestamp    = {Thu, 15 Jun 2023 21:56:55 +0200},
  biburl       = {https://dblp.org/rec/conf/sigmod/Dai0023.bib},
  bibsource    = {dblp computer science bibliography, https://dblp.org}
}

@inproceedings{DBLP:conf/sigmod/DingMYWDLZCGKLK20,
  author       = {Jialin Ding and
                  Umar Farooq Minhas and
                  Jia Yu and
                  Chi Wang and
                  Jaeyoung Do and
                  Yinan Li and
                  Hantian Zhang and
                  Badrish Chandramouli and
                  Johannes Gehrke and
                  Donald Kossmann and
                  David B. Lomet and
                  Tim Kraska},
  title        = {{ALEX:} An Updatable Adaptive Learned Index},
  booktitle    = {Proceedings of the 2020 International Conference on Management of
                  Data, {SIGMOD} Conference 2020, online conference [Portland, OR, USA],
                  June 14-19, 2020},
  pages        = {969--984},
  publisher    = {{ACM}},
  year         = {2020},
  url          = {https://doi.org/10.1145/3318464.3389711},
  doi          = {10.1145/3318464.3389711},
  timestamp    = {Thu, 15 Sep 2022 14:00:48 +0200},
  biburl       = {https://dblp.org/rec/conf/sigmod/DingMYWDLZCGKLK20.bib},
  bibsource    = {dblp computer science bibliography, https://dblp.org}
}

@inproceedings{DBLP:conf/sigmod/DugganCPU11,
  author       = {Jennie Duggan and
                  Ugur {\c{C}}etintemel and
                  Olga Papaemmanouil and
                  Eli Upfal},
  editor       = {Timos K. Sellis and
                  Ren{\'{e}}e J. Miller and
                  Anastasios Kementsietsidis and
                  Yannis Velegrakis},
  title        = {Performance prediction for concurrent database workloads},
  booktitle    = {Proceedings of the {ACM} {SIGMOD} International Conference on Management
                  of Data, {SIGMOD} 2011, Athens, Greece, June 12-16, 2011},
  pages        = {337--348},
  publisher    = {{ACM}},
  year         = {2011},
  url          = {https://doi.org/10.1145/1989323.1989359},
  doi          = {10.1145/1989323.1989359},
  timestamp    = {Sun, 06 Oct 2024 21:14:19 +0200},
  biburl       = {https://dblp.org/rec/conf/sigmod/DugganCPU11.bib},
  bibsource    = {dblp computer science bibliography, https://dblp.org}
}

@inproceedings{DBLP:conf/sigmod/HeimelKM15,
  author       = {Max Heimel and
                  Martin Kiefer and
                  Volker Markl},
  title        = {Self-Tuning, GPU-Accelerated Kernel Density Models for Multidimensional
                  Selectivity Estimation},
  booktitle    = {Proceedings of the 2015 {ACM} {SIGMOD} International Conference on
                  Management of Data, Melbourne, Victoria, Australia, May 31 - June
                  4, 2015},
  pages        = {1477--1492},
  publisher    = {{ACM}},
  year         = {2015},
  url          = {https://doi.org/10.1145/2723372.2749438},
  doi          = {10.1145/2723372.2749438},
  timestamp    = {Sat, 30 Sep 2023 09:56:33 +0200}
}

@inproceedings{DBLP:conf/sigmod/KraskaBCDP18,
  author       = {Tim Kraska and
                  Alex Beutel and
                  Ed H. Chi and
                  Jeffrey Dean and
                  Neoklis Polyzotis},
  title        = {The Case for Learned Index Structures},
  booktitle    = {Proceedings of the 2018 International Conference on Management of
                  Data, {SIGMOD} Conference 2018, Houston, TX, USA, June 10-15, 2018},
  pages        = {489--504},
  publisher    = {{ACM}},
  year         = {2018},
  url          = {https://doi.org/10.1145/3183713.3196909},
  doi          = {10.1145/3183713.3196909}
}

@inproceedings{DBLP:conf/sigmod/MaAHMPG18,
  author       = {Lin Ma and
                  Dana Van Aken and
                  Ahmed Hefny and
                  Gustavo Mezerhane and
                  Andrew Pavlo and
                  Geoffrey J. Gordon},
  title        = {Query-based Workload Forecasting for Self-Driving Database Management
                  Systems},
  booktitle    = {Proceedings of the 2018 International Conference on Management of
                  Data, {SIGMOD} Conference 2018, Houston, TX, USA, June 10-15, 2018},
  pages        = {631--645},
  publisher    = {{ACM}},
  year         = {2018},
  url          = {https://doi.org/10.1145/3183713.3196908},
  doi          = {10.1145/3183713.3196908},
  timestamp    = {Sun, 19 Jan 2025 13:27:22 +0100}
}

@inproceedings{DBLP:conf/sigmod/MarcusP18,
  author       = {Ryan Marcus and
                  Olga Papaemmanouil},
  editor       = {Rajesh Bordawekar and
                  Oded Shmueli},
  title        = {Deep Reinforcement Learning for Join Order Enumeration}

@inproceedings{DBLP:conf/sigmod/ParkZM20,
  author       = {Yongjoo Park and
                  Shucheng Zhong and
                  Barzan Mozafari},
  title        = {QuickSel: Quick Selectivity Learning with Mixture Models},
  booktitle    = {Proceedings of the 2020 International Conference on Management of
                  Data, {SIGMOD} Conference 2020, online conference [Portland, OR, USA],
                  June 14-19, 2020},
  pages        = {1017--1033},
  publisher    = {{ACM}},
  year         = {2020},
  url          = {https://doi.org/10.1145/3318464.3389727},
  doi          = {10.1145/3318464.3389727},
  timestamp    = {Sat, 30 Sep 2023 09:56:34 +0200}
}

@inproceedings{DBLP:conf/sigmod/TaftESLASMA18,
  author       = {Rebecca Taft and
                  Nosayba El{-}Sayed and
                  Marco Serafini and
                  Yu Lu and
                  Ashraf Aboulnaga and
                  Michael Stonebraker and
                  Ricardo Mayerhofer and
                  Francisco Jose Andrade},
  editor       = {Gautam Das and
                  Christopher M. Jermaine and
                  Philip A. Bernstein},
  title        = {P-Store: An Elastic Database System with Predictive Provisioning},
  booktitle    = {Proceedings of the 2018 International Conference on Management of
                  Data, {SIGMOD} Conference 2018, Houston, TX, USA, June 10-15, 2018},
  pages        = {205--219},
  publisher    = {{ACM}},
  year         = {2018},
  url          = {https://doi.org/10.1145/3183713.3190650},
  doi          = {10.1145/3183713.3190650},
  timestamp    = {Sun, 19 Jan 2025 13:27:31 +0100},
  biburl       = {https://dblp.org/rec/conf/sigmod/TaftESLASMA18.bib},
  bibsource    = {dblp computer science bibliography, https://dblp.org}
}

@inproceedings{DBLP:conf/sigmod/TuR15,
  author    = {Susan Tu and
               Christopher R{\'{e}}},
  editor    = {Timos K. Sellis and
               Susan B. Davidson and
               Zachary G. Ives},
  title     = {DunceCap: Query Plans Using Generalized Hypertree Decompositions},
  booktitle = {Proceedings of the 2015 {ACM} {SIGMOD} International Conference on
               Management of Data, Melbourne, Victoria, Australia, May 31 - June
               4, 2015},
  pages     = {2077--2078},
  publisher = {{ACM}},
  year      = {2015},
  url       = {https://doi.org/10.1145/2723372.2764946},
  doi       = {10.1145/2723372.2764946},
  timestamp = {Tue, 06 Nov 2018 11:07:37 +0100},
  biburl    = {https://dblp.org/rec/conf/sigmod/TuR15.bib},
  bibsource = {dblp computer science bibliography, https://dblp.org}
}

@inproceedings{DBLP:conf/sigmod/WangZYDHDT0022,
  author       = {Zhaoguo Wang and
                  Zhou Zhou and
                  Yicun Yang and
                  Haoran Ding and
                  Gansen Hu and
                  Ding Ding and
                  Chuzhe Tang and
                  Haibo Chen and
                  Jinyang Li},
  editor       = {Zachary G. Ives and
                  Angela Bonifati and
                  Amr El Abbadi},
  title        = {WeTune: Automatic Discovery and Verification of Query Rewrite Rules},
  booktitle    = {{SIGMOD} '22: International Conference on Management of Data, Philadelphia,
                  PA, USA, June 12 - 17, 2022},
  pages        = {94--107},
  publisher    = {{ACM}},
  year         = {2022},
  url          = {https://doi.org/10.1145/3514221.3526125},
  doi          = {10.1145/3514221.3526125},
  timestamp    = {Thu, 16 Mar 2023 09:51:25 +0100},
  biburl       = {https://dblp.org/rec/conf/sigmod/WangZYDHDT0022.bib},
  bibsource    = {dblp computer science bibliography, https://dblp.org}
}

@inproceedings{DBLP:conf/sigmod/WuYTSB19,
  author       = {Yingjun Wu and
                  Jia Yu and
                  Yuanyuan Tian and
                  Richard Sidle and
                  Ronald Barber},
  title        = {Designing Succinct Secondary Indexing Mechanism by Exploiting Column
                  Correlations},
  booktitle    = {Proceedings of the 2019 International Conference on Management of
                  Data, {SIGMOD} Conference 2019, Amsterdam, The Netherlands, June 30
                  - July 5, 2019},
  pages        = {1223--1240},
  publisher    = {{ACM}},
  year         = {2019},
  url          = {https://doi.org/10.1145/3299869.3319861},
  doi          = {10.1145/3299869.3319861},
  timestamp    = {Wed, 25 Sep 2019 18:11:06 +0200}
}

@inproceedings{DBLP:conf/sigmod/ZhangLZLXCXWCLR19,
  author       = {Ji Zhang and
                  Yu Liu and
                  Ke Zhou and
                  Guoliang Li and
                  Zhili Xiao and
                  Bin Cheng and
                  Jiashu Xing and
                  Yangtao Wang and
                  Tianheng Cheng and
                  Li Liu and
                  Minwei Ran and
                  Zekang Li},
  title        = {An End-to-End Automatic Cloud Database Tuning System Using Deep Reinforcement
                  Learning},
  booktitle    = {Proceedings of the 2019 International Conference on Management of
                  Data, {SIGMOD} Conference 2019, Amsterdam, The Netherlands, June 30
                  - July 5, 2019},
  pages        = {415--432},
  publisher    = {{ACM}},
  year         = {2019},
  url          = {https://doi.org/10.1145/3299869.3300085},
  doi          = {10.1145/3299869.3300085},
}

@inproceedings{DBLP:conf/vldb/ChaudhuriN97,
  author       = {Surajit Chaudhuri and
                  Vivek R. Narasayya},
  title        = {An Efficient Cost-Driven Index Selection Tool for Microsoft {SQL}
                  Server},
  booktitle    = {VLDB'97, Proceedings of 23rd International Conference on Very Large
                  Data Bases, August 25-29, 1997, Athens, Greece},
  pages        = {146--155},
  publisher    = {Morgan Kaufmann},
  year         = {1997},
  url          = {http://www.vldb.org/conf/1997/P146.PDF},
  timestamp    = {Tue, 07 Nov 2017 06:51:45 +0100}
}

@inproceedings{DBLP:conf/vldb/StillgerLMK01,
  author       = {Michael Stillger and
                  Guy M. Lohman and
                  Volker Markl and
                  Mokhtar Kandil},
  title        = {{LEO} - DB2's LEarning Optimizer},
  booktitle    = {{VLDB} 2001, Proceedings of 27th International Conference on Very
                  Large Data Bases, September 11-14, 2001, Roma, Italy},
  pages        = {19--28},
  publisher    = {Morgan Kaufmann},
  year         = {2001},
  url          = {http://www.vldb.org/conf/2001/P019.pdf},
  timestamp    = {Thu, 12 Mar 2020 11:33:45 +0100}
}

@inproceedings{DBLP:conf/vldb/Yannakakis81,
  author    = {Mihalis Yannakakis},
  title     = {Algorithms for Acyclic Database Schemes},
  booktitle = {Proceedings of the 7th International Conference on Very Large Databases, {VLDB} 1981, Cannes},
  pages     = {82--94},
  year      = {1981},
  timestamp = {Wed, 29 Mar 2017 16:45:23 +0200},
  biburl    = {https://dblp.org/rec/conf/vldb/Yannakakis81.bib},
  bibsource = {dblp computer science bibliography, https://dblp.org},
  publisher= {VLDB}
}

@inproceedings{DBLP:conf/vldb/ZhangHJLZ05,
  author       = {Ning Zhang and
                  Peter J. Haas and
                  Vanja Josifovski and
                  Guy M. Lohman and
                  Chun Zhang},
  editor       = {Klemens B{\"{o}}hm and
                  Christian S. Jensen and
                  Laura M. Haas and
                  Martin L. Kersten and
                  Per{-}{\AA}ke Larson and
                  Beng Chin Ooi},
  title        = {Statistical Learning Techniques for Costing {XML} Queries},
  booktitle    = {Proceedings of the 31st International Conference on Very Large Data
                  Bases, Trondheim, Norway, August 30 - September 2, 2005},
  pages        = {289--300},
  publisher    = {{ACM}},
  year         = {2005},
  url          = {http://www.vldb.org/archives/website/2005/program/paper/wed/p289-zhang.pdf},
  timestamp    = {Thu, 12 Mar 2020 11:33:56 +0100},
  biburl       = {https://dblp.org/rec/conf/vldb/ZhangHJLZ05.bib},
  bibsource    = {dblp computer science bibliography, https://dblp.org}
}

@article{DBLP:journals/asc/DokerogluBC15,
  author       = {Tansel D{\"{o}}keroglu and
                  Murat Ali Bayir and
                  Ahmet Cosar},
  title        = {Robust heuristic algorithms for exploiting the common tasks of relational cloud database queries},
  journal      = {Appl. Soft Comput.},
  volume       = {30},
  pages        = {72--82},
  year         = {2015},
  url          = {https://doi.org/10.1016/j.asoc.2015.01.026},
  doi          = {10.1016/J.ASOC.2015.01.026},
  timestamp    = {Wed, 25 Sep 2019 17:51:05 +0200}
}

@article{DBLP:journals/corr/abs-1808-03196,
  author       = {Sanjay Krishnan and
                  Zongheng Yang and
                  Ken Goldberg and
                  Joseph M. Hellerstein and
                  Ion Stoica},
  title        = {Learning to Optimize Join Queries With Deep Reinforcement Learning},
  journal      = {CoRR},
  volume       = {abs/1808.03196},
  year         = {2018},
  url          = {http://arxiv.org/abs/1808.03196},
  eprinttype    = {arXiv},
  eprint       = {1808.03196},
  timestamp    = {Sun, 02 Sep 2018 15:01:54 +0200},
  biburl       = {https://dblp.org/rec/journals/corr/abs-1808-03196.bib},
  bibsource    = {dblp computer science bibliography, https://dblp.org}
}

@article{DBLP:journals/corr/abs-1901-02868,
  author       = {Lucas Oliveira Batista and
                  Gabriel Adriano de Silva and
                  Vanessa Souza Ara{\'{u}}jo and
                  Vin{\'{\i}}cius Jonathan Silva Ara{\'{u}}jo and
                  Thiago Silva Rezende and
                  Augusto Junio Guimar{\~{a}}es and
                  Paulo Vitor de Campos Souza},
  title        = {Fuzzy neural networks to create an expert system for detecting attacks
                  by {SQL} Injection},
  journal      = {CoRR},
  volume       = {abs/1901.02868},
  year         = {2019},
  url          = {http://arxiv.org/abs/1901.02868},
  eprinttype    = {arXiv},
  eprint       = {1901.02868},
  timestamp    = {Fri, 01 Feb 2019 13:39:59 +0100},
  biburl       = {https://dblp.org/rec/journals/corr/abs-1901-02868.bib},
  bibsource    = {dblp computer science bibliography, https://dblp.org}
}

@article{DBLP:journals/corr/abs-1901-08544,
  author       = {Yihe Dong and
                  Piotr Indyk and
                  Ilya P. Razenshteyn and
                  Tal Wagner},
  title        = {Learning Sublinear-Time Indexing for Nearest Neighbor Search},
  journal      = {CoRR},
  volume       = {abs/1901.08544},
  year         = {2019},
  url          = {http://arxiv.org/abs/1901.08544},
  eprinttype    = {arXiv},
  eprint       = {1901.08544},
  timestamp    = {Sat, 23 Jan 2021 01:12:04 +0100},
  biburl       = {https://dblp.org/rec/journals/corr/abs-1901-08544.bib},
  bibsource    = {dblp computer science bibliography, https://dblp.org}
}

@article{DBLP:journals/corr/abs-1905-06425,
  author       = {Jennifer Ortiz and
                  Magdalena Balazinska and
                  Johannes Gehrke and
                  S. Sathiya Keerthi},
  title        = {An Empirical Analysis of Deep Learning for Cardinality Estimation},
  journal      = {CoRR},
  volume       = {abs/1905.06425},
  year         = {2019},
  url          = {http://arxiv.org/abs/1905.06425},
  eprinttype    = {arXiv},
  eprint       = {1905.06425},
  timestamp    = {Tue, 28 May 2019 12:48:08 +0200},
  biburl       = {https://dblp.org/rec/journals/corr/abs-1905-06425.bib},
  bibsource    = {dblp computer science bibliography, https://dblp.org}
}

@article{DBLP:journals/corr/abs-1910-10777,
  author       = {Hagit Grushka{-}Cohen and
                  Ofer Biller and
                  Oded Sofer and
                  Lior Rokach and
                  Bracha Shapira},
  title        = {Diversifying Database Activity Monitoring with Bandits},
  journal      = {CoRR},
  volume       = {abs/1910.10777},
  year         = {2019},
  url          = {http://arxiv.org/abs/1910.10777},
  eprinttype    = {arXiv},
  eprint       = {1910.10777},
  timestamp    = {Fri, 25 Oct 2019 14:59:26 +0200},
  biburl       = {https://dblp.org/rec/journals/corr/abs-1910-10777.bib},
  bibsource    = {dblp computer science bibliography, https://dblp.org}
}

@article{DBLP:journals/corr/abs-2303-02723,
  author    = {Georg Gottlob and
               Matthias Lanzinger and
               Davide Mario Longo and
               Cem Okulmus and
               Reinhard Pichler and
               Alexander Selzer},
  title     = {Structure-Guided Query Evaluation: Towards Bridging the Gap from Theory
               to Practice},
  journal   = {CoRR},
  volume    = {abs/2303.02723},
  year      = {2023},
  url       = {https://doi.org/10.48550/arXiv.2303.02723},
  doi       = {10.48550/arXiv.2303.02723},
  eprinttype = {arXiv},
  eprint    = {2303.02723},
  timestamp = {Tue, 14 Mar 2023 18:07:09 +0100},
  biburl    = {https://dblp.org/rec/journals/corr/abs-2303-02723.bib},
  bibsource = {dblp computer science bibliography, https://dblp.org}
}

@article{DBLP:journals/corr/abs-2406-17076,
  author       = {Matthias Lanzinger and
                  Reinhard Pichler and
                  Alexander Selzer},
  title        = {Avoiding Materialisation for Guarded Aggregate Queries},
  journal      = {CoRR},
  volume       = {abs/2406.17076},
  year         = {2024},
  url          = {https://doi.org/10.48550/arXiv.2406.17076},
  doi          = {10.48550/ARXIV.2406.17076},
  eprinttype    = {arXiv},
  eprint       = {2406.17076},
  timestamp    = {Mon, 22 Jul 2024 14:28:25 +0200},
  biburl       = {https://dblp.org/rec/journals/corr/abs-2406-17076.bib},
  bibsource    = {dblp computer science bibliography, https://dblp.org}
}

@article{DBLP:journals/corr/abs-2411-04042,
  author       = {Liese Bekkers and
                  Frank Neven and
                  Stijn Vansummeren and
                  Yisu Remy Wang},
  title        = {Instance-Optimal Acyclic Join Processing Without Regret: Engineering
                  the Yannakakis Algorithm in Column Stores},
  journal      = {CoRR},
  volume       = {abs/2411.04042},
  year         = {2024},
  url          = {https://doi.org/10.48550/arXiv.2411.04042},
  doi          = {10.48550/ARXIV.2411.04042},
  eprinttype    = {arXiv},
  eprint       = {2411.04042},
  timestamp    = {Wed, 01 Jan 2025 10:39:18 +0100},
  biburl       = {https://dblp.org/rec/journals/corr/abs-2411-04042.bib},
  bibsource    = {dblp computer science bibliography, https://dblp.org}
}

@article{DBLP:journals/ejc/AdlerGG07,
  author    = {Isolde Adler and
               Georg Gottlob and
               Martin Grohe},
  title     = {Hypertree width and related hypergraph invariants},
  journal   = {Eur. J. Comb.},
  volume    = {28},
  number    = {8},
  pages     = {2167--2181},
  year      = {2007},
  url       = {https://doi.org/10.1016/j.ejc.2007.04.013},
  doi       = {10.1016/j.ejc.2007.04.013},
  timestamp = {Fri, 12 Feb 2021 13:40:53 +0100},
  biburl    = {https://dblp.org/rec/journals/ejc/AdlerGG07.bib},
  bibsource = {dblp computer science bibliography, https://dblp.org}
}

@article{DBLP:journals/ijcwt/Sheykhkanloo17,
  author       = {Naghmeh Moradpoor Sheykhkanloo},
  title        = {A Learning-based Neural Network Model for the Detection and Classification
                  of {SQL} Injection Attacks},
  journal      = {Int. J. Cyber Warf. Terror.},
  volume       = {7},
  number       = {2},
  pages        = {16--41},
  year         = {2017},
  url          = {https://doi.org/10.4018/IJCWT.2017040102},
  doi          = {10.4018/IJCWT.2017040102},
  timestamp    = {Tue, 16 Aug 2022 23:09:53 +0200},
  biburl       = {https://dblp.org/rec/journals/ijcwt/Sheykhkanloo17.bib},
  bibsource    = {dblp computer science bibliography, https://dblp.org}
}

@article{DBLP:journals/is/HeO06,
  author       = {Ben He and
                  Iadh Ounis},
  title        = {Query performance prediction},
  journal      = {Inf. Syst.},
  volume       = {31},
  number       = {7},
  pages        = {585--594},
  year         = {2006},
  url          = {https://doi.org/10.1016/j.is.2005.11.003},
  doi          = {10.1016/J.IS.2005.11.003},
  timestamp    = {Fri, 30 Nov 2018 13:23:35 +0100},
  biburl       = {https://dblp.org/rec/journals/is/HeO06.bib},
  bibsource    = {dblp computer science bibliography, https://dblp.org}
}

@article{DBLP:journals/jacm/NgoPRR18,
  author    = {Hung Q. Ngo and
               Ely Porat and
               Christopher R{\'{e}} and
               Atri Rudra},
  title     = {Worst-case Optimal Join Algorithms},
  journal   = {J. {ACM}},
  volume    = {65},
  number    = {3},
  pages     = {16:1--16:40},
  year      = {2018},
  url       = {https://doi.org/10.1145/3180143},
  doi       = {10.1145/3180143},
  timestamp = {Wed, 21 Nov 2018 12:44:29 +0100},
  biburl    = {https://dblp.org/rec/journals/jacm/NgoPRR18.bib},
  bibsource = {dblp computer science bibliography, https://dblp.org}
}

@article{DBLP:journals/jcss/GottlobLS02,
  author    = {Georg Gottlob and
               Nicola Leone and
               Francesco Scarcello},
  title     = {Hypertree Decompositions and Tractable Queries},
  journal   = {J. Comput. Syst. Sci.},
  volume    = {64},
  number    = {3},
  pages     = {579--627},
  year      = {2002},
  url       = {https://doi.org/10.1006/jcss.2001.1809},
  doi       = {10.1006/jcss.2001.1809},
  timestamp = {Tue, 16 Feb 2021 14:04:22 +0100},
  biburl    = {https://dblp.org/rec/journals/jcss/GottlobLS02.bib},
  bibsource = {dblp computer science bibliography, https://dblp.org}
}

@article{DBLP:journals/pacmmod/0005023,
  author       = {Xiao Hu and
                  Qichen Wang},
  title        = {Computing the Difference of Conjunctive Queries Efficiently},
  journal      = {Proc. {ACM} Manag. Data},
  volume       = {1},
  number       = {2},
  pages        = {153:1--153:26},
  year         = {2023},
  url          = {https://doi.org/10.1145/3589298},
  doi          = {10.1145/3589298},
  timestamp    = {Fri, 07 Jul 2023 23:32:33 +0200},
  biburl       = {https://dblp.org/rec/journals/pacmmod/0005023.bib},
  bibsource    = {dblp computer science bibliography, https://dblp.org}
}

@article{DBLP:journals/pvldb/0001ZSYHJLWL21,
  author       = {Guoliang Li and
                  Xuanhe Zhou and
                  Ji Sun and
                  Xiang Yu and
                  Yue Han and
                  Lianyuan Jin and
                  Wenbo Li and
                  Tianqing Wang and
                  Shifu Li},
  title        = {openGauss: An Autonomous Database System},
  journal      = {Proc. {VLDB} Endow.},
  volume       = {14},
  number       = {12},
  pages        = {3028--3041},
  year         = {2021},
  url          = {http://www.vldb.org/pvldb/vol14/p3028-li.pdf},
  doi          = {10.14778/3476311.3476380},
  timestamp    = {Mon, 04 Dec 2023 21:30:02 +0100},
  biburl       = {https://dblp.org/rec/journals/pvldb/0001ZSYHJLWL21.bib},
  bibsource    = {dblp computer science bibliography, https://dblp.org}
}

@article{DBLP:journals/pvldb/BirlerKN24,
  author       = {Altan Birler and
                  Alfons Kemper and
                  Thomas Neumann},
  title        = {Robust Join Processing with Diamond Hardened Joins},
  journal      = {Proc. {VLDB} Endow.},
  volume       = {17},
  number       = {11},
  pages        = {3215--3228},
  year         = {2024},
  url          = {https://www.vldb.org/pvldb/vol17/p3215-birler.pdf},
  timestamp    = {Thu, 19 Sep 2024 13:09:36 +0200},
  biburl       = {https://dblp.org/rec/journals/pvldb/BirlerKN24.bib},
  bibsource    = {dblp computer science bibliography, https://dblp.org}
}

@article{DBLP:journals/pvldb/DuttWNKNC19,
  author       = {Anshuman Dutt and
                  Chi Wang and
                  Azade Nazi and
                  Srikanth Kandula and
                  Vivek R. Narasayya and
                  Surajit Chaudhuri},
  title        = {Selectivity Estimation for Range Predicates using Lightweight Models},
  journal      = {Proc. {VLDB} Endow.},
  volume       = {12},
  number       = {9},
  pages        = {1044--1057},
  year         = {2019},
  url          = {http://www.vldb.org/pvldb/vol12/p1044-dutt.pdf},
  doi          = {10.14778/3329772.3329780},
  timestamp    = {Sun, 19 Jan 2025 13:44:49 +0100},
  biburl       = {https://dblp.org/rec/journals/pvldb/DuttWNKNC19.bib},
  bibsource    = {dblp computer science bibliography, https://dblp.org}
}

@article{DBLP:journals/pvldb/LiZLG19,
  author       = {Guoliang Li and
                  Xuanhe Zhou and
                  Shifu Li and
                  Bo Gao},
  title        = {QTune: {A} Query-Aware Database Tuning System with Deep Reinforcement
                  Learning},
  journal      = {Proc. {VLDB} Endow.},
  volume       = {12},
  number       = {12},
  pages        = {2118--2130},
  year         = {2019},
  url          = {http://www.vldb.org/pvldb/vol12/p2118-li.pdf},
  doi          = {10.14778/3352063.3352129},
  timestamp    = {Sun, 19 Jan 2025 13:44:39 +0100}
}

@article{DBLP:journals/pvldb/MaYZWZJHLLQLCP20,
  author       = {Minghua Ma and
                  Zheng Yin and
                  Shenglin Zhang and
                  Sheng Wang and
                  Christopher Zheng and
                  Xinhao Jiang and
                  Hanwen Hu and
                  Cheng Luo and
                  Yilin Li and
                  Nengjun Qiu and
                  Feifei Li and
                  Changcheng Chen and
                  Dan Pei},
  title        = {Diagnosing Root Causes of Intermittent Slow Queries in Large-Scale
                  Cloud Databases},
  journal      = {Proc. {VLDB} Endow.},
  volume       = {13},
  number       = {8},
  pages        = {1176--1189},
  year         = {2020},
  url          = {http://www.vldb.org/pvldb/vol13/p1176-ma.pdf},
  doi          = {10.14778/3389133.3389136},
  timestamp    = {Sat, 06 Aug 2022 22:05:46 +0200},
  biburl       = {https://dblp.org/rec/journals/pvldb/MaYZWZJHLLQLCP20.bib},
  bibsource    = {dblp computer science bibliography, https://dblp.org}
}

@article{DBLP:journals/pvldb/MarcusNMZAKPT19,
  author       = {Ryan Marcus and
                  Parimarjan Negi and
                  Hongzi Mao and
                  Chi Zhang and
                  Mohammad Alizadeh and
                  Tim Kraska and
                  Olga Papaemmanouil and
                  Nesime Tatbul},
  title        = {Neo: {A} Learned Query Optimizer},
  journal      = {Proc. {VLDB} Endow.},
  volume       = {12},
  number       = {11},
  pages        = {1705--1718},
  year         = {2019},
  url          = {http://www.vldb.org/pvldb/vol12/p1705-marcus.pdf},
  doi          = {10.14778/3342263.3342644}
}

@article{DBLP:journals/pvldb/MarcusP19,
  author       = {Ryan Marcus and
                  Olga Papaemmanouil},
  title        = {Plan-Structured Deep Neural Network Models for Query Performance Prediction},
  journal      = {Proc. {VLDB} Endow.},
  volume       = {12},
  number       = {11},
  pages        = {1733--1746},
  year         = {2019},
  url          = {http://www.vldb.org/pvldb/vol12/p1733-marcus.pdf},
  doi          = {10.14778/3342263.3342646},
  timestamp    = {Sun, 19 Jan 2025 13:44:27 +0100},
  biburl       = {https://dblp.org/rec/journals/pvldb/MarcusP19.bib},
  bibsource    = {dblp computer science bibliography, https://dblp.org}
}

@article{DBLP:journals/pvldb/TanZLCZZQSCZ19,
  author       = {Jian Tan and
                  Tieying Zhang and
                  Feifei Li and
                  Jie Chen and
                  Qixing Zheng and
                  Ping Zhang and
                  Honglin Qiao and
                  Yue Shi and
                  Wei Cao and
                  Rui Zhang},
  title        = {iBTune: Individualized Buffer Tuning for Large-scale Cloud Databases},
  journal      = {Proc. {VLDB} Endow.},
  volume       = {12},
  number       = {10},
  pages        = {1221--1234},
  year         = {2019},
  url          = {http://www.vldb.org/pvldb/vol12/p1221-tan.pdf},
  doi          = {10.14778/3339490.3339503},
  timestamp    = {Mon, 07 Feb 2022 09:02:09 +0100}
}

@article{DBLP:journals/pvldb/Zhou0WLSZ23,
  author       = {Xuanhe Zhou and
                  Guoliang Li and
                  Jianming Wu and
                  Jiesi Liu and
                  Zhaoyan Sun and
                  Xinning Zhang},
  title        = {A Learned Query Rewrite System},
  journal      = {Proc. {VLDB} Endow.},
  volume       = {16},
  number       = {12},
  pages        = {4110--4113},
  year         = {2023},
  url          = {https://www.vldb.org/pvldb/vol16/p4110-li.pdf},
  doi          = {10.14778/3611540.3611633},
  timestamp    = {Mon, 23 Oct 2023 16:16:16 +0200},
  biburl       = {https://dblp.org/rec/journals/pvldb/Zhou0WLSZ23.bib},
  bibsource    = {dblp computer science bibliography, https://dblp.org}
}

@article{DBLP:journals/pvldb/ZhouLCF21,
  author       = {Xuanhe Zhou and
                  Guoliang Li and
                  Chengliang Chai and
                  Jianhua Feng},
  title        = {A Learned Query Rewrite System using Monte Carlo Tree Search},
  journal      = {Proc. {VLDB} Endow.},
  volume       = {15},
  number       = {1},
  pages        = {46--58},
  year         = {2021},
  url          = {http://www.vldb.org/pvldb/vol15/p46-li.pdf},
  doi          = {10.14778/3485450.3485456},
  timestamp    = {Thu, 21 Apr 2022 17:09:21 +0200},
  biburl       = {https://dblp.org/rec/journals/pvldb/ZhouLCF21.bib},
  bibsource    = {dblp computer science bibliography, https://dblp.org}
}

@article{DBLP:journals/pvldb/ZhouSLF20,
  author       = {Xuanhe Zhou and
                  Ji Sun and
                  Guoliang Li and
                  Jianhua Feng},
  title        = {Query Performance Prediction for Concurrent Queries using Graph Embedding},
  journal      = {Proc. {VLDB} Endow.},
  volume       = {13},
  number       = {9},
  pages        = {1416--1428},
  year         = {2020},
  url          = {http://www.vldb.org/pvldb/vol13/p1416-zhou.pdf},
  doi          = {10.14778/3397230.3397238},
  timestamp    = {Tue, 23 Mar 2021 15:33:12 +0100},
  biburl       = {https://dblp.org/rec/journals/pvldb/ZhouSLF20.bib},
  bibsource    = {dblp computer science bibliography, https://dblp.org}
}

@article{DBLP:journals/tkde/ZhouCLS22,
  author       = {Xuanhe Zhou and
                  Chengliang Chai and
                  Guoliang Li and
                  Ji Sun},
  title        = {Database Meets Artificial Intelligence: {A} Survey},
  journal      = {{IEEE} Trans. Knowl. Data Eng.},
  volume       = {34},
  number       = {3},
  pages        = {1096--1116},
  year         = {2022},
  url          = {https://doi.org/10.1109/TKDE.2020.2994641},
  doi          = {10.1109/TKDE.2020.2994641},
  timestamp    = {Wed, 23 Feb 2022 11:15:41 +0100},
  biburl       = {https://dblp.org/rec/journals/tkde/ZhouCLS22.bib},
  bibsource    = {dblp computer science bibliography, https://dblp.org}
}

@article{DBLP:journals/tods/AbergerLTNOR17,
  author    = {Christopher R. Aberger and
               Andrew Lamb and
               Susan Tu and
               Andres N{\"{o}}tzli and
               Kunle Olukotun and
               Christopher R{\'{e}}},
  title     = {EmptyHeaded: {A} Relational Engine for Graph Processing},
  journal   = {{ACM} Trans. Database Syst.},
  volume    = {42},
  number    = {4},
  pages     = {20:1--20:44},
  year      = {2017},
  url       = {https://doi.org/10.1145/3129246},
  doi       = {10.1145/3129246},
  timestamp = {Mon, 16 Sep 2019 14:51:01 +0200},
  biburl    = {https://dblp.org/rec/journals/tods/AbergerLTNOR17.bib},
  bibsource = {dblp computer science bibliography, https://dblp.org}
}

@article{DBLP:journals/tods/TrummerWWMMJAR21,
  author       = {Immanuel Trummer and
                  Junxiong Wang and
                  Ziyun Wei and
                  Deepak Maram and
                  Samuel Moseley and
                  Saehan Jo and
                  Joseph Antonakakis and
                  Ankush Rayabhari},
  title        = {SkinnerDB: Regret-bounded Query Evaluation via Reinforcement Learning},
  journal      = {{ACM} Trans. Database Syst.},
  volume       = {46},
  number       = {3},
  pages        = {9:1--9:45},
  year         = {2021},
  url          = {https://doi.org/10.1145/3464389},
  doi          = {10.1145/3464389},
  timestamp    = {Wed, 07 Dec 2022 23:05:07 +0100},
  biburl       = {https://dblp.org/rec/journals/tods/TrummerWWMMJAR21.bib},
  bibsource    = {dblp computer science bibliography, https://dblp.org}
}

@article{DBLP:journals/vldb/IdrisUVVL20,
  author    = {Muhammad Idris and
               Mart{\'{\i}}n Ugarte and
               Stijn Vansummeren and
               Hannes Voigt and
               Wolfgang Lehner},
  title     = {General dynamic Yannakakis: conjunctive queries with theta joins under
               updates},
  journal   = {{VLDB} J.},
  volume    = {29},
  number    = {2-3},
  pages     = {619--653},
  year      = {2020},
  url       = {https://doi.org/10.1007/s00778-019-00590-9},
  doi       = {10.1007/s00778-019-00590-9},
  timestamp = {Mon, 06 Jul 2020 16:47:48 +0200},
  biburl    = {https://dblp.org/rec/journals/vldb/IdrisUVVL20.bib},
  bibsource = {dblp computer science bibliography, https://dblp.org}
}

@article{grossadaptive,
  title={Adaptive Factorization Using Linear-Chained Hash Tables},
  author={Gro{\ss}, Paul and ten Wolde, Daniel and Boncz, Peter},
  booktitle    = {CIDR 2025},
year = {2025}
}

@article{lanzinger2024soft,
  title={Soft and Constrained Hypertree Width},
  author={Lanzinger, Matthias and Okulmus, Cem and Pichler, Reinhard and Selzer, Alexander and Gottlob, Georg},
  journal={arXiv preprint arXiv:2412.11669},
  year={2024}
}

@article{tzoumas2008reinforcement,
  title={A reinforcement learning approach for adaptive query processing},
  author={Tzoumas, Kostas and Sellis, Timos and Jensen, Christian S},
  journal={History},
  pages={1--25},
  year={2008}
}

