
% Journals

% First the Full Name is given, then the abbreviation used in the AMS Math
% Reviews, with an indication if it could not be found there.
% Note the 2nd overwrites the 1st, so swap them if you want the full name.

 %{AMS}
 @String{AMSTrans = "American Mathematical Society Translations" }
 @String{AMSTrans = "Amer. Math. Soc. Transl." }
 @String{BullAMS = "Bulletin of the American Mathematical Society" }
 @String{BullAMS = "Bull. Amer. Math. Soc." }
 @String{ProcAMS = "Proceedings of the American Mathematical Society" }
 @String{ProcAMS = "Proc. Amer. Math. Soc." }
 @String{TransAMS = "Transactions of the American Mathematical Society" }
 @String{TransAMS = "Trans. Amer. Math. Soc." }

 %ACM
 @String{CACM = "Communications of the {ACM}" }
 @String{CACM = "Commun. {ACM}" }
 @String{CompServ = "Comput. Surveys" }
 @String{JACM = "J. ACM" }
 @String{ACMMathSoft = "{ACM} Transactions on Mathematical Software" }
 @String{ACMMathSoft = "{ACM} Trans. Math. Software" }
 @String{SIGNUM = "{ACM} {SIGNUM} Newsletter" }
 @String{SIGNUM = "{ACM} {SIGNUM} Newslett." }

 @String{AmerSocio = "American Journal of Sociology" }
 @String{AmerStatAssoc = "Journal of the American Statistical Association" }
 @String{AmerStatAssoc = "J. Amer. Statist. Assoc." }
 @String{ApplMathComp = "Applied Mathematics and Computation" }
 @String{ApplMathComp = "Appl. Math. Comput." }
 @String{AmerMathMonthly = "American Mathematical Monthly" }
 @String{AmerMathMonthly = "Amer. Math. Monthly" }
 @String{BIT = "{BIT}" }
 @String{BritStatPsych = "British Journal of Mathematical and Statistical
          Psychology" }
 @String{BritStatPsych = "Brit. J. Math. Statist. Psych." }
 @String{CanMathBull = "Canadian Mathematical Bulletin" }
 @String{CanMathBull = "Canad. Math. Bull." }
 @String{CompApplMath = "Journal of Computational and Applied Mathematics" }
 @String{CompApplMath = "J. Comput. Appl. Math." }
 @String{CompPhys = "Journal of Computational Physics" }
 @String{CompPhys = "J. Comput. Phys." }
 @String{CompStruct = "Computers and Structures" }
 @String{CompStruct = "Comput. \& Structures" }
 @String{CompJour = "The Computer Journal" }
 @String{CompJour = "Comput. J." }
 @String{CompSysSci = "Journal of Computer and System Sciences" }
 @String{CompSysSci = "J. Comput. System Sci." }
 @String{Computing = "Computing" }
 @String{ContempMath = "Contemporary Mathematics" }
 @String{ContempMath = "Contemp. Math." }
 @String{Crelle = "Crelle's Journal" }
 @String{GiornaleMath = "Giornale di Mathematiche" }
 @String{GiornaleMath = "Giorn. Mat." } % didn't find in AMS MR., ibid.

 %IEEE
 @String{Computer = "{IEEE} Computer" }
 @String{IEEETransComp = "{IEEE} Transactions on Computers" }
 @String{IEEETransComp = "{IEEE} Trans. Comput." }
 @String{IEEETransAC = "{IEEE} Transactions on Automatic Control" }
 @String{IEEETransAC = "{IEEE} Trans. Automat. Control" }
 @String{IEEESpec = "{IEEE} Spectrum" } % didn't find in AMS MR
 @String{ProcIEEE = "Proceedings of the {IEEE}" }
 @String{ProcIEEE = "Proc. {IEEE}" } % didn't find in AMS MR
 @String{IEEETransAeroElec = "{IEEE} Transactions on Aerospace and Electronic
     Systems" }
 @String{IEEETransAeroElec = "{IEEE} Trans. Aerospace Electron. Systems" }

 @String{IMANumerAna = "{IMA} Journal of Numerical Analysis" }
 @String{IMANumerAna = "{IMA} J. Numer. Anal." }
 @String{InfProcLet = "Information Processing Letters" }
 @String{InfProcLet = "Inform. Process. Lett." }
 @String{InstMathApp = "Journal of the Institute of Mathematics and
     its Applications" }
 @String{InstMathApp = "J. Inst. Math. Appl." }
 @String{IntControl = "International Journal of Control" }
 @String{IntControl = "Internat. J. Control" }
 @String{IntNumerEng = "International Journal for Numerical Methods in
     Engineering" }
 @String{IntNumerEng = "Internat. J. Numer. Methods Engrg." }
 @String{IntSuper = "International Journal of Supercomputing Applications" }
 @String{IntSuper = "Internat. J. Supercomputing Applic." } % didn't find
%% in AMS MR
 @String{Kibernetika = "Kibernetika" }
 @String{JResNatBurStand = "Journal of Research of the National Bureau
     of Standards" }
 @String{JResNatBurStand = "J. Res. Nat. Bur. Standards" }
 @String{LinAlgApp = "Linear Algebra and its Applications" }
 @String{LinAlgApp = "Linear Algebra Appl." }
 @String{MathAnaAppl = "Journal of Mathematical Analysis and Applications" }
 @String{MathAnaAppl = "J. Math. Anal. Appl." }
 @String{MathAnnalen = "Mathematische Annalen" }
 @String{MathAnnalen = "Math. Ann." }
 @String{MathPhys = "Journal of Mathematical Physics" }
 @String{MathPhys = "J. Math. Phys." }
 @String{MathComp = "Mathematics of Computation" }
 @String{MathComp = "Math. Comp." }
 @String{MathScand = "Mathematica Scandinavica" }
 @String{MathScand = "Math. Scand." }
 @String{TablesAidsComp = "Mathematical Tables and Other Aids to Computation" }
 @String{TablesAidsComp = "Math. Tables Aids Comput." }
 @String{NumerMath = "Numerische Mathematik" }
 @String{NumerMath = "Numer. Math." }
 @String{PacificMath = "Pacific Journal of Mathematics" }
 @String{PacificMath = "Pacific J. Math." }
 @String{ParDistComp = "Journal of Parallel and Distributed Computing" }
 @String{ParDistComp = "J. Parallel and Distrib. Comput." } % didn't find
%% in AMS MR
 @String{ParComputing = "Parallel Computing" }
 @String{ParComputing = "Parallel Comput." }
 @String{PhilMag = "Philosophical Magazine" }
 @String{PhilMag = "Philos. Mag." }
 @String{ProcNAS = "Proceedings of the National Academy of Sciences
                    of the USA" }
 @String{ProcNAS = "Proc. Nat. Acad. Sci. U. S. A." }
 @String{Psychometrika = "Psychometrika" }
 @String{QuartMath = "Quarterly Journal of Mathematics, Oxford, Series (2)" }
 @String{QuartMath = "Quart. J. Math. Oxford Ser. (2)" }
 @String{QuartApplMath = "Quarterly of Applied Mathematics" }
 @String{QuartApplMath = "Quart. Appl. Math." }
 @String{RevueInstStat = "Review of the International Statisical Institute" }
 @String{RevueInstStat = "Rev. Inst. Internat. Statist." }

 %SIAM
 @String{JSIAM = "Journal of the Society for Industrial and Applied
     Mathematics" }
 @String{JSIAM = "J. Soc. Indust. Appl. Math." }
 @String{JSIAMB = "Journal of the Society for Industrial and Applied
     Mathematics, Series B, Numerical Analysis" }
 @String{JSIAMB = "J. Soc. Indust. Appl. Math. Ser. B Numer. Anal." }
 @String{SIAMAlgMeth = "{SIAM} Journal on Algebraic and Discrete Methods" }
 @String{SIAMAlgMeth = "{SIAM} J. Algebraic Discrete Methods" }
 @String{SIAMAppMath = "{SIAM} Journal on Applied Mathematics" }
 @String{SIAMAppMath = "{SIAM} J. Appl. Math." }
 @String{SIAMComp = "{SIAM} Journal on Computing" }
 @String{SIAMComp = "{SIAM} J. Comput." }
 @String{SIAMMatrix = "{SIAM} Journal on Matrix Analysis and Applications" }
 @String{SIAMMatrix = "{SIAM} J. Matrix Anal. Appl." }
 @String{SIAMNumAnal = "{SIAM} Journal on Numerical Analysis" }
 @String{SIAMNumAnal = "{SIAM} J. Numer. Anal." }
 @String{SIAMReview = "{SIAM} Review" }
 @String{SIAMReview = "{SIAM} Rev." }
 @String{SIAMSciStat = "{SIAM} Journal on Scientific and Statistical
     Computing" }
 @String{SIAMSciStat = "{SIAM} J. Sci. Statist. Comput." }

 @String{SoftPracExp = "Software Practice and Experience" }
 @String{SoftPracExp = "Software Prac. Experience" } % didn't find in AMS MR
 @String{StatScience = "Statistical Science" }
 @String{StatScience = "Statist. Sci." }
 @String{Techno = "Technometrics" }
 @String{USSRCompMathPhys = "{USSR} Computational Mathematics and Mathematical
     Physics" }
 @String{USSRCompMathPhys = "{U. S. S. R.} Comput. Math. and Math. Phys." }
 @String{VLSICompSys = "Journal of {VLSI} and Computer Systems" }
 @String{VLSICompSys = "J. {VLSI} Comput. Syst." }
 @String{ZAngewMathMech = "Zeitschrift fur Angewandte Mathematik und
     Mechanik" }
 @String{ZAngewMathMech = "Z. Angew. Math. Mech." }
 @String{ZAngewMathPhys = "Zeitschrift fur Angewandte Mathematik und Physik" }
 @String{ZAngewMathPhys = "Z. Angew. Math. Phys." }

% Publishers % ================================================= |

 @String{Academic = "Academic Press" }
 @String{ACMPress = "{ACM} Press" }
 @String{AdamHilger = "Adam Hilger" }
 @String{AddisonWesley = "Addison-Wesley" }
 @String{AllynBacon = "Allyn and Bacon" }
 @String{AMS = "American Mathematical Society" }
 @String{Birkhauser = "Birkha{\"u}ser" }
 @String{CambridgePress = "Cambridge University Press" }
 @String{Chelsea = "Chelsea" }
 @String{ClaredonPress = "Claredon Press" }
 @String{DoverPub = "Dover Publications" }
 @String{Eyolles = "Eyolles" }
 @String{HoltRinehartWinston = "Holt, Rinehart and Winston" }
 @String{Interscience = "Interscience" }
 @String{JohnsHopkinsPress = "The Johns Hopkins University Press" }
 @String{JohnWileySons = "John Wiley and Sons" }
 @String{Macmillan = "Macmillan" }
 @String{MathWorks = "The Math Works Inc." }
 @String{McGrawHill = "McGraw-Hill" }
 @String{NatBurStd = "National Bureau of Standards" }
 @String{NorthHolland = "North-Holland" }
 @String{OxfordPress = "Oxford University Press" }  %address Oxford or London?
 @String{PergamonPress = "Pergamon Press" }
 @String{PlenumPress = "Plenum Press" }
 @String{PrenticeHall = "Prentice-Hall" }
 @String{SIAMPub = "{SIAM} Publications" }
 @String{Springer = "Springer-Verlag" }
 @String{TexasPress = "University of Texas Press" }
 @String{VanNostrand = "Van Nostrand" }
 @String{WHFreeman = "W. H. Freeman and Co." }

%Entries



@inproceedings{DBLP:conf/pods/GottlobLS99,
  author    = {Georg Gottlob and
               Nicola Leone and
               Francesco Scarcello},
  title     = {Hypertree Decompositions and Tractable Queries},
  booktitle = {Proc. {PODS} 1999},
  pages     = {21--32},
  publisher = {{ACM} Press},
  year      = {1999},
  url       = {https://doi.org/10.1145/303976.303979},
  doi       = {10.1145/303976.303979},
  timestamp = {Tue, 06 Nov 2018 16:58:02 +0100},
  biburl    = {https://dblp.org/rec/conf/pods/GottlobLS99.bib},
  bibsource = {dblp computer science bibliography, https://dblp.org}
}



@article{DBLP:journals/jacm/GottlobLPR21,
  author    = {Georg Gottlob and
               Matthias Lanzinger and
               Reinhard Pichler and
               Igor Razgon},
  title     = {Complexity Analysis of Generalized and Fractional Hypertree Decompositions},
  journal   = {J. {ACM}},
  volume    = {68},
  number    = {5},
  pages     = {38:1--38:50},
  year      = {2021},
  url       = {https://doi.org/10.1145/3457374},
  doi       = {10.1145/3457374},
  timestamp = {Mon, 03 Jan 2022 22:06:23 +0100},
  biburl    = {https://dblp.org/rec/journals/jacm/GottlobLPR21.bib},
  bibsource = {dblp computer science bibliography, https://dblp.org}
}


@inproceedings{DBLP:conf/pods/Lanzinger22,
  author    = {Matthias Lanzinger},
  title     = {The Complexity of Conjunctive Queries with Degree 2},
  booktitle = {Proc. {PODS} '22},
  pages     = {91--102},
  publisher = {{ACM}},
  year      = {2022},
  url       = {https://doi.org/10.1145/3517804.3524152},
  doi       = {10.1145/3517804.3524152},
  timestamp = {Wed, 15 Jun 2022 09:05:34 +0200},
  biburl    = {https://dblp.org/rec/conf/pods/Lanzinger22.bib},
  bibsource = {dblp computer science bibliography, https://dblp.org}
}




@inproceedings{DBLP:conf/ijcai/SchidlerS21,
  author    = {Andr{\'{e}} Schidler and
               Stefan Szeider},
  title     = {Computing Optimal Hypertree Decompositions with {SAT}},
  booktitle = {Proc,{IJCAI} 2021},
  pages     = {1418--1424},
  publisher = {ijcai.org},
  year      = {2021},
  url       = {https://doi.org/10.24963/ijcai.2021/196},
  doi       = {10.24963/ijcai.2021/196},
  timestamp = {Wed, 25 Aug 2021 17:11:16 +0200},
  biburl    = {https://dblp.org/rec/conf/ijcai/SchidlerS21.bib},
  bibsource = {dblp computer science bibliography, https://dblp.org}
}



@inproceedings{DBLP:conf/pods/GottlobLOP22,
  author    = {Georg Gottlob and
               Matthias Lanzinger and
               Cem Okulmus and
               Reinhard Pichler},
  title     = {Fast Parallel Hypertree Decompositions in Logarithmic Recursion Depth},
  booktitle = {Proc. {PODS} '22},
  pages     = {325--336},
  publisher = {{ACM}},
  year      = {2022},
  url       = {https://doi.org/10.1145/3517804.3524153},
  doi       = {10.1145/3517804.3524153},
  timestamp = {Wed, 15 Jun 2022 09:05:34 +0200},
  biburl    = {https://dblp.org/rec/conf/pods/GottlobLOP22.bib},
  bibsource = {dblp computer science bibliography, https://dblp.org}
}


@article{DBLP:journals/constraints/GottlobOP22,
  author    = {Georg Gottlob and
               Cem Okulmus and
               Reinhard Pichler},
  title     = {Fast and parallel decomposition of constraint satisfaction problems},
  journal   = {Constraints An Int. J.},
  volume    = {27},
  number    = {3},
  pages     = {284--326},
  year      = {2022},
  url       = {https://doi.org/10.1007/s10601-022-09332-1},
  doi       = {10.1007/s10601-022-09332-1},
  timestamp = {Thu, 25 Aug 2022 08:36:39 +0200},
  biburl    = {https://dblp.org/rec/journals/constraints/GottlobOP22.bib},
  bibsource = {dblp computer science bibliography, https://dblp.org}
}




@inproceedings{DBLP:conf/icde/SeshadriPL96,
  author    = {Praveen Seshadri and
               Hamid Pirahesh and
               T. Y. Cliff Leung},
  title     = {Complex Query Decorrelation},
  booktitle = {Proc. {ICDE}'96},
  pages     = {450--458},
  publisher = {{IEEE} Computer Society},
  year      = {1996},
  url       = {https://doi.org/10.1109/ICDE.1996.492194},
  doi       = {10.1109/ICDE.1996.492194},
  timestamp = {Wed, 16 Oct 2019 14:14:56 +0200},
  biburl    = {https://dblp.org/rec/conf/icde/SeshadriPL96.bib},
  bibsource = {dblp computer science bibliography, https://dblp.org}
}



@article{DBLP:journals/siamcomp/FlumG04,
  author    = {J{\"{o}}rg Flum and
               Martin Grohe},
  title     = {The Parameterized Complexity of Counting Problems},
  journal   = {{SIAM} J. Comput.},
  volume    = {33},
  number    = {4},
  pages     = {892--922},
  year      = {2004},
  url       = {https://doi.org/10.1137/S0097539703427203},
  doi       = {10.1137/S0097539703427203},
  timestamp = {Thu, 08 Jun 2017 08:59:24 +0200},
  biburl    = {https://dblp.org/rec/journals/siamcomp/FlumG04.bib},
  bibsource = {dblp computer science bibliography, https://dblp.org}
}



@book{DBLP:books/daglib/0010423,
  author    = {Hector Garcia{-}Molina and
               Jeffrey D. Ullman and
               Jennifer Widom},
  title     = {Database Systems: The Complete Book},
  publisher = {Pearson Education},
  year      = {2002},
  isbn      = {978-0-13-098043-4},
  timestamp = {Fri, 15 Apr 2011 13:37:33 +0200},
  biburl    = {https://dblp.org/rec/books/daglib/0010423.bib},
  bibsource = {dblp computer science bibliography, https://dblp.org}
}



@article{DBLP:journals/sigact/GrumbachLMW96,
  author    = {St{\'{e}}phane Grumbach and
               Leonid Libkin and
               Tova Milo and
               Limsoon Wong},
  title     = {Query languages for bags: expressive power and complexity},
  journal   = {{SIGACT} News},
  volume    = {27},
  number    = {2},
  pages     = {30--44},
  year      = {1996},
  url       = {https://doi.org/10.1145/235767.235770},
  doi       = {10.1145/235767.235770},
  timestamp = {Tue, 06 Nov 2018 12:51:29 +0100},
  biburl    = {https://dblp.org/rec/journals/sigact/GrumbachLMW96.bib},
  bibsource = {dblp computer science bibliography, https://dblp.org}
}



@inproceedings{DBLP:conf/cidr/BonczZN05,
  author    = {Peter A. Boncz and
               Marcin Zukowski and
               Niels Nes},
  title     = {MonetDB/X100: Hyper-Pipelining Query Execution},
  booktitle = {Proc., {CIDR} 2005},
  pages     = {225--237},
  publisher = {www.cidrdb.org},
  year      = {2005}
}



@inproceedings{DBLP:conf/btw/0001K15,
  author    = {Thomas Neumann and
               Alfons Kemper},
  title     = {Unnesting Arbitrary Queries},
  booktitle = {Proc. {DBIS} 2015},
  series    = {{LNI}},
  volume    = {{P-241}},
  pages     = {383--402},
  publisher = {{GI}},
  year      = {2015},
  url       = {https://dl.gi.de/20.500.12116/2418},
  timestamp = {Thu, 14 Nov 2019 16:35:26 +0100},
  biburl    = {https://dblp.org/rec/conf/btw/0001K15.bib},
  bibsource = {dblp computer science bibliography, https://dblp.org}
}



@article{DBLP:journals/tods/AbergerLTNOR17,
  author    = {Christopher R. Aberger and
               Andrew Lamb and
               Susan Tu and
               Andres N{\"{o}}tzli and
               Kunle Olukotun and
               Christopher R{\'{e}}},
  title     = {EmptyHeaded: {A} Relational Engine for Graph Processing},
  journal   = {{ACM} Trans. Database Syst.},
  volume    = {42},
  number    = {4},
  pages     = {20:1--20:44},
  year      = {2017},
  url       = {https://doi.org/10.1145/3129246},
  doi       = {10.1145/3129246},
  timestamp = {Mon, 16 Sep 2019 14:51:01 +0200},
  biburl    = {https://dblp.org/rec/journals/tods/AbergerLTNOR17.bib},
  bibsource = {dblp computer science bibliography, https://dblp.org}
}


@inproceedings{DBLP:conf/cpaior/GottlobLLOP20,
  author    = {Georg Gottlob and
               Matthias Lanzinger and
               Davide Mario Longo and
               Cem Okulmus and
               Reinhard Pichler},
  editor    = {Emmanuel Hebrard and
               Nysret Musliu},
  title     = {The HyperTrac Project: Recent Progress and Future Research Directions
               on Hypergraph Decompositions},
  booktitle = {Integration of Constraint Programming, Artificial Intelligence, and
               Operations Research - 17th International Conference, {CPAIOR} 2020,
               Vienna, Austria, September 21-24, 2020, Proceedings},
  series    = {Lecture Notes in Computer Science},
  volume    = {12296},
  pages     = {3--21},
  publisher = {Springer},
  year      = {2020},
  url       = {https://doi.org/10.1007/978-3-030-58942-4\_1},
  doi       = {10.1007/978-3-030-58942-4\_1},
  timestamp = {Sun, 25 Oct 2020 23:15:05 +0100},
  biburl    = {https://dblp.org/rec/conf/cpaior/GottlobLLOP20.bib},
  bibsource = {dblp computer science bibliography, https://dblp.org}
}
@article{DBLP:journals/pvldb/LeisGMBK015,
  author    = {Viktor Leis and
               Andrey Gubichev and
               Atanas Mirchev and
               Peter A. Boncz and
               Alfons Kemper and
               Thomas Neumann},
  title     = {How Good Are Query Optimizers, Really?},
  journal   = {Proc. {VLDB} Endow.},
  volume    = {9},
  number    = {3},
  pages     = {204--215},
  year      = {2015},
  url       = {http://www.vldb.org/pvldb/vol9/p204-leis.pdf},
  doi       = {10.14778/2850583.2850594},
  timestamp = {Sat, 25 Apr 2020 13:59:04 +0200},
  biburl    = {https://dblp.org/rec/journals/pvldb/LeisGMBK015.bib},
  bibsource = {dblp computer science bibliography, https://dblp.org}
}




@article{DBLP:journals/jacm/Grohe07,
  author    = {Martin Grohe},
  title     = {The complexity of homomorphism and constraint satisfaction problems
               seen from the other side},
  journal   = {J. {ACM}},
  volume    = {54},
  number    = {1},
  pages     = {1:1--1:24},
  year      = {2007},
  url       = {https://doi.org/10.1145/1206035.1206036},
  doi       = {10.1145/1206035.1206036},
  timestamp = {Wed, 14 Nov 2018 10:35:25 +0100},
  biburl    = {https://dblp.org/rec/journals/jacm/Grohe07.bib},
  bibsource = {dblp computer science bibliography, https://dblp.org}
}



@article{DBLP:journals/toc/Marx10,
  author    = {D{\'{a}}niel Marx},
  title     = {Can You Beat Treewidth?},
  journal   = {Theory Comput.},
  volume    = {6},
  number    = {1},
  pages     = {85--112},
  year      = {2010},
  url       = {https://doi.org/10.4086/toc.2010.v006a005},
  doi       = {10.4086/toc.2010.v006a005},
  timestamp = {Sun, 21 Jun 2020 17:37:51 +0200},
  biburl    = {https://dblp.org/rec/journals/toc/Marx10.bib},
  bibsource = {dblp computer science bibliography, https://dblp.org}
}



@article{DBLP:journals/siamcomp/AtseriasGM13,
  author    = {Albert Atserias and
               Martin Grohe and
               D{\'{a}}niel Marx},
  title     = {Size Bounds and Query Plans for Relational Joins},
  journal   = {{SIAM} J. Comput.},
  volume    = {42},
  number    = {4},
  pages     = {1737--1767},
  year      = {2013},
  url       = {https://doi.org/10.1137/110859440},
  doi       = {10.1137/110859440},
  timestamp = {Thu, 08 Jun 2017 08:59:24 +0200},
  biburl    = {https://dblp.org/rec/journals/siamcomp/AtseriasGM13.bib},
  bibsource = {dblp computer science bibliography, https://dblp.org}
}


@inproceedings{DBLP:conf/stoc/ChandraM77,
  author    = {Ashok K. Chandra and
               Philip M. Merlin},
  editor    = {John E. Hopcroft and
               Emily P. Friedman and
               Michael A. Harrison},
  title     = {Optimal Implementation of Conjunctive Queries in Relational Data Bases},
  booktitle = {Proceedings of the 9th Annual {ACM} Symposium on Theory of Computing,
               May 4-6, 1977, Boulder, Colorado, {USA}},
  pages     = {77--90},
  publisher = {{ACM}},
  year      = {1977},
  url       = {https://doi.org/10.1145/800105.803397},
  doi       = {10.1145/800105.803397},
  timestamp = {Wed, 14 Nov 2018 10:51:36 +0100},
  biburl    = {https://dblp.org/rec/conf/stoc/ChandraM77.bib},
  bibsource = {dblp computer science bibliography, https://dblp.org}
}



@inproceedings{DBLP:conf/sigmod/IdrisUV17,
  author    = {Muhammad Idris and
               Mart{\'{\i}}n Ugarte and
               Stijn Vansummeren},
  editor    = {Semih Salihoglu and
               Wenchao Zhou and
               Rada Chirkova and
               Jun Yang and
               Dan Suciu},
  title     = {The Dynamic Yannakakis Algorithm: Compact and Efficient Query Processing
               Under Updates},
  booktitle = {Proceedings of the 2017 {ACM} International Conference on Management
               of Data, {SIGMOD} Conference 2017, Chicago, IL, USA, May 14-19, 2017},
  pages     = {1259--1274},
  publisher = {{ACM}},
  year      = {2017},
  url       = {https://doi.org/10.1145/3035918.3064027},
  doi       = {10.1145/3035918.3064027},
  timestamp = {Tue, 06 Nov 2018 11:07:39 +0100},
  biburl    = {https://dblp.org/rec/conf/sigmod/IdrisUV17.bib},
  bibsource = {dblp computer science bibliography, https://dblp.org}
}



@inproceedings{DBLP:conf/sigmod/MoerkotteN08,
  author    = {Guido Moerkotte and
               Thomas Neumann},
  editor    = {Jason Tsong{-}Li Wang},
  title     = {Dynamic programming strikes back},
  booktitle = {Proceedings of the {ACM} {SIGMOD} International Conference on Management
               of Data, {SIGMOD} 2008, Vancouver, BC, Canada, June 10-12, 2008},
  pages     = {539--552},
  publisher = {{ACM}},
  year      = {2008},
  url       = {https://doi.org/10.1145/1376616.1376672},
  doi       = {10.1145/1376616.1376672},
  timestamp = {Tue, 16 Aug 2022 23:04:20 +0200},
  biburl    = {https://dblp.org/rec/conf/sigmod/MoerkotteN08.bib},
  bibsource = {dblp computer science bibliography, https://dblp.org}
}





@article{DBLP:journals/vldb/IdrisUVVL20,
  author    = {Muhammad Idris and
               Mart{\'{\i}}n Ugarte and
               Stijn Vansummeren and
               Hannes Voigt and
               Wolfgang Lehner},
  title     = {General dynamic Yannakakis: conjunctive queries with theta joins under
               updates},
  journal   = {{VLDB} J.},
  volume    = {29},
  number    = {2-3},
  pages     = {619--653},
  year      = {2020},
  url       = {https://doi.org/10.1007/s00778-019-00590-9},
  doi       = {10.1007/s00778-019-00590-9},
  timestamp = {Mon, 06 Jul 2020 16:47:48 +0200},
  biburl    = {https://dblp.org/rec/journals/vldb/IdrisUVVL20.bib},
  bibsource = {dblp computer science bibliography, https://dblp.org}
}




@article{DBLP:journals/jacm/GottlobLS01,
  author    = {Georg Gottlob and
               Nicola Leone and
               Francesco Scarcello},
  title     = {The complexity of acyclic conjunctive queries},
  journal   = {J. {ACM}},
  volume    = {48},
  number    = {3},
  pages     = {431--498},
  year      = {2001},
  url       = {https://doi.org/10.1145/382780.382783},
  doi       = {10.1145/382780.382783},
  timestamp = {Sun, 02 Jun 2019 20:59:12 +0200},
  biburl    = {https://dblp.org/rec/journals/jacm/GottlobLS01.bib},
  bibsource = {dblp computer science bibliography, https://dblp.org}
}


@inproceedings{DBLP:conf/icdt/AfratiJRSU17,
  author    = {Foto N. Afrati and
               Manas R. Joglekar and
               Christopher R{\'{e}} and
               Semih Salihoglu and
               Jeffrey D. Ullman},
  editor    = {Michael Benedikt and
               Giorgio Orsi},
  title     = {{GYM:} {A} Multiround Distributed Join Algorithm},
  booktitle = {20th International Conference on Database Theory, {ICDT} 2017, March
               21-24, 2017, Venice, Italy},
  series    = {LIPIcs},
  volume    = {68},
  pages     = {4:1--4:18},
  publisher = {Schloss Dagstuhl - Leibniz-Zentrum f{\"{u}}r Informatik},
  year      = {2017},
  url       = {https://doi.org/10.4230/LIPIcs.ICDT.2017.4},
  doi       = {10.4230/LIPIcs.ICDT.2017.4},
  timestamp = {Tue, 11 Feb 2020 15:52:14 +0100},
  biburl    = {https://dblp.org/rec/conf/icdt/AfratiJRSU17.bib},
  bibsource = {dblp computer science bibliography, https://dblp.org}
}



@inproceedings{DBLP:conf/icde/GhionnaGGS07,
  author    = {Lucantonio Ghionna and
               Luigi Granata and
               Gianluigi Greco and
               Francesco Scarcello},
  title     = {Hypertree Decompositions for Query Optimization},
  booktitle = {Proc. {ICDE} 2007},
  pages     = {36--45},
  publisher = {{IEEE} Computer Society},
  year      = {2007},
  url       = {https://doi.org/10.1109/ICDE.2007.367849},
  doi       = {10.1109/ICDE.2007.367849},
  timestamp = {Wed, 16 Oct 2019 14:14:56 +0200},
  biburl    = {https://dblp.org/rec/conf/icde/GhionnaGGS07.bib},
  bibsource = {dblp computer science bibliography, https://dblp.org}
}



@article{DBLP:journals/vldb/BonifatiMT20,
  author    = {Angela Bonifati and
               Wim Martens and
               Thomas Timm},
  title     = {An analytical study of large {SPARQL} query logs},
  journal   = {{VLDB} J.},
  volume    = {29},
  number    = {2-3},
  pages     = {655--679},
  year      = {2020},
  url       = {https://doi.org/10.1007/s00778-019-00558-9},
  doi       = {10.1007/s00778-019-00558-9},
  timestamp = {Mon, 06 Jul 2020 16:47:48 +0200},
  biburl    = {https://dblp.org/rec/journals/vldb/BonifatiMT20.bib},
  bibsource = {dblp computer science bibliography, https://dblp.org}
}


@inproceedings{DBLP:conf/vldb/Yannakakis81,
  author    = {Mihalis Yannakakis},
  title     = {Algorithms for Acyclic Database Schemes},
  booktitle = {Proceedings of the 7th International Conference on Very Large Databases, {VLDB} 1981, Cannes},
  pages     = {82--94},
  year      = {1981},
  timestamp = {Wed, 29 Mar 2017 16:45:23 +0200},
  biburl    = {https://dblp.org/rec/conf/vldb/Yannakakis81.bib},
  bibsource = {dblp computer science bibliography, https://dblp.org},
  publisher= {VLDB}
}

@techreport{report/toronto/Gra79,
  title ={{On The Universal Relation}},
  author ={Marc H. Graham},
  year = {1979},
  institution = {University of Toronto}
}

@inproceedings{DBLP:conf/compsac/YuO79,
  author    = {C. T. Yu and
               M. Z. Özsoyoğlu},
  title     = {An algorithm for tree-query membership of a distributed query},
  booktitle = {The {IEEE} Computer Society's Third International Computer Software
               and Applications Conference, {COMPSAC} 1979},
  pages     = {306--312},
  year      = {1979},
  bibsource = {dblp computer science bibliography, https://dblp.org}
}

@article{DBLP:journals/jacm/Fagin83,
  author    = {Ronald Fagin},
  title     = {Degrees of Acyclicity for Hypergraphs and Relational Database Schemes},
  journal   = {J. {ACM}},
  volume    = {30},
  number    = {3},
  pages     = {514--550},
  year      = {1983},
  url       = {https://doi.org/10.1145/2402.322390},
  doi       = {10.1145/2402.322390},
  timestamp = {Tue, 06 Nov 2018 12:51:45 +0100},
  biburl    = {https://dblp.org/rec/journals/jacm/Fagin83.bib},
  bibsource = {dblp computer science bibliography, https://dblp.org}
}


@inproceedings{DBLP:conf/sigmod/IoannidisC91,
  author    = {Yannis E. Ioannidis and
               Stavros Christodoulakis},
  editor    = {James Clifford and
               Roger King},
  title     = {On the Propagation of Errors in the Size of Join Results},
  booktitle = {Proceedings of the 1991 {ACM} {SIGMOD} International Conference on
               Management of Data, Denver, Colorado, USA, May 29-31, 1991},
  pages     = {268--277},
  publisher = {{ACM} Press},
  year      = {1991},
  url       = {https://doi.org/10.1145/115790.115835},
  doi       = {10.1145/115790.115835},
  timestamp = {Mon, 21 Jun 2021 16:00:48 +0200},
  biburl    = {https://dblp.org/rec/conf/sigmod/IoannidisC91.bib},
  bibsource = {dblp computer science bibliography, https://dblp.org}
}

@inproceedings{DBLP:conf/sigmod/RaasveldtM19,
  author    = {Mark Raasveldt and
               Hannes M{\"{u}}hleisen},
  title     = {{DuckDB}: an {E}mbeddable {A}nalytical {D}atabase},
  booktitle = {Proceedings of the 2019 International Conference on Management of
               Data, {SIGMOD} Conference 2019},
  pages     = {1981--1984},
  publisher = {{ACM}},
  year      = {2019}
}

@book{momjian2001postgresql,
  title={{PostgreSQL}: {I}ntroduction and {C}oncepts},
  author={Momjian, Bruce},
  year={2001},
  publisher={Addison-Wesley Longman Publishing Co., Inc.}
}

@inproceedings{DBLP:conf/sigmod/ManciniKCMA22,
  author    = {Riccardo Mancini and
               Srinivas Karthik and
               Bikash Chandra and
               Vasilis Mageirakos and
               Anastasia Ailamaki},
  title     = {Efficient {Massively} {Parallel} {Join} {Optimization} for {Large} {Queries}},
  booktitle = {Proceedings of the 2022 {ACM} {SIGMOD} International Conference on
               Management of Data, {SIGMOD} Conference 2022},
  pages     = {122--135},
  publisher = {{ACM}},
  year      = {2022},
  url       = {https://doi.org/10.1145/3514221.3517871},
  doi       = {10.1145/3514221.3517871},
  timestamp = {Tue, 14 Jun 2022 18:31:24 +0200},
  biburl    = {https://dblp.org/rec/conf/sigmod/ManciniKCMA22.bib},
}


@misc{musicbrainz,
  title = {{MusicBrainz} - {T}he {O}pen {M}usic {E}ncyclopedia},
  howpublished = "\url{https://musicbrainz.org/}",
  year = {2022}, 
  note = "[Online; accessed 24-July-2022]"
}

@inproceedings{DBLP:conf/icde/GraefeM93,
  author    = {Goetz Graefe and
               William J. McKenna},
  title     = {The Volcano Optimizer Generator: Extensibility and Efficient Search},
  booktitle = {Proceedings of the Ninth International Conference on Data Engineering,
               April 19-23, 1993, Vienna, Austria},
  pages     = {209--218},
  publisher = {{IEEE} Computer Society},
  year      = {1993},
  url       = {https://doi.org/10.1109/ICDE.1993.344061},
  doi       = {10.1109/ICDE.1993.344061},
  timestamp = {Wed, 16 Oct 2019 14:14:56 +0200},
  biburl    = {https://dblp.org/rec/conf/icde/GraefeM93.bib},
  bibsource = {dblp computer science bibliography, https://dblp.org}
}

@article{DBLP:journals/vldb/LeisRGMBKN18,
  author    = {Viktor Leis and
               Bernhard Radke and
               Andrey Gubichev and
               Atanas Mirchev and
               Peter A. Boncz and
               Alfons Kemper and
               Thomas Neumann},
  title     = {Query optimization through the looking glass, and what we found running
               the Join Order Benchmark},
  journal   = {{VLDB} J.},
  volume    = {27},
  number    = {5},
  pages     = {643--668},
  year      = {2018},
  url       = {https://doi.org/10.1007/s00778-017-0480-7},
  doi       = {10.1007/s00778-017-0480-7},
  timestamp = {Wed, 10 Oct 2018 15:21:17 +0200},
  biburl    = {https://dblp.org/rec/journals/vldb/LeisRGMBKN18.bib},
  bibsource = {dblp computer science bibliography, https://dblp.org}
}


@inproceedings{DBLP:conf/sigmod/PerelmanR15,
  author    = {Adam Perelman and
               Christopher R{\'{e}}},
  editor    = {Timos K. Sellis and
               Susan B. Davidson and
               Zachary G. Ives},
  title     = {DunceCap: Compiling Worst-Case Optimal Query Plans},
  booktitle = {Proceedings of the 2015 {ACM} {SIGMOD} International Conference on
               Management of Data, Melbourne, Victoria, Australia, May 31 - June
               4, 2015},
  pages     = {2075--2076},
  publisher = {{ACM}},
  year      = {2015},
  url       = {https://doi.org/10.1145/2723372.2764945},
  doi       = {10.1145/2723372.2764945},
  timestamp = {Tue, 06 Nov 2018 11:07:38 +0100},
  biburl    = {https://dblp.org/rec/conf/sigmod/PerelmanR15.bib},
  bibsource = {dblp computer science bibliography, https://dblp.org}
}

@inproceedings{DBLP:conf/sigmod/TuR15,
  author    = {Susan Tu and
               Christopher R{\'{e}}},
  editor    = {Timos K. Sellis and
               Susan B. Davidson and
               Zachary G. Ives},
  title     = {DunceCap: Query Plans Using Generalized Hypertree Decompositions},
  booktitle = {Proceedings of the 2015 {ACM} {SIGMOD} International Conference on
               Management of Data, Melbourne, Victoria, Australia, May 31 - June
               4, 2015},
  pages     = {2077--2078},
  publisher = {{ACM}},
  year      = {2015},
  url       = {https://doi.org/10.1145/2723372.2764946},
  doi       = {10.1145/2723372.2764946},
  timestamp = {Tue, 06 Nov 2018 11:07:37 +0100},
  biburl    = {https://dblp.org/rec/conf/sigmod/TuR15.bib},
  bibsource = {dblp computer science bibliography, https://dblp.org}
}

@inproceedings{DBLP:conf/sigmod/NeumannR18,
  author    = {Thomas Neumann and
               Bernhard Radke},
  editor    = {Gautam Das and
               Christopher M. Jermaine and
               Philip A. Bernstein},
  title     = {Adaptive Optimization of Very Large Join Queries},
  booktitle = {Proceedings of the 2018 International Conference on Management of
               Data, {SIGMOD} Conference 2018, Houston, TX, USA, June 10-15, 2018},
  pages     = {677--692},
  publisher = {{ACM}},
  year      = {2018},
  url       = {https://doi.org/10.1145/3183713.3183733},
  doi       = {10.1145/3183713.3183733},
  timestamp = {Wed, 21 Nov 2018 12:44:08 +0100},
  biburl    = {https://dblp.org/rec/conf/sigmod/NeumannR18.bib},
  bibsource = {dblp computer science bibliography, https://dblp.org}
}

@inproceedings{DBLP:conf/icde/MageirakosMKCA22,
  author    = {Vasilis Mageirakos and
               Riccardo Mancini and
               Srinivas Karthik and
               Bikash Chandra and
               Anastasia Ailamaki},
  title     = {Efficient GPU-accelerated Join Optimization for Complex Queries},
  booktitle = {38th {IEEE} International Conference on Data Engineering, {ICDE} 2022,
               Kuala Lumpur, Malaysia, May 9-12, 2022},
  pages     = {3190--3193},
  publisher = {{IEEE}},
  year      = {2022},
  url       = {https://doi.org/10.1109/ICDE53745.2022.00295},
  doi       = {10.1109/ICDE53745.2022.00295},
  timestamp = {Fri, 05 Aug 2022 16:24:02 +0200},
  biburl    = {https://dblp.org/rec/conf/icde/MageirakosMKCA22.bib},
  bibsource = {dblp computer science bibliography, https://dblp.org}
}


@article{DBLP:journals/jacm/NgoPRR18,
  author    = {Hung Q. Ngo and
               Ely Porat and
               Christopher R{\'{e}} and
               Atri Rudra},
  title     = {Worst-case Optimal Join Algorithms},
  journal   = {J. {ACM}},
  volume    = {65},
  number    = {3},
  pages     = {16:1--16:40},
  year      = {2018},
  url       = {https://doi.org/10.1145/3180143},
  doi       = {10.1145/3180143},
  timestamp = {Wed, 21 Nov 2018 12:44:29 +0100},
  biburl    = {https://dblp.org/rec/journals/jacm/NgoPRR18.bib},
  bibsource = {dblp computer science bibliography, https://dblp.org}
}


@article{DBLP:journals/sigmod/NgoRR13,
  author    = {Hung Q. Ngo and
               Christopher R{\'{e}} and
               Atri Rudra},
  title     = {Skew strikes back: new developments in the theory of join algorithms},
  journal   = {{SIGMOD} Rec.},
  volume    = {42},
  number    = {4},
  pages     = {5--16},
  year      = {2013},
  url       = {https://doi.org/10.1145/2590989.2590991},
  doi       = {10.1145/2590989.2590991},
  timestamp = {Fri, 06 Mar 2020 21:55:55 +0100},
  biburl    = {https://dblp.org/rec/journals/sigmod/NgoRR13.bib},
  bibsource = {dblp computer science bibliography, https://dblp.org}
}


@inproceedings{DBLP:conf/csl/BaganDG07,
  author    = {Guillaume Bagan and
               Arnaud Durand and
               Etienne Grandjean},
  editor    = {Jacques Duparc and
               Thomas A. Henzinger},
  title     = {On Acyclic Conjunctive Queries and Constant Delay Enumeration},
  booktitle = {Computer Science Logic, 21st International Workshop, {CSL} 2007, 16th
               Annual Conference of the EACSL, Lausanne, Switzerland, September 11-15,
               2007, Proceedings},
  series    = {Lecture Notes in Computer Science},
  volume    = {4646},
  pages     = {208--222},
  publisher = {Springer},
  year      = {2007},
  url       = {https://doi.org/10.1007/978-3-540-74915-8\_18},
  doi       = {10.1007/978-3-540-74915-8\_18},
  timestamp = {Tue, 14 May 2019 10:00:42 +0200},
  biburl    = {https://dblp.org/rec/conf/csl/BaganDG07.bib},
  bibsource = {dblp computer science bibliography, https://dblp.org}
}

@article{DBLP:journals/tods/CarmeliK21,
  author    = {Nofar Carmeli and
               Markus Kr{\"{o}}ll},
  title     = {On the Enumeration Complexity of Unions of Conjunctive Queries},
  journal   = {{ACM} Trans. Database Syst.},
  volume    = {46},
  number    = {2},
  pages     = {5:1--5:41},
  year      = {2021},
  url       = {https://doi.org/10.1145/3450263},
  doi       = {10.1145/3450263},
  timestamp = {Sat, 08 Jan 2022 02:23:50 +0100},
  biburl    = {https://dblp.org/rec/journals/tods/CarmeliK21.bib},
  bibsource = {dblp computer science bibliography, https://dblp.org}
}


@article{DBLP:journals/mst/CarmeliK20,
  author    = {Nofar Carmeli and
               Markus Kr{\"{o}}ll},
  title     = {Enumeration Complexity of Conjunctive Queries with Functional Dependencies},
  journal   = {Theory Comput. Syst.},
  volume    = {64},
  number    = {5},
  pages     = {828--860},
  year      = {2020},
  url       = {https://doi.org/10.1007/s00224-019-09937-9},
  doi       = {10.1007/s00224-019-09937-9},
  timestamp = {Thu, 06 Aug 2020 21:47:05 +0200},
  biburl    = {https://dblp.org/rec/journals/mst/CarmeliK20.bib},
  bibsource = {dblp computer science bibliography, https://dblp.org}
}

@article{DBLP:journals/jcss/GottlobLS02,
  author    = {Georg Gottlob and
               Nicola Leone and
               Francesco Scarcello},
  title     = {Hypertree Decompositions and Tractable Queries},
  journal   = {J. Comput. Syst. Sci.},
  volume    = {64},
  number    = {3},
  pages     = {579--627},
  year      = {2002},
  url       = {https://doi.org/10.1006/jcss.2001.1809},
  doi       = {10.1006/jcss.2001.1809},
  timestamp = {Tue, 16 Feb 2021 14:04:22 +0100},
  biburl    = {https://dblp.org/rec/journals/jcss/GottlobLS02.bib},
  bibsource = {dblp computer science bibliography, https://dblp.org}
}

@article{DBLP:journals/csur/Brault-Baron16,
  author    = {Johann Brault{-}Baron},
  title     = {Hypergraph Acyclicity Revisited},
  journal   = {{ACM} Comput. Surv.},
  volume    = {49},
  number    = {3},
  pages     = {54:1--54:26},
  year      = {2016},
  url       = {https://doi.org/10.1145/2983573},
  doi       = {10.1145/2983573},
  timestamp = {Tue, 06 Nov 2018 12:50:49 +0100},
  biburl    = {https://dblp.org/rec/journals/csur/Brault-Baron16.bib},
  bibsource = {dblp computer science bibliography, https://dblp.org}
}

@article{DBLP:journals/ejc/AdlerGG07,
  author    = {Isolde Adler and
               Georg Gottlob and
               Martin Grohe},
  title     = {Hypertree width and related hypergraph invariants},
  journal   = {Eur. J. Comb.},
  volume    = {28},
  number    = {8},
  pages     = {2167--2181},
  year      = {2007},
  url       = {https://doi.org/10.1016/j.ejc.2007.04.013},
  doi       = {10.1016/j.ejc.2007.04.013},
  timestamp = {Fri, 12 Feb 2021 13:40:53 +0100},
  biburl    = {https://dblp.org/rec/journals/ejc/AdlerGG07.bib},
  bibsource = {dblp computer science bibliography, https://dblp.org}
}

@article{2014grohemarx,
  author    = {Martin Grohe and
               D{\'{a}}niel Marx},
  title     = {Constraint Solving via Fractional Edge Covers},
  journal   = {{ACM} Trans. Algorithms},
  volume    = {11},
  number    = {1},
  pages     = {4:1--4:20},
  year      = {2014},
  bibsource = {dblp computer science bibliography, http://dblp.org}
}


@article{DBLP:journals/jea/FischlGLP21,
  author    = {Wolfgang Fischl and
               Georg Gottlob and
               Davide Mario Longo and
               Reinhard Pichler},
  title     = {HyperBench: {A} Benchmark and Tool for Hypergraphs and Empirical Findings},
  journal   = {{ACM} J. Exp. Algorithmics},
  volume    = {26},
  pages     = {1.6:1--1.6:40},
  year      = {2021},
  url       = {https://doi.org/10.1145/3440015},
  doi       = {10.1145/3440015},
  timestamp = {Thu, 23 Jun 2022 20:04:54 +0200},
  biburl    = {https://dblp.org/rec/journals/jea/FischlGLP21.bib},
  bibsource = {dblp computer science bibliography, https://dblp.org}
}




@inproceedings{DBLP:conf/pods/ScarcelloGL04,
  author    = {Francesco Scarcello and
               Gianluigi Greco and
               Nicola Leone},
  editor    = {Catriel Beeri and
               Alin Deutsch},
  title     = {Weighted Hypertree Decompositions and Optimal Query Plans},
  booktitle = {Proceedings of the Twenty-third {ACM} {SIGACT-SIGMOD-SIGART} Symposium
               on Principles of Database Systems, June 14-16, 2004, Paris, France},
  pages     = {210--221},
  publisher = {{ACM}},
  year      = {2004},
  url       = {https://doi.org/10.1145/1055558.1055587},
  doi       = {10.1145/1055558.1055587},
  timestamp = {Tue, 06 Nov 2018 16:58:02 +0100},
  biburl    = {https://dblp.org/rec/conf/pods/ScarcelloGL04.bib},
  bibsource = {dblp computer science bibliography, https://dblp.org}
}


@article{DBLP:journals/jcss/PichlerS13,
  author    = {Reinhard Pichler and
               Sebastian Skritek},
  title     = {Tractable counting of the answers to conjunctive queries},
  journal   = {J. Comput. Syst. Sci.},
  volume    = {79},
  number    = {6},
  pages     = {984--1001},
  year      = {2013},
  url       = {https://doi.org/10.1016/j.jcss.2013.01.012},
  doi       = {10.1016/j.jcss.2013.01.012},
  timestamp = {Tue, 16 Feb 2021 14:04:25 +0100},
  biburl    = {https://dblp.org/rec/journals/jcss/PichlerS13.bib},
  bibsource = {dblp computer science bibliography, https://dblp.org}
}


@inproceedings{DBLP:conf/pods/CarmeliZBKS20,
  author    = {Nofar Carmeli and
               Shai Zeevi and
               Christoph Berkholz and
               Benny Kimelfeld and
               Nicole Schweikardt},
  editor    = {Dan Suciu and
               Yufei Tao and
               Zhewei Wei},
  title     = {Answering (Unions of) Conjunctive Queries using Random Access and
               Random-Order Enumeration},
  booktitle = {Proceedings of the 39th {ACM} {SIGMOD-SIGACT-SIGAI} Symposium on Principles
               of Database Systems, {PODS} 2020, Portland, OR, USA, June 14-19, 2020},
  pages     = {393--409},
  publisher = {{ACM}},
  year      = {2020},
  url       = {https://doi.org/10.1145/3375395.3387662},
  doi       = {10.1145/3375395.3387662},
  timestamp = {Thu, 29 Sep 2022 08:01:46 +0200},
  biburl    = {https://dblp.org/rec/conf/pods/CarmeliZBKS20.bib},
  bibsource = {dblp computer science bibliography, https://dblp.org}
}

@article{DBLP:journals/tods/CarmeliZBCKS22,
  author    = {Nofar Carmeli and
               Shai Zeevi and
               Christoph Berkholz and
               Alessio Conte and
               Benny Kimelfeld and
               Nicole Schweikardt},
  title     = {Answering (Unions of) Conjunctive Queries using Random Access and
               Random-Order Enumeration},
  journal   = {{ACM} Trans. Database Syst.},
  volume    = {47},
  number    = {3},
  pages     = {9:1--9:49},
  year      = {2022},
  url       = {https://doi.org/10.1145/3531055},
  doi       = {10.1145/3531055},
  timestamp = {Thu, 22 Sep 2022 19:58:56 +0200},
  biburl    = {https://dblp.org/rec/journals/tods/CarmeliZBCKS22.bib},
  bibsource = {dblp computer science bibliography, https://dblp.org}
}

@inproceedings{DBLP:conf/pods/CarmeliTGKR21,
  author    = {Nofar Carmeli and
               Nikolaos Tziavelis and
               Wolfgang Gatterbauer and
               Benny Kimelfeld and
               Mirek Riedewald},
  editor    = {Leonid Libkin and
               Reinhard Pichler and
               Paolo Guagliardo},
  title     = {Tractable Orders for Direct Access to Ranked Answers of Conjunctive
               Queries},
  booktitle = {PODS'21: Proceedings of the 40th {ACM} {SIGMOD-SIGACT-SIGAI} Symposium
               on Principles of Database Systems, Virtual Event, China, June 20-25,
               2021},
  pages     = {325--341},
  publisher = {{ACM}},
  year      = {2021},
  url       = {https://doi.org/10.1145/3452021.3458331},
  doi       = {10.1145/3452021.3458331},
  timestamp = {Sat, 09 Apr 2022 12:47:04 +0200},
  biburl    = {https://dblp.org/rec/conf/pods/CarmeliTGKR21.bib},
  bibsource = {dblp computer science bibliography, https://dblp.org}
}

@inproceedings{DBLP:conf/pods/LutzP22,
  author    = {Carsten Lutz and
               Marcin Przybylko},
  editor    = {Leonid Libkin and
               Pablo Barcel{\'{o}}},
  title     = {Efficiently Enumerating Answers to Ontology-Mediated Queries},
  booktitle = {{PODS} '22: International Conference on Management of Data, Philadelphia,
               PA, USA, June 12 - 17, 2022},
  pages     = {277--289},
  publisher = {{ACM}},
  year      = {2022},
  url       = {https://doi.org/10.1145/3517804.3524166},
  doi       = {10.1145/3517804.3524166},
  timestamp = {Wed, 15 Jun 2022 09:05:34 +0200},
  biburl    = {https://dblp.org/rec/conf/pods/LutzP22.bib},
  bibsource = {dblp computer science bibliography, https://dblp.org}
}


@inproceedings{DBLP:conf/icdt/GeckKSS22,
  author    = {Gaetano Geck and
               Jens Keppeler and
               Thomas Schwentick and
               Christopher Spinrath},
  editor    = {Dan Olteanu and
               Nils Vortmeier},
  title     = {Rewriting with Acyclic Queries: Mind Your Head},
  booktitle = {25th International Conference on Database Theory, {ICDT} 2022, March
               29 to April 1, 2022, Edinburgh, {UK} (Virtual Conference)},
  series    = {LIPIcs},
  volume    = {220},
  pages     = {8:1--8:20},
  publisher = {Schloss Dagstuhl - Leibniz-Zentrum f{\"{u}}r Informatik},
  year      = {2022},
  url       = {https://doi.org/10.4230/LIPIcs.ICDT.2022.8},
  doi       = {10.4230/LIPIcs.ICDT.2022.8},
  timestamp = {Mon, 21 Mar 2022 21:47:02 +0100},
  biburl    = {https://dblp.org/rec/conf/icdt/GeckKSS22.bib},
  bibsource = {dblp computer science bibliography, https://dblp.org}
}


@inproceedings{DBLP:conf/sigmod/Wang021,
  author    = {Yilei Wang and
               Ke Yi},
  editor    = {Guoliang Li and
               Zhanhuai Li and
               Stratos Idreos and
               Divesh Srivastava},
  title     = {Secure Yannakakis: Join-Aggregate Queries over Private Data},
  booktitle = {{SIGMOD} '21: International Conference on Management of Data, Virtual
               Event, China, June 20-25, 2021},
  pages     = {1969--1981},
  publisher = {{ACM}},
  year      = {2021},
  url       = {https://doi.org/10.1145/3448016.3452808},
  doi       = {10.1145/3448016.3452808},
  timestamp = {Mon, 21 Jun 2021 11:48:44 +0200},
  biburl    = {https://dblp.org/rec/conf/sigmod/Wang021.bib},
  bibsource = {dblp computer science bibliography, https://dblp.org}
}


@article{DBLP:journals/pvldb/DieuDFLS09,
  author    = {Nicolas Dieu and
               Adrian Dragusanu and
               Fran{\c{c}}oise Fabret and
               Fran{\c{c}}ois Llirbat and
               Eric Simon},
  title     = {1, 000 Tables Inside the From},
  journal   = {Proc. {VLDB} Endow.},
  volume    = {2},
  number    = {2},
  pages     = {1450--1461},
  year      = {2009},
  url       = {http://www.vldb.org/pvldb/vol2/vldb09-1077.pdf},
  doi       = {10.14778/1687553.1687572},
  timestamp = {Sat, 25 Apr 2020 13:59:31 +0200},
  biburl    = {https://dblp.org/rec/journals/pvldb/DieuDFLS09.bib},
  bibsource = {dblp computer science bibliography, https://dblp.org}
}

@article{DBLP:journals/cacm/ZahariaXWDADMRV16,
  author    = {Matei Zaharia and
               Reynold S. Xin and
               Patrick Wendell and
               Tathagata Das and
               Michael Armbrust and
               Ankur Dave and
               Xiangrui Meng and
               Josh Rosen and
               Shivaram Venkataraman and
               Michael J. Franklin and
               Ali Ghodsi and
               Joseph Gonzalez and
               Scott Shenker and
               Ion Stoica},
  title     = {Apache Spark: a unified engine for big data processing},
  journal   = {Commun. {ACM}},
  volume    = {59},
  number    = {11},
  pages     = {56--65},
  year      = {2016},
  url       = {http://doi.acm.org/10.1145/2934664},
  doi       = {10.1145/2934664},
  timestamp = {Tue, 16 Aug 2022 23:07:22 +0200},
  biburl    = {https://dblp.org/rec/journals/cacm/ZahariaXWDADMRV16.bib},
  bibsource = {dblp computer science bibliography, https://dblp.org}
}

@article{stonebraker1986design,
  title={The design of Postgres},
  author={Stonebraker, Michael and Rowe, Lawrence A},
  journal={ACM Sigmod Record},
  volume={15},
  number={2},
  pages={340--355},
  year={1986},
  publisher={ACM New York, NY, USA}
}

@article{DBLP:journals/cacm/StonebrakerK91,
  author    = {Michael Stonebraker and
               Greg Kemnitz},
  title     = {The Postgres Next Generation Database Management System},
  journal   = {Commun. {ACM}},
  volume    = {34},
  number    = {10},
  pages     = {78--92},
  year      = {1991},
  url       = {https://doi.org/10.1145/125223.125262},
  doi       = {10.1145/125223.125262},
  timestamp = {Tue, 06 Nov 2018 12:51:34 +0100},
  biburl    = {https://dblp.org/rec/journals/cacm/StonebrakerK91.bib},
  bibsource = {dblp computer science bibliography, https://dblp.org}
}




@article{DBLP:journals/corr/abs-2301-04003,
  author    = {Qichen Wang and
               Xiao Hu and
               Binyang Dai and
               Ke Yi},
  title     = {Change Propagation Without Joins},
  journal   = {CoRR},
  volume    = {abs/2301.04003},
  year      = {2023},
  url       = {https://doi.org/10.48550/arXiv.2301.04003},
  doi       = {10.48550/arXiv.2301.04003},
  eprinttype = {arXiv},
  eprint    = {2301.04003},
  timestamp = {Mon, 23 Jan 2023 10:18:29 +0100},
  biburl    = {https://dblp.org/rec/journals/corr/abs-2301-04003.bib},
  bibsource = {dblp computer science bibliography, https://dblp.org}
}


@article{DBLP:journals/corr/abs-2302-13140,
  author    = {Xiao Hu and
               Qichen Wang},
  title     = {Computing the Difference of Conjunctive Queries Efficiently},
  journal   = {CoRR},
  volume    = {abs/2302.13140},
  year      = {2023},
  url       = {https://doi.org/10.48550/arXiv.2302.13140},
  doi       = {10.48550/arXiv.2302.13140},
  eprinttype = {arXiv},
  eprint    = {2302.13140},
  timestamp = {Wed, 01 Mar 2023 08:17:37 +0100},
  biburl    = {https://dblp.org/rec/journals/corr/abs-2302-13140.bib},
  bibsource = {dblp computer science bibliography, https://dblp.org}
}


@inproceedings{DBLP:conf/sigmod/0001022,
  author    = {Qichen Wang and
               Ke Yi},
  editor    = {Zachary G. Ives and
               Angela Bonifati and
               Amr El Abbadi},
  title     = {Conjunctive Queries with Comparisons},
  booktitle = {{SIGMOD} '22: International Conference on Management of Data, Philadelphia,
               PA, USA, June 12 - 17, 2022},
  pages     = {108--121},
  publisher = {{ACM}},
  year      = {2022},
  url       = {https://doi.org/10.1145/3514221.3517830},
  doi       = {10.1145/3514221.3517830},
  timestamp = {Thu, 16 Mar 2023 09:51:25 +0100},
  biburl    = {https://dblp.org/rec/conf/sigmod/0001022.bib},
  bibsource = {dblp computer science bibliography, https://dblp.org}
}

@inproceedings{DBLP:conf/sigmod/WangY20,
  author    = {Qichen Wang and
               Ke Yi},
  editor    = {David Maier and
               Rachel Pottinger and
               AnHai Doan and
               Wang{-}Chiew Tan and
               Abdussalam Alawini and
               Hung Q. Ngo},
  title     = {Maintaining Acyclic Foreign-Key Joins under Updates},
  booktitle = {Proceedings of the 2020 International Conference on Management of
               Data, {SIGMOD} Conference 2020, online conference [Portland, OR, USA],
               June 14-19, 2020},
  pages     = {1225--1239},
  publisher = {{ACM}},
  year      = {2020},
  url       = {https://doi.org/10.1145/3318464.3380586},
  doi       = {10.1145/3318464.3380586},
  timestamp = {Sun, 02 Oct 2022 16:15:22 +0200},
  biburl    = {https://dblp.org/rec/conf/sigmod/WangY20.bib},
  bibsource = {dblp computer science bibliography, https://dblp.org}
}

@inproceedings{DBLP:conf/pods/BerkholzKS17,
  author    = {Christoph Berkholz and
               Jens Keppeler and
               Nicole Schweikardt},
  editor    = {Emanuel Sallinger and
               Jan Van den Bussche and
               Floris Geerts},
  title     = {Answering Conjunctive Queries under Updates},
  booktitle = {Proceedings of the 36th {ACM} {SIGMOD-SIGACT-SIGAI} Symposium on Principles
               of Database Systems, {PODS} 2017, Chicago, IL, USA, May 14-19, 2017},
  pages     = {303--318},
  publisher = {{ACM}},
  year      = {2017},
  url       = {https://doi.org/10.1145/3034786.3034789},
  doi       = {10.1145/3034786.3034789},
  timestamp = {Tue, 06 Nov 2018 16:58:02 +0100},
  biburl    = {https://dblp.org/rec/conf/pods/BerkholzKS17.bib},
  bibsource = {dblp computer science bibliography, https://dblp.org}
}



@article{DBLP:journals/corr/abs-2303-02723,
  author    = {Georg Gottlob and
               Matthias Lanzinger and
               Davide Mario Longo and
               Cem Okulmus and
               Reinhard Pichler and
               Alexander Selzer},
  title     = {Structure-Guided Query Evaluation: Towards Bridging the Gap from Theory
               to Practice},
  journal   = {CoRR},
  volume    = {abs/2303.02723},
  year      = {2023},
  url       = {https://doi.org/10.48550/arXiv.2303.02723},
  doi       = {10.48550/arXiv.2303.02723},
  eprinttype = {arXiv},
  eprint    = {2303.02723},
  timestamp = {Tue, 14 Mar 2023 18:07:09 +0100},
  biburl    = {https://dblp.org/rec/journals/corr/abs-2303-02723.bib},
  bibsource = {dblp computer science bibliography, https://dblp.org}
}

@article{DBLP:journals/pvldb/BirlerKN24,
  author       = {Altan Birler and
                  Alfons Kemper and
                  Thomas Neumann},
  title        = {Robust Join Processing with Diamond Hardened Joins},
  journal      = {Proc. {VLDB} Endow.},
  volume       = {17},
  number       = {11},
  pages        = {3215--3228},
  year         = {2024},
  url          = {https://www.vldb.org/pvldb/vol17/p3215-birler.pdf},
  timestamp    = {Thu, 19 Sep 2024 13:09:36 +0200},
  biburl       = {https://dblp.org/rec/journals/pvldb/BirlerKN24.bib},
  bibsource    = {dblp computer science bibliography, https://dblp.org}
}

@article{DBLP:journals/corr/abs-2411-04042,
  author       = {Liese Bekkers and
                  Frank Neven and
                  Stijn Vansummeren and
                  Yisu Remy Wang},
  title        = {Instance-Optimal Acyclic Join Processing Without Regret: Engineering
                  the Yannakakis Algorithm in Column Stores},
  journal      = {CoRR},
  volume       = {abs/2411.04042},
  year         = {2024},
  url          = {https://doi.org/10.48550/arXiv.2411.04042},
  doi          = {10.48550/ARXIV.2411.04042},
  eprinttype    = {arXiv},
  eprint       = {2411.04042},
  timestamp    = {Wed, 01 Jan 2025 10:39:18 +0100},
  biburl       = {https://dblp.org/rec/journals/corr/abs-2411-04042.bib},
  bibsource    = {dblp computer science bibliography, https://dblp.org}
}

@article{DBLP:journals/corr/abs-2406-17076,
  author       = {Matthias Lanzinger and
                  Reinhard Pichler and
                  Alexander Selzer},
  title        = {Avoiding Materialisation for Guarded Aggregate Queries},
  journal      = {CoRR},
  volume       = {abs/2406.17076},
  year         = {2024},
  url          = {https://doi.org/10.48550/arXiv.2406.17076},
  doi          = {10.48550/ARXIV.2406.17076},
  eprinttype    = {arXiv},
  eprint       = {2406.17076},
  timestamp    = {Mon, 22 Jul 2024 14:28:25 +0200},
  biburl       = {https://dblp.org/rec/journals/corr/abs-2406-17076.bib},
  bibsource    = {dblp computer science bibliography, https://dblp.org}
}

@article{lanzinger2024soft,
  title={Soft and Constrained Hypertree Width},
  author={Lanzinger, Matthias and Okulmus, Cem and Pichler, Reinhard and Selzer, Alexander and Gottlob, Georg},
  journal={arXiv preprint arXiv:2412.11669},
  year={2024}
}

@article{DBLP:journals/pvldb/ZhouSLF20,
  author       = {Xuanhe Zhou and
                  Ji Sun and
                  Guoliang Li and
                  Jianhua Feng},
  title        = {Query Performance Prediction for Concurrent Queries using Graph Embedding},
  journal      = {Proc. {VLDB} Endow.},
  volume       = {13},
  number       = {9},
  pages        = {1416--1428},
  year         = {2020},
  url          = {http://www.vldb.org/pvldb/vol13/p1416-zhou.pdf},
  doi          = {10.14778/3397230.3397238},
  timestamp    = {Tue, 23 Mar 2021 15:33:12 +0100},
  biburl       = {https://dblp.org/rec/journals/pvldb/ZhouSLF20.bib},
  bibsource    = {dblp computer science bibliography, https://dblp.org}
}

@article{DBLP:journals/is/HeO06,
  author       = {Ben He and
                  Iadh Ounis},
  title        = {Query performance prediction},
  journal      = {Inf. Syst.},
  volume       = {31},
  number       = {7},
  pages        = {585--594},
  year         = {2006},
  url          = {https://doi.org/10.1016/j.is.2005.11.003},
  doi          = {10.1016/J.IS.2005.11.003},
  timestamp    = {Fri, 30 Nov 2018 13:23:35 +0100},
  biburl       = {https://dblp.org/rec/journals/is/HeO06.bib},
  bibsource    = {dblp computer science bibliography, https://dblp.org}
}


@inproceedings{DBLP:conf/icde/AkdereCRUZ12,
  author       = {Mert Akdere and
                  Ugur {\c{C}}etintemel and
                  Matteo Riondato and
                  Eli Upfal and
                  Stanley B. Zdonik},
  editor       = {Anastasios Kementsietsidis and
                  Marcos Antonio Vaz Salles},
  title        = {Learning-based Query Performance Modeling and Prediction},
  booktitle    = {{IEEE} 28th International Conference on Data Engineering {(ICDE} 2012),
                  Washington, DC, {USA} (Arlington, Virginia), 1-5 April, 2012},
  pages        = {390--401},
  publisher    = {{IEEE} Computer Society},
  year         = {2012},
  url          = {https://doi.org/10.1109/ICDE.2012.64},
  doi          = {10.1109/ICDE.2012.64},
  timestamp    = {Fri, 24 Mar 2023 00:00:02 +0100},
  biburl       = {https://dblp.org/rec/conf/icde/AkdereCRUZ12.bib},
  bibsource    = {dblp computer science bibliography, https://dblp.org}
}

@inproceedings{DBLP:conf/sigir/ZhouC07,
  author       = {Yun Zhou and
                  W. Bruce Croft},
  editor       = {Wessel Kraaij and
                  Arjen P. de Vries and
                  Charles L. A. Clarke and
                  Norbert Fuhr and
                  Noriko Kando},
  title        = {Query performance prediction in web search environments},
  booktitle    = {{SIGIR} 2007: Proceedings of the 30th Annual International {ACM} {SIGIR}
                  Conference on Research and Development in Information Retrieval, Amsterdam,
                  The Netherlands, July 23-27, 2007},
  pages        = {543--550},
  publisher    = {{ACM}},
  year         = {2007},
  url          = {https://doi.org/10.1145/1277741.1277835},
  doi          = {10.1145/1277741.1277835},
  timestamp    = {Tue, 06 Nov 2018 11:07:23 +0100},
  biburl       = {https://dblp.org/rec/conf/sigir/ZhouC07.bib},
  bibsource    = {dblp computer science bibliography, https://dblp.org}
}



@inproceedings{DBLP:conf/sigir/MizzaroMRU18,
  author       = {Stefano Mizzaro and
                  Josiane Mothe and
                  Kevin Roitero and
                  Md. Zia Ullah},
  editor       = {Kevyn Collins{-}Thompson and
                  Qiaozhu Mei and
                  Brian D. Davison and
                  Yiqun Liu and
                  Emine Yilmaz},
  title        = {Query Performance Prediction and Effectiveness Evaluation Without
                  Relevance Judgments: Two Sides of the Same Coin},
  booktitle    = {The 41st International {ACM} {SIGIR} Conference on Research {\&}
                  Development in Information Retrieval, {SIGIR} 2018, Ann Arbor, MI,
                  USA, July 08-12, 2018},
  pages        = {1233--1236},
  publisher    = {{ACM}},
  year         = {2018},
  url          = {https://doi.org/10.1145/3209978.3210146},
  doi          = {10.1145/3209978.3210146},
  timestamp    = {Mon, 24 Jun 2024 13:38:50 +0200},
  biburl       = {https://dblp.org/rec/conf/sigir/MizzaroMRU18.bib},
  bibsource    = {dblp computer science bibliography, https://dblp.org}
}




@inproceedings{DBLP:conf/sigmod/0001ZC21,
  author       = {Guoliang Li and
                  Xuanhe Zhou and
                  Lei Cao},
  editor       = {Guoliang Li and
                  Zhanhuai Li and
                  Stratos Idreos and
                  Divesh Srivastava},
  title        = {{AI} Meets Database: {AI4DB} and {DB4AI}},
  booktitle    = {{SIGMOD} '21: International Conference on Management of Data, Virtual
                  Event, China, June 20-25, 2021},
  pages        = {2859--2866},
  publisher    = {{ACM}},
  year         = {2021},
  url          = {https://doi.org/10.1145/3448016.3457542},
  doi          = {10.1145/3448016.3457542},
  timestamp    = {Mon, 26 Jun 2023 20:43:17 +0200},
  biburl       = {https://dblp.org/rec/conf/sigmod/0001ZC21.bib},
  bibsource    = {dblp computer science bibliography, https://dblp.org}
}

@article{DBLP:journals/tkde/ZhouCLS22,
  author       = {Xuanhe Zhou and
                  Chengliang Chai and
                  Guoliang Li and
                  Ji Sun},
  title        = {Database Meets Artificial Intelligence: {A} Survey},
  journal      = {{IEEE} Trans. Knowl. Data Eng.},
  volume       = {34},
  number       = {3},
  pages        = {1096--1116},
  year         = {2022},
  url          = {https://doi.org/10.1109/TKDE.2020.2994641},
  doi          = {10.1109/TKDE.2020.2994641},
  timestamp    = {Wed, 23 Feb 2022 11:15:41 +0100},
  biburl       = {https://dblp.org/rec/journals/tkde/ZhouCLS22.bib},
  bibsource    = {dblp computer science bibliography, https://dblp.org}
}

@article{DBLP:journals/pvldb/ZhouLCF21,
  author       = {Xuanhe Zhou and
                  Guoliang Li and
                  Chengliang Chai and
                  Jianhua Feng},
  title        = {A Learned Query Rewrite System using Monte Carlo Tree Search},
  journal      = {Proc. {VLDB} Endow.},
  volume       = {15},
  number       = {1},
  pages        = {46--58},
  year         = {2021},
  url          = {http://www.vldb.org/pvldb/vol15/p46-li.pdf},
  doi          = {10.14778/3485450.3485456},
  timestamp    = {Thu, 21 Apr 2022 17:09:21 +0200},
  biburl       = {https://dblp.org/rec/journals/pvldb/ZhouLCF21.bib},
  bibsource    = {dblp computer science bibliography, https://dblp.org}
}

@inproceedings{DBLP:conf/sigmod/WangZYDHDT0022,
  author       = {Zhaoguo Wang and
                  Zhou Zhou and
                  Yicun Yang and
                  Haoran Ding and
                  Gansen Hu and
                  Ding Ding and
                  Chuzhe Tang and
                  Haibo Chen and
                  Jinyang Li},
  editor       = {Zachary G. Ives and
                  Angela Bonifati and
                  Amr El Abbadi},
  title        = {WeTune: Automatic Discovery and Verification of Query Rewrite Rules},
  booktitle    = {{SIGMOD} '22: International Conference on Management of Data, Philadelphia,
                  PA, USA, June 12 - 17, 2022},
  pages        = {94--107},
  publisher    = {{ACM}},
  year         = {2022},
  url          = {https://doi.org/10.1145/3514221.3526125},
  doi          = {10.1145/3514221.3526125},
  timestamp    = {Thu, 16 Mar 2023 09:51:25 +0100},
  biburl       = {https://dblp.org/rec/conf/sigmod/WangZYDHDT0022.bib},
  bibsource    = {dblp computer science bibliography, https://dblp.org}
}

@article{DBLP:journals/pvldb/Zhou0WLSZ23,
  author       = {Xuanhe Zhou and
                  Guoliang Li and
                  Jianming Wu and
                  Jiesi Liu and
                  Zhaoyan Sun and
                  Xinning Zhang},
  title        = {A Learned Query Rewrite System},
  journal      = {Proc. {VLDB} Endow.},
  volume       = {16},
  number       = {12},
  pages        = {4110--4113},
  year         = {2023},
  url          = {https://www.vldb.org/pvldb/vol16/p4110-li.pdf},
  doi          = {10.14778/3611540.3611633},
  timestamp    = {Mon, 23 Oct 2023 16:16:16 +0200},
  biburl       = {https://dblp.org/rec/journals/pvldb/Zhou0WLSZ23.bib},
  bibsource    = {dblp computer science bibliography, https://dblp.org}
}

@article{DBLP:journals/pvldb/0001ZSYHJLWL21,
  author       = {Guoliang Li and
                  Xuanhe Zhou and
                  Ji Sun and
                  Xiang Yu and
                  Yue Han and
                  Lianyuan Jin and
                  Wenbo Li and
                  Tianqing Wang and
                  Shifu Li},
  title        = {openGauss: An Autonomous Database System},
  journal      = {Proc. {VLDB} Endow.},
  volume       = {14},
  number       = {12},
  pages        = {3028--3041},
  year         = {2021},
  url          = {http://www.vldb.org/pvldb/vol14/p3028-li.pdf},
  doi          = {10.14778/3476311.3476380},
  timestamp    = {Mon, 04 Dec 2023 21:30:02 +0100},
  biburl       = {https://dblp.org/rec/journals/pvldb/0001ZSYHJLWL21.bib},
  bibsource    = {dblp computer science bibliography, https://dblp.org}
}



@article{DBLP:journals/pvldb/HanWWZYTZCQPQZL21,
  author       = {Yuxing Han and
                  Ziniu Wu and
                  Peizhi Wu and
                  Rong Zhu and
                  Jingyi Yang and
                  Liang Wei Tan and
                  Kai Zeng and
                  Gao Cong and
                  Yanzhao Qin and
                  Andreas Pfadler and
                  Zhengping Qian and
                  Jingren Zhou and
                  Jiangneng Li and
                  Bin Cui},
  title        = {Cardinality Estimation in {DBMS:} {A} Comprehensive Benchmark Evaluation},
  journal      = {Proc. {VLDB} Endow.},
  volume       = {15},
  number       = {4},
  pages        = {752--765},
  year         = {2021},
  url          = {https://www.vldb.org/pvldb/vol15/p752-zhu.pdf},
  doi          = {10.14778/3503585.3503586},
  timestamp    = {Fri, 19 Jul 2024 08:35:29 +0200},
  biburl       = {https://dblp.org/rec/journals/pvldb/HanWWZYTZCQPQZL21.bib},
  bibsource    = {dblp computer science bibliography, https://dblp.org}
}


@article{DBLP:journals/tist/LeskovecS16,
  author       = {Jure Leskovec and
                  Rok Sosic},
  title        = {{SNAP:} {A} General-Purpose Network Analysis and Graph-Mining Library},
  journal      = {{ACM} Trans. Intell. Syst. Technol.},
  volume       = {8},
  number       = {1},
  pages        = {1:1--1:20},
  year         = {2016},
  url          = {https://doi.org/10.1145/2898361},
  doi          = {10.1145/2898361},
  timestamp    = {Mon, 11 May 2020 15:53:40 +0200},
  biburl       = {https://dblp.org/rec/journals/tist/LeskovecS16.bib},
  bibsource    = {dblp computer science bibliography, https://dblp.org}
}


@inproceedings{DBLP:conf/sigmod/MhedhbiLKWS21,
  author       = {Amine Mhedhbi and
                  Matteo Lissandrini and
                  Laurens Kuiper and
                  Jack Waudby and
                  G{\'{a}}bor Sz{\'{a}}rnyas},
  editor       = {Vasiliki Kalavri and
                  Nikolay Yakovets},
  title        = {{LSQB:} a large-scale subgraph query benchmark},
  booktitle    = {{GRADES-NDA} '21: Proceedings of the 4th {ACM} {SIGMOD} Joint International
                  Workshop on Graph Data Management Experiences {\&} Systems {(GRADES)}
                  and Network Data Analytics (NDA), Virtual Event, China, 20 June 2021},
  pages        = {8:1--8:11},
  publisher    = {{ACM}},
  year         = {2021},
  url          = {https://doi.org/10.1145/3461837.3464516},
  doi          = {10.1145/3461837.3464516},
  timestamp    = {Thu, 23 Jun 2022 19:55:38 +0200},
  biburl       = {https://dblp.org/rec/conf/sigmod/MhedhbiLKWS21.bib},
  bibsource    = {dblp computer science bibliography, https://dblp.org}
}




@article{hetionet,
  author       = {Daniel Scott Himmelstein and
                  Antoine Lizee and
                  Christine Hessler and
                  Leo Brueggeman and
                  Sabrina L Chen and
                  Dexter Hadley and
                  Ari GreenP and
                  ouya Khankhanian and
                  Sergio E Baranzini},
  title        = {Systematic integration of biomedical knowledge prioritizes 
                  drugs for repurposing},
  journal      = {eLife},
  volume       = {6},
  number       = {e26726},
  pages        = {1--35},
  year         = {2017},
  url          = {https://doi.org/10.7554/eLife.26726.001},
  doi          = {10.7554/eLife.26726.001},
}



@article{DBLP:journals/jair/AbseherMW17,
  author       = {Michael Abseher and
                  Nysret Musliu and
                  Stefan Woltran},
  title        = {Improving the Efficiency of Dynamic Programming on Tree Decompositions
                  via Machine Learning},
  journal      = {J. Artif. Intell. Res.},
  volume       = {58},
  pages        = {829--858},
  year         = {2017},
  url          = {https://doi.org/10.1613/jair.5312},
  doi          = {10.1613/JAIR.5312},
  timestamp    = {Tue, 29 Dec 2020 18:27:06 +0100},
  biburl       = {https://dblp.org/rec/journals/jair/AbseherMW17.bib},
  bibsource    = {dblp computer science bibliography, https://dblp.org}
}

@inproceedings{DBLP:conf/sigmod/Dai0023,
  author       = {Binyang Dai and
                  Qichen Wang and
                  Ke Yi},
  editor       = {Sudipto Das and
                  Ippokratis Pandis and
                  K. Sel{\c{c}}uk Candan and
                  Sihem Amer{-}Yahia},
  title        = {SparkSQL+: Next-generation Query Planning over Spark},
  booktitle    = {Companion of the 2023 International Conference on Management of Data,
                  {SIGMOD/PODS} 2023, Seattle, WA, USA, June 18-23, 2023},
  pages        = {115--118},
  publisher    = {{ACM}},
  year         = {2023},
  url          = {https://doi.org/10.1145/3555041.3589715},
  doi          = {10.1145/3555041.3589715},
  timestamp    = {Thu, 15 Jun 2023 21:56:55 +0200},
  biburl       = {https://dblp.org/rec/conf/sigmod/Dai0023.bib},
  bibsource    = {dblp computer science bibliography, https://dblp.org}
}

@article{grossadaptive,
  title={Adaptive Factorization Using Linear-Chained Hash Tables},
  author={Gro{\ss}, Paul and ten Wolde, Daniel and Boncz, Peter},
  booktitle    = {CIDR 2025},
year = {2025}
}

@article{DBLP:journals/pacmmod/0005023,
  author       = {Xiao Hu and
                  Qichen Wang},
  title        = {Computing the Difference of Conjunctive Queries Efficiently},
  journal      = {Proc. {ACM} Manag. Data},
  volume       = {1},
  number       = {2},
  pages        = {153:1--153:26},
  year         = {2023},
  url          = {https://doi.org/10.1145/3589298},
  doi          = {10.1145/3589298},
  timestamp    = {Fri, 07 Jul 2023 23:32:33 +0200},
  biburl       = {https://dblp.org/rec/journals/pacmmod/0005023.bib},
  bibsource    = {dblp computer science bibliography, https://dblp.org}
}

@inproceedings{DBLP:conf/amw/GottlobLLOPS23,
  author       = {Georg Gottlob and
                  Matthias Lanzinger and
                  Davide Mario Longo and
                  Cem Okulmus and
                  Reinhard Pichler and
                  Alexander Selzer},
  editor       = {Benny Kimelfeld and
                  Maria Vanina Martinez and
                  Renzo Angles},
  title        = {Reaching Back to Move Forward: Using Old Ideas to Achieve a New Level
                  of Query Optimization (short paper)},
  booktitle    = {Proceedings of the 15th Alberto Mendelzon International Workshop on
                  Foundations of Data Management {(AMW} 2023), Santiago de Chile, Chile,
                  May 22-26, 2023},
  series       = {{CEUR} Workshop Proceedings},
  volume       = {3409},
  publisher    = {CEUR-WS.org},
  year         = {2023},
  url          = {https://ceur-ws.org/Vol-3409/paper6.pdf},
  timestamp    = {Tue, 13 Jun 2023 16:59:20 +0200},
  biburl       = {https://dblp.org/rec/conf/amw/GottlobLLOPS23.bib},
  bibsource    = {dblp computer science bibliography, https://dblp.org}
}


@inproceedings{DBLP:conf/cidr/KipfKRLBK19,
  author       = {Andreas Kipf and
                  Thomas Kipf and
                  Bernhard Radke and
                  Viktor Leis and
                  Peter A. Boncz and
                  Alfons Kemper},
  title        = {Learned Cardinalities: Estimating Correlated Joins with Deep Learning},
  booktitle    = {9th Biennial Conference on Innovative Data Systems Research, {CIDR}
                  2019, Asilomar, CA, USA, January 13-16, 2019, Online Proceedings},
  publisher    = {www.cidrdb.org},
  year         = {2019},
  url          = {http://cidrdb.org/cidr2019/papers/p101-kipf-cidr19.pdf},
  timestamp    = {Mon, 18 Jul 2022 17:13:00 +0200},
  biburl       = {https://dblp.org/rec/conf/cidr/KipfKRLBK19.bib},
  bibsource    = {dblp computer science bibliography, https://dblp.org}
}

@article{DBLP:journals/corr/abs-1808-03196,
  author       = {Sanjay Krishnan and
                  Zongheng Yang and
                  Ken Goldberg and
                  Joseph M. Hellerstein and
                  Ion Stoica},
  title        = {Learning to Optimize Join Queries With Deep Reinforcement Learning},
  journal      = {CoRR},
  volume       = {abs/1808.03196},
  year         = {2018},
  url          = {http://arxiv.org/abs/1808.03196},
  eprinttype    = {arXiv},
  eprint       = {1808.03196},
  timestamp    = {Sun, 02 Sep 2018 15:01:54 +0200},
  biburl       = {https://dblp.org/rec/journals/corr/abs-1808-03196.bib},
  bibsource    = {dblp computer science bibliography, https://dblp.org}
}

@inproceedings{DBLP:conf/sigmod/MarcusP18,
  author       = {Ryan Marcus and
                  Olga Papaemmanouil},
  editor       = {Rajesh Bordawekar and
                  Oded Shmueli},
  title        = {Deep Reinforcement Learning for Join Order Enumeration},
  booktitle    = {Proceedings of the First International Workshop on Exploiting Artificial
                  Intelligence Techniques for Data Management, aiDM@SIGMOD 2018, Houston,
                  TX, USA, June 10, 2018},
  pages        = {3:1--3:4},
  publisher    = {{ACM}},
  year         = {2018},
  url          = {https://doi.org/10.1145/3211954.3211957},
  doi          = {10.1145/3211954.3211957},
  timestamp    = {Sun, 06 Oct 2024 21:14:19 +0200},
  biburl       = {https://dblp.org/rec/conf/sigmod/MarcusP18.bib},
  bibsource    = {dblp computer science bibliography, https://dblp.org}
}

@inproceedings{DBLP:conf/icde/WuCZTHN13,
  author       = {Wentao Wu and
                  Yun Chi and
                  Shenghuo Zhu and
                  Jun'ichi Tatemura and
                  Hakan Hacig{\"{u}}m{\"{u}}s and
                  Jeffrey F. Naughton},
  editor       = {Christian S. Jensen and
                  Christopher M. Jermaine and
                  Xiaofang Zhou},
  title        = {Predicting query execution time: Are optimizer cost models really
                  unusable?},
  booktitle    = {29th {IEEE} International Conference on Data Engineering, {ICDE} 2013,
                  Brisbane, Australia, April 8-12, 2013},
  pages        = {1081--1092},
  publisher    = {{IEEE} Computer Society},
  year         = {2013},
  url          = {https://doi.org/10.1109/ICDE.2013.6544899},
  doi          = {10.1109/ICDE.2013.6544899},
  timestamp    = {Fri, 24 Mar 2023 00:00:01 +0100},
  biburl       = {https://dblp.org/rec/conf/icde/WuCZTHN13.bib},
  bibsource    = {dblp computer science bibliography, https://dblp.org}
}

@inproceedings{DBLP:conf/vldb/ZhangHJLZ05,
  author       = {Ning Zhang and
                  Peter J. Haas and
                  Vanja Josifovski and
                  Guy M. Lohman and
                  Chun Zhang},
  editor       = {Klemens B{\"{o}}hm and
                  Christian S. Jensen and
                  Laura M. Haas and
                  Martin L. Kersten and
                  Per{-}{\AA}ke Larson and
                  Beng Chin Ooi},
  title        = {Statistical Learning Techniques for Costing {XML} Queries},
  booktitle    = {Proceedings of the 31st International Conference on Very Large Data
                  Bases, Trondheim, Norway, August 30 - September 2, 2005},
  pages        = {289--300},
  publisher    = {{ACM}},
  year         = {2005},
  url          = {http://www.vldb.org/archives/website/2005/program/paper/wed/p289-zhang.pdf},
  timestamp    = {Thu, 12 Mar 2020 11:33:56 +0100},
  biburl       = {https://dblp.org/rec/conf/vldb/ZhangHJLZ05.bib},
  bibsource    = {dblp computer science bibliography, https://dblp.org}
}

@inproceedings{DBLP:conf/sigmod/DugganCPU11,
  author       = {Jennie Duggan and
                  Ugur {\c{C}}etintemel and
                  Olga Papaemmanouil and
                  Eli Upfal},
  editor       = {Timos K. Sellis and
                  Ren{\'{e}}e J. Miller and
                  Anastasios Kementsietsidis and
                  Yannis Velegrakis},
  title        = {Performance prediction for concurrent database workloads},
  booktitle    = {Proceedings of the {ACM} {SIGMOD} International Conference on Management
                  of Data, {SIGMOD} 2011, Athens, Greece, June 12-16, 2011},
  pages        = {337--348},
  publisher    = {{ACM}},
  year         = {2011},
  url          = {https://doi.org/10.1145/1989323.1989359},
  doi          = {10.1145/1989323.1989359},
  timestamp    = {Sun, 06 Oct 2024 21:14:19 +0200},
  biburl       = {https://dblp.org/rec/conf/sigmod/DugganCPU11.bib},
  bibsource    = {dblp computer science bibliography, https://dblp.org}
}



@inproceedings{DBLP:conf/sigmod/BegoliCHML18,
  author       = {Edmon Begoli and
                  Jes{\'{u}}s Camacho{-}Rodr{\'{\i}}guez and
                  Julian Hyde and
                  Michael J. Mior and
                  Daniel Lemire},
  editor       = {Gautam Das and
                  Christopher M. Jermaine and
                  Philip A. Bernstein},
  title        = {Apache Calcite: {A} Foundational Framework for Optimized Query Processing
                  Over Heterogeneous Data Sources},
  booktitle    = {Proceedings of the 2018 International Conference on Management of
                  Data, {SIGMOD} Conference 2018, Houston, TX, USA, June 10-15, 2018},
  pages        = {221--230},
  publisher    = {{ACM}},
  year         = {2018},
  url          = {https://doi.org/10.1145/3183713.3190662},
  doi          = {10.1145/3183713.3190662},
  timestamp    = {Mon, 28 Aug 2023 21:17:12 +0200},
  biburl       = {https://dblp.org/rec/conf/sigmod/BegoliCHML18.bib},
  bibsource    = {dblp computer science bibliography, https://dblp.org}
}


@inproceedings{DBLP:conf/aaai/FengYZJG19,
  author       = {Yifan Feng and
                  Haoxuan You and
                  Zizhao Zhang and
                  Rongrong Ji and
                  Yue Gao},
  title        = {Hypergraph Neural Networks},
  booktitle    = {The Thirty-Third {AAAI} Conference on Artificial Intelligence, {AAAI}
                  2019, The Thirty-First Innovative Applications of Artificial Intelligence
                  Conference, {IAAI} 2019, The Ninth {AAAI} Symposium on Educational
                  Advances in Artificial Intelligence, {EAAI} 2019, Honolulu, Hawaii,
                  USA, January 27 - February 1, 2019},
  pages        = {3558--3565},
  publisher    = {{AAAI} Press},
  year         = {2019},
  url          = {https://doi.org/10.1609/aaai.v33i01.33013558},
  doi          = {10.1609/AAAI.V33I01.33013558},
  timestamp    = {Mon, 04 Sep 2023 12:29:24 +0200},
  biburl       = {https://dblp.org/rec/conf/aaai/FengYZJG19.bib},
  bibsource    = {dblp computer science bibliography, https://dblp.org}
}



@article{DBLP:journals/asc/DokerogluBC15,
  author       = {Tansel D{\"{o}}keroglu and
                  Murat Ali Bayir and
                  Ahmet Cosar},
  title        = {Robust heuristic algorithms for exploiting the common tasks of relational cloud database queries},
  journal      = {Appl. Soft Comput.},
  volume       = {30},
  pages        = {72--82},
  year         = {2015},
  url          = {https://doi.org/10.1016/j.asoc.2015.01.026},
  doi          = {10.1016/J.ASOC.2015.01.026},
  timestamp    = {Wed, 25 Sep 2019 17:51:05 +0200}
}


@inproceedings{DBLP:conf/sigmod/ZhangLZLXCXWCLR19,
  author       = {Ji Zhang and
                  Yu Liu and
                  Ke Zhou and
                  Guoliang Li and
                  Zhili Xiao and
                  Bin Cheng and
                  Jiashu Xing and
                  Yangtao Wang and
                  Tianheng Cheng and
                  Li Liu and
                  Minwei Ran and
                  Zekang Li},
  title        = {An End-to-End Automatic Cloud Database Tuning System Using Deep Reinforcement
                  Learning},
  booktitle    = {Proceedings of the 2019 International Conference on Management of
                  Data, {SIGMOD} Conference 2019, Amsterdam, The Netherlands, June 30
                  - July 5, 2019},
  pages        = {415--432},
  publisher    = {{ACM}},
  year         = {2019},
  url          = {https://doi.org/10.1145/3299869.3300085},
  doi          = {10.1145/3299869.3300085},
}




@inproceedings{DBLP:conf/cloud/ZhuLGBMLSY17,
  author       = {Yuqing Zhu and
                  Jianxun Liu and
                  Mengying Guo and
                  Yungang Bao and
                  Wenlong Ma and
                  Zhuoyue Liu and
                  Kunpeng Song and
                  Yingchun Yang},
  title        = {BestConfig: tapping the performance potential of systems via automatic
                  configuration tuning},
  booktitle    = {Proceedings of the 2017 Symposium on Cloud Computing, SoCC 2017, Santa
                  Clara, CA, USA, September 24-27, 2017},
  pages        = {338--350},
  publisher    = {{ACM}},
  year         = {2017},
  url          = {https://doi.org/10.1145/3127479.3128605},
  doi          = {10.1145/3127479.3128605},
  timestamp    = {Sun, 19 Jan 2025 13:29:16 +0100},

}

@inproceedings{DBLP:conf/sigmod/AkenPGZ17,
  author       = {Dana Van Aken and
                  Andrew Pavlo and
                  Geoffrey J. Gordon and
                  Bohan Zhang},
  title        = {Automatic Database Management System Tuning Through Large-scale Machine
                  Learning},
  booktitle    = {Proceedings of the 2017 {ACM} International Conference on Management
                  of Data, {SIGMOD} Conference 2017, Chicago, IL, USA, May 14-19, 2017},
  pages        = {1009--1024},
  publisher    = {{ACM}},
  year         = {2017},
  url          = {https://doi.org/10.1145/3035918.3064029},
  doi          = {10.1145/3035918.3064029},
  timestamp    = {Sun, 19 Jan 2025 13:27:24 +0100},

}


@article{DBLP:journals/pvldb/LiZLG19,
  author       = {Guoliang Li and
                  Xuanhe Zhou and
                  Shifu Li and
                  Bo Gao},
  title        = {QTune: {A} Query-Aware Database Tuning System with Deep Reinforcement
                  Learning},
  journal      = {Proc. {VLDB} Endow.},
  volume       = {12},
  number       = {12},
  pages        = {2118--2130},
  year         = {2019},
  url          = {http://www.vldb.org/pvldb/vol12/p2118-li.pdf},
  doi          = {10.14778/3352063.3352129},
  timestamp    = {Sun, 19 Jan 2025 13:44:39 +0100}
}

@article{DBLP:journals/pvldb/TanZLCZZQSCZ19,
  author       = {Jian Tan and
                  Tieying Zhang and
                  Feifei Li and
                  Jie Chen and
                  Qixing Zheng and
                  Ping Zhang and
                  Honglin Qiao and
                  Yue Shi and
                  Wei Cao and
                  Rui Zhang},
  title        = {iBTune: Individualized Buffer Tuning for Large-scale Cloud Databases},
  journal      = {Proc. {VLDB} Endow.},
  volume       = {12},
  number       = {10},
  pages        = {1221--1234},
  year         = {2019},
  url          = {http://www.vldb.org/pvldb/vol12/p1221-tan.pdf},
  doi          = {10.14778/3339490.3339503},
  timestamp    = {Mon, 07 Feb 2022 09:02:09 +0100}
}


@inproceedings{DBLP:conf/cidr/HerodotouLLBDCB11,
  author       = {Herodotos Herodotou and
                  Harold Lim and
                  Gang Luo and
                  Nedyalko Borisov and
                  Liang Dong and
                  Fatma Bilgen Cetin and
                  Shivnath Babu},
  title        = {Starfish: {A} Self-tuning System for Big Data Analytics},
  booktitle    = {Fifth Biennial Conference on Innovative Data Systems Research, {CIDR}
                  2011, Asilomar, CA, USA, January 9-12, 2011, Online Proceedings},
  pages        = {261--272},
  publisher    = {www.cidrdb.org},
  year         = {2011},
  url          = {http://cidrdb.org/cidr2011/Papers/CIDR11\_Paper36.pdf},
  timestamp    = {Mon, 18 Jul 2022 17:13:00 +0200}
}

@inproceedings{DBLP:conf/IEEEcloud/NguyenKW18,
  author       = {Nhan Nguyen and
                  Mohammad Maifi Hasan Khan and
                  Kewen Wang},
  title        = {Towards Automatic Tuning of Apache Spark Configuration},
  booktitle    = {11th {IEEE} International Conference on Cloud Computing, {CLOUD} 2018,
                  San Francisco, CA, USA, July 2-7, 2018},
  pages        = {417--425},
  publisher    = {{IEEE} Computer Society},
  year         = {2018},
  url          = {https://doi.org/10.1109/CLOUD.2018.00059},
  doi          = {10.1109/CLOUD.2018.00059},
  timestamp    = {Fri, 24 Mar 2023 00:02:40 +0100}
}


@inproceedings{DBLP:conf/vldb/ChaudhuriN97,
  author       = {Surajit Chaudhuri and
                  Vivek R. Narasayya},
  title        = {An Efficient Cost-Driven Index Selection Tool for Microsoft {SQL}
                  Server},
  booktitle    = {VLDB'97, Proceedings of 23rd International Conference on Very Large
                  Data Bases, August 25-29, 1997, Athens, Greece},
  pages        = {146--155},
  publisher    = {Morgan Kaufmann},
  year         = {1997},
  url          = {http://www.vldb.org/conf/1997/P146.PDF},
  timestamp    = {Tue, 07 Nov 2017 06:51:45 +0100}
}

@inproceedings{DBLP:conf/icde/SchnaitterAMP07,
  author       = {Karl Schnaitter and
                  Serge Abiteboul and
                  Tova Milo and
                  Neoklis Polyzotis},
  title        = {On-Line Index Selection for Shifting Workloads},
  booktitle    = {Proceedings of the 23rd International Conference on Data Engineering
                  Workshops, {ICDE} 2007, 15-20 April 2007, Istanbul, Turkey},
  pages        = {459--468},
  publisher    = {{IEEE} Computer Society},
  year         = {2007},
  url          = {https://doi.org/10.1109/ICDEW.2007.4401029},
  doi          = {10.1109/ICDEW.2007.4401029},
  timestamp    = {Fri, 24 Mar 2023 00:00:01 +0100}
}










@inproceedings{DBLP:conf/sigmod/KraskaBCDP18,
  author       = {Tim Kraska and
                  Alex Beutel and
                  Ed H. Chi and
                  Jeffrey Dean and
                  Neoklis Polyzotis},
  title        = {The Case for Learned Index Structures},
  booktitle    = {Proceedings of the 2018 International Conference on Management of
                  Data, {SIGMOD} Conference 2018, Houston, TX, USA, June 10-15, 2018},
  pages        = {489--504},
  publisher    = {{ACM}},
  year         = {2018},
  url          = {https://doi.org/10.1145/3183713.3196909},
  doi          = {10.1145/3183713.3196909}
}


@inproceedings{DBLP:conf/sigmod/DingMYWDLZCGKLK20,
  author       = {Jialin Ding and
                  Umar Farooq Minhas and
                  Jia Yu and
                  Chi Wang and
                  Jaeyoung Do and
                  Yinan Li and
                  Hantian Zhang and
                  Badrish Chandramouli and
                  Johannes Gehrke and
                  Donald Kossmann and
                  David B. Lomet and
                  Tim Kraska},
  title        = {{ALEX:} An Updatable Adaptive Learned Index},
  booktitle    = {Proceedings of the 2020 International Conference on Management of
                  Data, {SIGMOD} Conference 2020, online conference [Portland, OR, USA],
                  June 14-19, 2020},
  pages        = {969--984},
  publisher    = {{ACM}},
  year         = {2020},
  url          = {https://doi.org/10.1145/3318464.3389711},
  doi          = {10.1145/3318464.3389711},
  timestamp    = {Thu, 15 Sep 2022 14:00:48 +0200},
  biburl       = {https://dblp.org/rec/conf/sigmod/DingMYWDLZCGKLK20.bib},
  bibsource    = {dblp computer science bibliography, https://dblp.org}
}



@inproceedings{DBLP:conf/sigmod/WuYTSB19,
  author       = {Yingjun Wu and
                  Jia Yu and
                  Yuanyuan Tian and
                  Richard Sidle and
                  Ronald Barber},
  title        = {Designing Succinct Secondary Indexing Mechanism by Exploiting Column
                  Correlations},
  booktitle    = {Proceedings of the 2019 International Conference on Management of
                  Data, {SIGMOD} Conference 2019, Amsterdam, The Netherlands, June 30
                  - July 5, 2019},
  pages        = {1223--1240},
  publisher    = {{ACM}},
  year         = {2019},
  url          = {https://doi.org/10.1145/3299869.3319861},
  doi          = {10.1145/3299869.3319861},
  timestamp    = {Wed, 25 Sep 2019 18:11:06 +0200}
}


@inproceedings{DBLP:conf/sigmod/MaAHMPG18,
  author       = {Lin Ma and
                  Dana Van Aken and
                  Ahmed Hefny and
                  Gustavo Mezerhane and
                  Andrew Pavlo and
                  Geoffrey J. Gordon},
  title        = {Query-based Workload Forecasting for Self-Driving Database Management
                  Systems},
  booktitle    = {Proceedings of the 2018 International Conference on Management of
                  Data, {SIGMOD} Conference 2018, Houston, TX, USA, June 10-15, 2018},
  pages        = {631--645},
  publisher    = {{ACM}},
  year         = {2018},
  url          = {https://doi.org/10.1145/3183713.3196908},
  doi          = {10.1145/3183713.3196908},
  timestamp    = {Sun, 19 Jan 2025 13:27:22 +0100}
}





[135]

@inproceedings{DBLP:conf/sigmod/ParkZM20,
  author       = {Yongjoo Park and
                  Shucheng Zhong and
                  Barzan Mozafari},
  title        = {QuickSel: Quick Selectivity Learning with Mixture Models},
  booktitle    = {Proceedings of the 2020 International Conference on Management of
                  Data, {SIGMOD} Conference 2020, online conference [Portland, OR, USA],
                  June 14-19, 2020},
  pages        = {1017--1033},
  publisher    = {{ACM}},
  year         = {2020},
  url          = {https://doi.org/10.1145/3318464.3389727},
  doi          = {10.1145/3318464.3389727},
  timestamp    = {Sat, 30 Sep 2023 09:56:34 +0200}
}



@article{DBLP:journals/corr/abs-1905-06425,
  author       = {Jennifer Ortiz and
                  Magdalena Balazinska and
                  Johannes Gehrke and
                  S. Sathiya Keerthi},
  title        = {An Empirical Analysis of Deep Learning for Cardinality Estimation},
  journal      = {CoRR},
  volume       = {abs/1905.06425},
  year         = {2019},
  url          = {http://arxiv.org/abs/1905.06425},
  eprinttype    = {arXiv},
  eprint       = {1905.06425},
  timestamp    = {Tue, 28 May 2019 12:48:08 +0200},
  biburl       = {https://dblp.org/rec/journals/corr/abs-1905-06425.bib},
  bibsource    = {dblp computer science bibliography, https://dblp.org}
}

@article{DBLP:journals/corr/abs-1901-08544,
  author       = {Yihe Dong and
                  Piotr Indyk and
                  Ilya P. Razenshteyn and
                  Tal Wagner},
  title        = {Learning Sublinear-Time Indexing for Nearest Neighbor Search},
  journal      = {CoRR},
  volume       = {abs/1901.08544},
  year         = {2019},
  url          = {http://arxiv.org/abs/1901.08544},
  eprinttype    = {arXiv},
  eprint       = {1901.08544},
  timestamp    = {Sat, 23 Jan 2021 01:12:04 +0100},
  biburl       = {https://dblp.org/rec/journals/corr/abs-1901-08544.bib},
  bibsource    = {dblp computer science bibliography, https://dblp.org}
}

@article{DBLP:journals/pvldb/DuttWNKNC19,
  author       = {Anshuman Dutt and
                  Chi Wang and
                  Azade Nazi and
                  Srikanth Kandula and
                  Vivek R. Narasayya and
                  Surajit Chaudhuri},
  title        = {Selectivity Estimation for Range Predicates using Lightweight Models},
  journal      = {Proc. {VLDB} Endow.},
  volume       = {12},
  number       = {9},
  pages        = {1044--1057},
  year         = {2019},
  url          = {http://www.vldb.org/pvldb/vol12/p1044-dutt.pdf},
  doi          = {10.14778/3329772.3329780},
  timestamp    = {Sun, 19 Jan 2025 13:44:49 +0100},
  biburl       = {https://dblp.org/rec/journals/pvldb/DuttWNKNC19.bib},
  bibsource    = {dblp computer science bibliography, https://dblp.org}
}



@article{DBLP:journals/pvldb/MarcusNMZAKPT19,
  author       = {Ryan Marcus and
                  Parimarjan Negi and
                  Hongzi Mao and
                  Chi Zhang and
                  Mohammad Alizadeh and
                  Tim Kraska and
                  Olga Papaemmanouil and
                  Nesime Tatbul},
  title        = {Neo: {A} Learned Query Optimizer},
  journal      = {Proc. {VLDB} Endow.},
  volume       = {12},
  number       = {11},
  pages        = {1705--1718},
  year         = {2019},
  url          = {http://www.vldb.org/pvldb/vol12/p1705-marcus.pdf},
  doi          = {10.14778/3342263.3342644}
}

@article{DBLP:journals/pvldb/MarcusP19,
  author       = {Ryan Marcus and
                  Olga Papaemmanouil},
  title        = {Plan-Structured Deep Neural Network Models for Query Performance Prediction},
  journal      = {Proc. {VLDB} Endow.},
  volume       = {12},
  number       = {11},
  pages        = {1733--1746},
  year         = {2019},
  url          = {http://www.vldb.org/pvldb/vol12/p1733-marcus.pdf},
  doi          = {10.14778/3342263.3342646},
  timestamp    = {Sun, 19 Jan 2025 13:44:27 +0100},
  biburl       = {https://dblp.org/rec/journals/pvldb/MarcusP19.bib},
  bibsource    = {dblp computer science bibliography, https://dblp.org}
}

@inproceedings{DBLP:conf/sigmod/HeimelKM15,
  author       = {Max Heimel and
                  Martin Kiefer and
                  Volker Markl},
  title        = {Self-Tuning, GPU-Accelerated Kernel Density Models for Multidimensional
                  Selectivity Estimation},
  booktitle    = {Proceedings of the 2015 {ACM} {SIGMOD} International Conference on
                  Management of Data, Melbourne, Victoria, Australia, May 31 - June
                  4, 2015},
  pages        = {1477--1492},
  publisher    = {{ACM}},
  year         = {2015},
  url          = {https://doi.org/10.1145/2723372.2749438},
  doi          = {10.1145/2723372.2749438},
  timestamp    = {Sat, 30 Sep 2023 09:56:33 +0200}
}

@inproceedings{DBLP:conf/vldb/StillgerLMK01,
  author       = {Michael Stillger and
                  Guy M. Lohman and
                  Volker Markl and
                  Mokhtar Kandil},
  title        = {{LEO} - DB2's LEarning Optimizer},
  booktitle    = {{VLDB} 2001, Proceedings of 27th International Conference on Very
                  Large Data Bases, September 11-14, 2001, Roma, Italy},
  pages        = {19--28},
  publisher    = {Morgan Kaufmann},
  year         = {2001},
  url          = {http://www.vldb.org/conf/2001/P019.pdf},
  timestamp    = {Thu, 12 Mar 2020 11:33:45 +0100}
}

@article{DBLP:journals/tods/TrummerWWMMJAR21,
  author       = {Immanuel Trummer and
                  Junxiong Wang and
                  Ziyun Wei and
                  Deepak Maram and
                  Samuel Moseley and
                  Saehan Jo and
                  Joseph Antonakakis and
                  Ankush Rayabhari},
  title        = {SkinnerDB: Regret-bounded Query Evaluation via Reinforcement Learning},
  journal      = {{ACM} Trans. Database Syst.},
  volume       = {46},
  number       = {3},
  pages        = {9:1--9:45},
  year         = {2021},
  url          = {https://doi.org/10.1145/3464389},
  doi          = {10.1145/3464389},
  timestamp    = {Wed, 07 Dec 2022 23:05:07 +0100},
  biburl       = {https://dblp.org/rec/journals/tods/TrummerWWMMJAR21.bib},
  bibsource    = {dblp computer science bibliography, https://dblp.org}
}


@article{tzoumas2008reinforcement,
  title={A reinforcement learning approach for adaptive query processing},
  author={Tzoumas, Kostas and Sellis, Timos and Jensen, Christian S},
  journal={History},
  pages={1--25},
  year={2008}
}



 
 @article{DBLP:journals/pvldb/MaYZWZJHLLQLCP20,
  author       = {Minghua Ma and
                  Zheng Yin and
                  Shenglin Zhang and
                  Sheng Wang and
                  Christopher Zheng and
                  Xinhao Jiang and
                  Hanwen Hu and
                  Cheng Luo and
                  Yilin Li and
                  Nengjun Qiu and
                  Feifei Li and
                  Changcheng Chen and
                  Dan Pei},
  title        = {Diagnosing Root Causes of Intermittent Slow Queries in Large-Scale
                  Cloud Databases},
  journal      = {Proc. {VLDB} Endow.},
  volume       = {13},
  number       = {8},
  pages        = {1176--1189},
  year         = {2020},
  url          = {http://www.vldb.org/pvldb/vol13/p1176-ma.pdf},
  doi          = {10.14778/3389133.3389136},
  timestamp    = {Sat, 06 Aug 2022 22:05:46 +0200},
  biburl       = {https://dblp.org/rec/journals/pvldb/MaYZWZJHLLQLCP20.bib},
  bibsource    = {dblp computer science bibliography, https://dblp.org}
}


@inproceedings{DBLP:conf/sigmod/TaftESLASMA18,
  author       = {Rebecca Taft and
                  Nosayba El{-}Sayed and
                  Marco Serafini and
                  Yu Lu and
                  Ashraf Aboulnaga and
                  Michael Stonebraker and
                  Ricardo Mayerhofer and
                  Francisco Jose Andrade},
  editor       = {Gautam Das and
                  Christopher M. Jermaine and
                  Philip A. Bernstein},
  title        = {P-Store: An Elastic Database System with Predictive Provisioning},
  booktitle    = {Proceedings of the 2018 International Conference on Management of
                  Data, {SIGMOD} Conference 2018, Houston, TX, USA, June 10-15, 2018},
  pages        = {205--219},
  publisher    = {{ACM}},
  year         = {2018},
  url          = {https://doi.org/10.1145/3183713.3190650},
  doi          = {10.1145/3183713.3190650},
  timestamp    = {Sun, 19 Jan 2025 13:27:31 +0100},
  biburl       = {https://dblp.org/rec/conf/sigmod/TaftESLASMA18.bib},
  bibsource    = {dblp computer science bibliography, https://dblp.org}
}


@article{DBLP:journals/corr/abs-1910-10777,
  author       = {Hagit Grushka{-}Cohen and
                  Ofer Biller and
                  Oded Sofer and
                  Lior Rokach and
                  Bracha Shapira},
  title        = {Diversifying Database Activity Monitoring with Bandits},
  journal      = {CoRR},
  volume       = {abs/1910.10777},
  year         = {2019},
  url          = {http://arxiv.org/abs/1910.10777},
  eprinttype    = {arXiv},
  eprint       = {1910.10777},
  timestamp    = {Fri, 25 Oct 2019 14:59:26 +0200},
  biburl       = {https://dblp.org/rec/journals/corr/abs-1910-10777.bib},
  bibsource    = {dblp computer science bibliography, https://dblp.org}
}



@inproceedings{DBLP:conf/kdd/BhaskarLST10,
  author       = {Raghav Bhaskar and
                  Srivatsan Laxman and
                  Adam D. Smith and
                  Abhradeep Thakurta},
  editor       = {Bharat Rao and
                  Balaji Krishnapuram and
                  Andrew Tomkins and
                  Qiang Yang},
  title        = {Discovering frequent patterns in sensitive data},
  booktitle    = {Proceedings of the 16th {ACM} {SIGKDD} International Conference on
                  Knowledge Discovery and Data Mining, Washington, DC, USA, July 25-28,
                  2010},
  pages        = {503--512},
  publisher    = {{ACM}},
  year         = {2010},
  url          = {https://doi.org/10.1145/1835804.1835869},
  doi          = {10.1145/1835804.1835869},
  timestamp    = {Tue, 20 Aug 2024 08:48:08 +0200},
  biburl       = {https://dblp.org/rec/conf/kdd/BhaskarLST10.bib},
  bibsource    = {dblp computer science bibliography, https://dblp.org}
}


@inproceedings{DBLP:conf/icde/ColomboF16a,
  author       = {Pietro Colombo and
                  Elena Ferrari},
  title        = {Efficient enforcement of action-aware purpose-based access control
                  within relational database management systems},
  booktitle    = {32nd {IEEE} International Conference on Data Engineering, {ICDE} 2016,
                  Helsinki, Finland, May 16-20, 2016},
  pages        = {1516--1517},
  publisher    = {{IEEE} Computer Society},
  year         = {2016},
  url          = {https://doi.org/10.1109/ICDE.2016.7498402},
  doi          = {10.1109/ICDE.2016.7498402},
  timestamp    = {Tue, 12 Nov 2024 10:12:41 +0100},
  biburl       = {https://dblp.org/rec/conf/icde/ColomboF16a.bib},
  bibsource    = {dblp computer science bibliography, https://dblp.org}
}


@inproceedings{DBLP:conf/iml/Lodeiro-Santiago17,
  author       = {Mois{\'{e}}s Lodeiro{-}Santiago and
                  C{\'{a}}ndido Caballero{-}Gil and
                  Pino Caballero{-}Gil},
  editor       = {Hani Hamdan and
                  Djallel Eddine Boubiche and
                  Fanny Klett},
  title        = {Collaborative SQL-injections detection system with machine learning},
  booktitle    = {Proceedings of the 1st International Conference on Internet of Things
                  and Machine Learning, {IML} 2017, Liverpool, United Kingdom, October
                  17-18, 2017},
  pages        = {45:1--45:5},
  publisher    = {{ACM}},
  year         = {2017},
  url          = {https://doi.org/10.1145/3109761.3158395},
  doi          = {10.1145/3109761.3158395},
  timestamp    = {Fri, 27 Dec 2019 21:21:49 +0100},
  biburl       = {https://dblp.org/rec/conf/iml/Lodeiro-Santiago17.bib},
  bibsource    = {dblp computer science bibliography, https://dblp.org}
}

@article{DBLP:journals/ijcwt/Sheykhkanloo17,
  author       = {Naghmeh Moradpoor Sheykhkanloo},
  title        = {A Learning-based Neural Network Model for the Detection and Classification
                  of {SQL} Injection Attacks},
  journal      = {Int. J. Cyber Warf. Terror.},
  volume       = {7},
  number       = {2},
  pages        = {16--41},
  year         = {2017},
  url          = {https://doi.org/10.4018/IJCWT.2017040102},
  doi          = {10.4018/IJCWT.2017040102},
  timestamp    = {Tue, 16 Aug 2022 23:09:53 +0200},
  biburl       = {https://dblp.org/rec/journals/ijcwt/Sheykhkanloo17.bib},
  bibsource    = {dblp computer science bibliography, https://dblp.org}
}


@article{DBLP:journals/corr/abs-1901-02868,
  author       = {Lucas Oliveira Batista and
                  Gabriel Adriano de Silva and
                  Vanessa Souza Ara{\'{u}}jo and
                  Vin{\'{\i}}cius Jonathan Silva Ara{\'{u}}jo and
                  Thiago Silva Rezende and
                  Augusto Junio Guimar{\~{a}}es and
                  Paulo Vitor de Campos Souza},
  title        = {Fuzzy neural networks to create an expert system for detecting attacks
                  by {SQL} Injection},
  journal      = {CoRR},
  volume       = {abs/1901.02868},
  year         = {2019},
  url          = {http://arxiv.org/abs/1901.02868},
  eprinttype    = {arXiv},
  eprint       = {1901.02868},
  timestamp    = {Fri, 01 Feb 2019 13:39:59 +0100},
  biburl       = {https://dblp.org/rec/journals/corr/abs-1901-02868.bib},
  bibsource    = {dblp computer science bibliography, https://dblp.org}
}
@article{DBLP:journals/sigmod/ChenHWSS23,
  author       = {Jeremy Chen and
                  Yuqing Huang and
                  Mushi Wang and
                  Semih Salihoglu and
                  Kenneth Salem},
  title        = {Accurate Summary-based Cardinality Estimation Through the Lens of
                  Cardinality Estimation Graphs},
  journal      = {{SIGMOD} Rec.},
  volume       = {52},
  number       = {1},
  pages        = {94--102},
  year         = {2023},
  url          = {https://doi.org/10.1145/3604437.3604458},
  doi          = {10.1145/3604437.3604458},
  timestamp    = {Sun, 19 Jan 2025 14:12:57 +0100},
  biburl       = {https://dblp.org/rec/journals/sigmod/ChenHWSS23.bib},
  bibsource    = {dblp computer science bibliography, https://dblp.org}
}

@article{Wilcoxon1945,
  author    = {Frank Wilcoxon},
  title     = {Individual comparisons by ranking methods},
  journal   = {Biometrics Bulletin},
  volume    = {1},
  number    = {6},
  pages     = {80--83},
  year      = {1945}
}
@book{breiman2017classification,
  title={Classification and regression trees},
  author={Breiman, Leo},
  year={2017},
  publisher={Routledge}
}



@Inbook{Ross2017,
author="Ross, Amanda
and Willson, Victor L.",
title="Paired Samples T-Test",
bookTitle="Basic and Advanced Statistical Tests: Writing Results Sections and Creating Tables and Figures",
year="2017",
publisher="SensePublishers",
address="Rotterdam",
pages="17--19",
abstract="A paired-samples t-test compares the mean of two matched groups of people or cases, or compares the mean of a single group, examined at two different points in time. If the same group is tested again, on the same measure, the t-test is called a repeated measures t-test.",
isbn="978-94-6351-086-8",
doi="10.1007/978-94-6351-086-8_4",
url="https://doi.org/10.1007/978-94-6351-086-8_4"
}

@mastersthesis{bohm2024rewrite,
  title={To rewrite or not to rewrite: Decision making in query optimization of SQL queries},
  author={B{\"o}hm, Daniela},
  year={2024},
  school={Technische Universit{\"a}t Wien},
  doi="10.34726/hss.2024.120310"
}