@article{chen2024quantifying,
  title={Quantifying and Mitigating Unimodal Biases in Multimodal Large Language Models: A Causal Perspective},
  author={Chen, Meiqi and Cao, Yixin and Zhang, Yan and Lu, Chaochao},
  journal={arXiv preprint arXiv:2403.18346},
  year={2024}
}

@article{chip,
  title={CHiP: Cross-modal Hierarchical Direct Preference Optimization for Multimodal LLMs},
  author={Fu, Jinlan and Huangfu, Shenzhen and Fei, Hao and Shen, Xiaoyu and Hooi, Bryan and Qiu, Xipeng and Ng, See-Kiong},
  journal={arXiv preprint arXiv:2501.16629},
  year={2025}
}

@article{countercurate,
  title={CounterCurate: Enhancing Physical and Semantic Visio-Linguistic Compositional Reasoning via Counterfactual Examples},
  author={Zhang, Jianrui and Cai, Mu and Xie, Tengyang and Lee, Yong Jae},
  journal={arXiv preprint arXiv:2402.13254},
  year={2024}
}

@article{dai2024instructblip,
  title={Instructblip: Towards general-purpose vision-language models with instruction tuning},
  author={Dai, Wenliang and Li, Junnan and Li, Dongxu and Tiong, Anthony Meng Huat and Zhao, Junqi and Wang, Weisheng and Li, Boyang and Fung, Pascale N and Hoi, Steven},
  journal={Advances in Neural Information Processing Systems},
  volume={36},
  year={2024}
}

@article{deng2024seeing,
  title={Seeing is believing: Mitigating hallucination in large vision-language models via clip-guided decoding},
  author={Deng, Ailin and Chen, Zhirui and Hooi, Bryan},
  journal={arXiv preprint arXiv:2402.15300},
  year={2024}
}

@article{dpo,
  title={Direct preference optimization: Your language model is secretly a reward model},
  author={Rafailov, Rafael and Sharma, Archit and Mitchell, Eric and Manning, Christopher D and Ermon, Stefano and Finn, Chelsea},
  journal={Advances in Neural Information Processing Systems},
  volume={36},
  year={2024}
}

@article{finecopsref,
  title={FineCops-Ref: A new Dataset and Task for Fine-Grained Compositional Referring Expression Comprehension},
  author={Liu, Junzhuo and Yang, Xuzheng and Li, Weiwei and Wang, Peng},
  journal={arXiv preprint arXiv:2409.14750},
  year={2024}
}

@article{imagedpo,
  title={Probing Visual Language Priors in VLMs},
  author={Luo, Tiange and Cao, Ang and Lee, Gunhee and Johnson, Justin and Lee, Honglak},
  journal={arXiv preprint arXiv:2501.00569},
  year={2024}
}

@article{jiang2024supervised,
  title={Supervised fine-tuning in turn improves visual foundation models},
  author={Jiang, Xiaohu and Ge, Yixiao and Ge, Yuying and Shi, Dachuan and Yuan, Chun and Shan, Ying},
  journal={arXiv preprint arXiv:2401.10222},
  year={2024}
}

@article{jin2023grill,
  title={Grill: Grounded vision-language pre-training via aligning text and image regions},
  author={Jin, Woojeong and Mukherjee, Subhabrata and Cheng, Yu and Shen, Yelong and Chen, Weizhu and Awadallah, Ahmed Hassan and Jose, Damien and Ren, Xiang},
  journal={arXiv preprint arXiv:2305.14676},
  year={2023}
}

@article{mdpo,
  title={mDPO: Conditional Preference Optimization for Multimodal Large Language Models},
  author={Wang, Fei and Zhou, Wenxuan and Huang, James Y and Xu, Nan and Zhang, Sheng and Poon, Hoifung and Chen, Muhao},
  journal={arXiv preprint arXiv:2406.11839},
  year={2024}
}

@article{mfpo,
  title={Modality-Fair Preference Optimization for Trustworthy MLLM Alignment},
  author={Jiang, Songtao and Zhang, Yan and Chen, Ruizhe and Jin, Yeying and Liu, Zuozhu},
  journal={arXiv preprint arXiv:2410.15334},
  year={2024}
}

@inproceedings{mmvp,
  title={Eyes wide shut? exploring the visual shortcomings of multimodal llms},
  author={Tong, Shengbang and Liu, Zhuang and Zhai, Yuexiang and Ma, Yi and LeCun, Yann and Xie, Saining},
  booktitle={Proceedings of the IEEE/CVF Conference on Computer Vision and Pattern Recognition},
  pages={9568--9578},
  year={2024}
}

@article{povid,
  title={Aligning modalities in vision large language models via preference fine-tuning},
  author={Zhou, Yiyang and Cui, Chenhang and Rafailov, Rafael and Finn, Chelsea and Yao, Huaxiu},
  journal={arXiv preprint arXiv:2402.11411},
  year={2024}
}

@article{sun2024layoutvlm,
  title={LayoutVLM: Differentiable Optimization of 3D Layout via Vision-Language Models},
  author={Sun, Fan-Yun and Liu, Weiyu and Gu, Siyi and Lim, Dylan and Bhat, Goutam and Tombari, Federico and Li, Manling and Haber, Nick and Wu, Jiajun},
  journal={arXiv preprint arXiv:2412.02193},
  year={2024}
}

@article{symdpo,
  title={SymDPO: Boosting In-Context Learning of Large Multimodal Models with Symbol Demonstration Direct Preference Optimization},
  author={Jia, Hongrui and Jiang, Chaoya and Xu, Haiyang and Ye, Wei and Dong, Mengfan and Yan, Ming and Zhang, Ji and Huang, Fei and Zhang, Shikun},
  journal={arXiv preprint arXiv:2411.11909},
  year={2024}
}

@article{vdpo,
  title={V-DPO: Mitigating Hallucination in Large Vision Language Models via Vision-Guided Direct Preference Optimization},
  author={Xie, Yuxi and Li, Guanzhen and Xu, Xiao and Kan, Min-Yen},
  journal={arXiv preprint arXiv:2411.02712},
  year={2024}
}

@article{yang2023set,
  title={Set-of-mark prompting unleashes extraordinary visual grounding in gpt-4v},
  author={Yang, Jianwei and Zhang, Hao and Li, Feng and Zou, Xueyan and Li, Chunyuan and Gao, Jianfeng},
  journal={arXiv preprint arXiv:2310.11441},
  year={2023}
}

