@inproceedings{BAE-Net_Chen,
  title={Bae-net: Branched autoencoder for shape co-segmentation},
  author={Chen, Zhiqin and Yin, Kangxue and Fisher, Matthew and Chaudhuri, Siddhartha and Zhang, Hao},
  booktitle={Proceedings of the IEEE/CVF International Conference on Computer Vision},
  year={2019}
}

@article{CAS_Yang,
  title={Unsupervised learning for cuboid shape abstraction via joint segmentation from point clouds},
  author={Yang, Kaizhi and Chen, Xuejin},
  journal={ACM Transactions On Graphics (TOG)},
  volume={40},
  number={4},
  year={2021},
}

@inproceedings{DAE-Net_Chen,
  title={DAE-Net: Deforming Auto-Encoder for fine-grained shape co-segmentation},
  author={Chen, Zhiqin and Chen, Qimin and Zhou, Hang and Zhang, Hao},
  booktitle={ACM SIGGRAPH 2024 Conference Papers},
  year={2024}
}

@inproceedings{DPF-Net_Shuai,
  title={DPF-Net: Combining explicit shape priors in deformable primitive field for unsupervised structural reconstruction of 3D objects},
  author={Shuai, Qingyao and Zhang, Chi and Yang, Kaizhi and Chen, Xuejin},
  booktitle={Proceedings of the IEEE/CVF International Conference on Computer Vision},
  year={2023}
}

@article{DSQ_Li,
  title={Shared Latent Membership Enables Joint Shape Abstraction and Segmentation with Deformable Superquadrics},
  author={Li, Jiaxin and Wang, Hongxing and Tan, Jiawei and Yuan, Junsong},
  journal={IEEE Transactions on Image Processing},
  year={2024},
}

@article{EDS_Maurizio,
  title={Equal-distance sampling of superellipse models},
  author={Pilu, Maurizio and Fisher, Robert B},
  year={1995},
}

@article{GRASS_Li,
  title={Grass: Generative recursive autoencoders for shape structures},
  author={Li, Jun and Xu, Kai and Chaudhuri, Siddhartha and Yumer, Ersin and Zhang, Hao and Guibas, Leonidas},
  journal={ACM Transactions on Graphics (TOG)},
  volume={36},
  number={4},
  year={2017},
}

@article{HCA_Sun,
  title={Learning adaptive hierarchical cuboid abstractions of 3d shape collections},
  author={Sun, Chun-Yu and Zou, Qian-Fang and Tong, Xin and Liu, Yang},
  journal={ACM Transactions on Graphics (TOG)},
  volume={38},
  number={6},
  year={2019},
}

@inproceedings{HSQ_Paschalidou,
  title={Learning unsupervised hierarchical part decomposition of 3d objects from a single rgb image},
  author={Paschalidou, Despoina and Gool, Luc Van and Geiger, Andreas},
  booktitle={Proceedings of the IEEE/CVF Conference on Computer Vision and Pattern Recognition},
  year={2020}
}

@inproceedings{NeuralParts_Paschalidou,
  title={Neural parts: Learning expressive 3d shape abstractions with invertible neural networks},
  author={Paschalidou, Despoina and Katharopoulos, Angelos and Geiger, Andreas and Fidler, Sanja},
  booktitle={Proceedings of the IEEE/CVF Conference on Computer Vision and Pattern Recognition},
  year={2021}
}

@article{PASTA_Li,
  title={PASTA: Controllable Part-Aware Shape Generation with Autoregressive Transformers},
  author={Li, Songlin and Paschalidou, Despoina and Guibas, Leonidas},
  journal={arXiv preprint arXiv:2407.13677},
  year={2024}
}

@article{RPM_Solina,
  title={Recovery of parametric models from range images: The case for superquadrics with global deformations},
  author={Solina, Franc and Bajcsy, Ruzena},
  journal={IEEE transactions on pattern analysis and machine intelligence},
  volume={12},
  number={2},
  year={1990},
}

@article{SDM-Net_Gao,
  title={SDM-NET: Deep generative network for structured deformable mesh},
  author={Gao, Lin and Yang, Jie and Wu, Tong and Yuan, Yu-Jie and Fu, Hongbo and Lai, Yu-Kun and Zhang, Hao},
  journal={ACM Transactions on Graphics (TOG)},
  volume={38},
  number={6},
  year={2019},
}

@inproceedings{SQR_Paschalidou,
  title={Superquadrics revisited: Learning 3d shape parsing beyond cuboids},
  author={Paschalidou, Despoina and Ulusoy, Ali Osman and Geiger, Andreas},
  booktitle={Proceedings of the IEEE/CVF Conference on Computer Vision and Pattern Recognition},
  year={2019}
}

@article{SQS_Chevalier,
  title={Segmentation and superquadric modeling of 3D objects},
  author={Chevalier, Laurent and Jaillet, Fabrice and Baskurt, Atilla},
  year={2003},
}

@article{SSQN_Ferreira,
  title={Sampling superquadric point clouds with normals},
  author={Ferreira, Paulo},
  journal={arXiv preprint arXiv:1802.05176},
  year={2018}
}

@article{SegMat_Lin,
  title={Seg-mat: 3d shape segmentation using medial axis transform},
  author={Lin, Cheng and Liu, Lingjie and Li, Changjian and Kobbelt, Leif and Wang, Bin and Xin, Shiqing and Wang, Wenping},
  journal={IEEE transactions on visualization and computer graphics},
  volume={28},
  number={6},
  year={2020},
}

@article{Structurenet_Mo,
  title={StructureNet: hierarchical graph networks for 3D shape generation},
  author={Mo, Kaichun and Guerrero, Paul and Yi, Li and Su, Hao and Wonka, Peter and Mitra, Niloy J and Guibas, Leonidas J},
  journal={ACM Transactions on Graphics (TOG)},
  volume={38},
  number={6},
  year={2019},
}

@inproceedings{VP_Tulsiani,
  title={Learning shape abstractions by assembling volumetric primitives},
  author={Tulsiani, Shubham and Su, Hao and Guibas, Leonidas J and Efros, Alexei A and Malik, Jitendra},
  booktitle={Proceedings of the IEEE Conference on Computer Vision and Pattern Recognition},
  year={2017}
}

