
% Journals

% First the Full Name is given, then the abbreviation used in the AMS Math
% Reviews, with an indication if it could not be found there.
% Note the 2nd overwrites the 1st, so swap them if you want the full name.

 %{AMS}
 @String{AMSTrans = "American Mathematical Society Translations" }
 @String{AMSTrans = "Amer. Math. Soc. Transl." }
 @String{BullAMS = "Bulletin of the American Mathematical Society" }
 @String{BullAMS = "Bull. Amer. Math. Soc." }
 @String{ProcAMS = "Proceedings of the American Mathematical Society" }
 @String{ProcAMS = "Proc. Amer. Math. Soc." }
 @String{TransAMS = "Transactions of the American Mathematical Society" }
 @String{TransAMS = "Trans. Amer. Math. Soc." }

 %ACM
 @String{CACM = "Communications of the {ACM}" }
 @String{CACM = "Commun. {ACM}" }
 @String{CompServ = "Comput. Surveys" }
 @String{JACM = "J. ACM" }
 @String{ACMMathSoft = "{ACM} Transactions on Mathematical Software" }
 @String{ACMMathSoft = "{ACM} Trans. Math. Software" }
 @String{SIGNUM = "{ACM} {SIGNUM} Newsletter" }
 @String{SIGNUM = "{ACM} {SIGNUM} Newslett." }

 @String{AmerSocio = "American Journal of Sociology" }
 @String{AmerStatAssoc = "Journal of the American Statistical Association" }
 @String{AmerStatAssoc = "J. Amer. Statist. Assoc." }
 @String{ApplMathComp = "Applied Mathematics and Computation" }
 @String{ApplMathComp = "Appl. Math. Comput." }
 @String{AmerMathMonthly = "American Mathematical Monthly" }
 @String{AmerMathMonthly = "Amer. Math. Monthly" }
 @String{BIT = "{BIT}" }
 @String{BritStatPsych = "British Journal of Mathematical and Statistical
          Psychology" }
 @String{BritStatPsych = "Brit. J. Math. Statist. Psych." }
 @String{CanMathBull = "Canadian Mathematical Bulletin" }
 @String{CanMathBull = "Canad. Math. Bull." }
 @String{CompApplMath = "Journal of Computational and Applied Mathematics" }
 @String{CompApplMath = "J. Comput. Appl. Math." }
 @String{CompPhys = "Journal of Computational Physics" }
 @String{CompPhys = "J. Comput. Phys." }
 @String{CompStruct = "Computers and Structures" }
 @String{CompStruct = "Comput. \& Structures" }
 @String{CompJour = "The Computer Journal" }
 @String{CompJour = "Comput. J." }
 @String{CompSysSci = "Journal of Computer and System Sciences" }
 @String{CompSysSci = "J. Comput. System Sci." }
 @String{Computing = "Computing" }
 @String{ContempMath = "Contemporary Mathematics" }
 @String{ContempMath = "Contemp. Math." }
 @String{Crelle = "Crelle's Journal" }
 @String{GiornaleMath = "Giornale di Mathematiche" }
 @String{GiornaleMath = "Giorn. Mat." } % didn't find in AMS MR., ibid.

 %IEEE
 @String{Computer = "{IEEE} Computer" }
 @String{IEEETransComp = "{IEEE} Transactions on Computers" }
 @String{IEEETransComp = "{IEEE} Trans. Comput." }
 @String{IEEETransAC = "{IEEE} Transactions on Automatic Control" }
 @String{IEEETransAC = "{IEEE} Trans. Automat. Control" }
 @String{IEEESpec = "{IEEE} Spectrum" } % didn't find in AMS MR
 @String{ProcIEEE = "Proceedings of the {IEEE}" }
 @String{ProcIEEE = "Proc. {IEEE}" } % didn't find in AMS MR
 @String{IEEETransAeroElec = "{IEEE} Transactions on Aerospace and Electronic
     Systems" }
 @String{IEEETransAeroElec = "{IEEE} Trans. Aerospace Electron. Systems" }

 @String{IMANumerAna = "{IMA} Journal of Numerical Analysis" }
 @String{IMANumerAna = "{IMA} J. Numer. Anal." }
 @String{InfProcLet = "Information Processing Letters" }
 @String{InfProcLet = "Inform. Process. Lett." }
 @String{InstMathApp = "Journal of the Institute of Mathematics and
     its Applications" }
 @String{InstMathApp = "J. Inst. Math. Appl." }
 @String{IntControl = "International Journal of Control" }
 @String{IntControl = "Internat. J. Control" }
 @String{IntNumerEng = "International Journal for Numerical Methods in
     Engineering" }
 @String{IntNumerEng = "Internat. J. Numer. Methods Engrg." }
 @String{IntSuper = "International Journal of Supercomputing Applications" }
 @String{IntSuper = "Internat. J. Supercomputing Applic." } % didn't find
%% in AMS MR
 @String{Kibernetika = "Kibernetika" }
 @String{JResNatBurStand = "Journal of Research of the National Bureau
     of Standards" }
 @String{JResNatBurStand = "J. Res. Nat. Bur. Standards" }
 @String{LinAlgApp = "Linear Algebra and its Applications" }
 @String{LinAlgApp = "Linear Algebra Appl." }
 @String{MathAnaAppl = "Journal of Mathematical Analysis and Applications" }
 @String{MathAnaAppl = "J. Math. Anal. Appl." }
 @String{MathAnnalen = "Mathematische Annalen" }
 @String{MathAnnalen = "Math. Ann." }
 @String{MathPhys = "Journal of Mathematical Physics" }
 @String{MathPhys = "J. Math. Phys." }
 @String{MathComp = "Mathematics of Computation" }
 @String{MathComp = "Math. Comp." }
 @String{MathScand = "Mathematica Scandinavica" }
 @String{MathScand = "Math. Scand." }
 @String{TablesAidsComp = "Mathematical Tables and Other Aids to Computation" }
 @String{TablesAidsComp = "Math. Tables Aids Comput." }
 @String{NumerMath = "Numerische Mathematik" }
 @String{NumerMath = "Numer. Math." }
 @String{PacificMath = "Pacific Journal of Mathematics" }
 @String{PacificMath = "Pacific J. Math." }
 @String{ParDistComp = "Journal of Parallel and Distributed Computing" }
 @String{ParDistComp = "J. Parallel and Distrib. Comput." } % didn't find
%% in AMS MR
 @String{ParComputing = "Parallel Computing" }
 @String{ParComputing = "Parallel Comput." }
 @String{PhilMag = "Philosophical Magazine" }
 @String{PhilMag = "Philos. Mag." }
 @String{ProcNAS = "Proceedings of the National Academy of Sciences
                    of the USA" }
 @String{ProcNAS = "Proc. Nat. Acad. Sci. U. S. A." }
 @String{Psychometrika = "Psychometrika" }
 @String{QuartMath = "Quarterly Journal of Mathematics, Oxford, Series (2)" }
 @String{QuartMath = "Quart. J. Math. Oxford Ser. (2)" }
 @String{QuartApplMath = "Quarterly of Applied Mathematics" }
 @String{QuartApplMath = "Quart. Appl. Math." }
 @String{RevueInstStat = "Review of the International Statisical Institute" }
 @String{RevueInstStat = "Rev. Inst. Internat. Statist." }

 %SIAM
 @String{JSIAM = "Journal of the Society for Industrial and Applied
     Mathematics" }
 @String{JSIAM = "J. Soc. Indust. Appl. Math." }
 @String{JSIAMB = "Journal of the Society for Industrial and Applied
     Mathematics, Series B, Numerical Analysis" }
 @String{JSIAMB = "J. Soc. Indust. Appl. Math. Ser. B Numer. Anal." }
 @String{SIAMAlgMeth = "{SIAM} Journal on Algebraic and Discrete Methods" }
 @String{SIAMAlgMeth = "{SIAM} J. Algebraic Discrete Methods" }
 @String{SIAMAppMath = "{SIAM} Journal on Applied Mathematics" }
 @String{SIAMAppMath = "{SIAM} J. Appl. Math." }
 @String{SIAMComp = "{SIAM} Journal on Computing" }
 @String{SIAMComp = "{SIAM} J. Comput." }
 @String{SIAMMatrix = "{SIAM} Journal on Matrix Analysis and Applications" }
 @String{SIAMMatrix = "{SIAM} J. Matrix Anal. Appl." }
 @String{SIAMNumAnal = "{SIAM} Journal on Numerical Analysis" }
 @String{SIAMNumAnal = "{SIAM} J. Numer. Anal." }
 @String{SIAMReview = "{SIAM} Review" }
 @String{SIAMReview = "{SIAM} Rev." }
 @String{SIAMSciStat = "{SIAM} Journal on Scientific and Statistical
     Computing" }
 @String{SIAMSciStat = "{SIAM} J. Sci. Statist. Comput." }

 @String{SoftPracExp = "Software Practice and Experience" }
 @String{SoftPracExp = "Software Prac. Experience" } % didn't find in AMS MR
 @String{StatScience = "Statistical Science" }
 @String{StatScience = "Statist. Sci." }
 @String{Techno = "Technometrics" }
 @String{USSRCompMathPhys = "{USSR} Computational Mathematics and Mathematical
     Physics" }
 @String{USSRCompMathPhys = "{U. S. S. R.} Comput. Math. and Math. Phys." }
 @String{VLSICompSys = "Journal of {VLSI} and Computer Systems" }
 @String{VLSICompSys = "J. {VLSI} Comput. Syst." }
 @String{ZAngewMathMech = "Zeitschrift fur Angewandte Mathematik und
     Mechanik" }
 @String{ZAngewMathMech = "Z. Angew. Math. Mech." }
 @String{ZAngewMathPhys = "Zeitschrift fur Angewandte Mathematik und Physik" }
 @String{ZAngewMathPhys = "Z. Angew. Math. Phys." }

% Publishers % ================================================= |

 @String{Academic = "Academic Press" }
 @String{ACMPress = "{ACM} Press" }
 @String{AdamHilger = "Adam Hilger" }
 @String{AddisonWesley = "Addison-Wesley" }
 @String{AllynBacon = "Allyn and Bacon" }
 @String{AMS = "American Mathematical Society" }
 @String{Birkhauser = "Birkha{\"u}ser" }
 @String{CambridgePress = "Cambridge University Press" }
 @String{Chelsea = "Chelsea" }
 @String{ClaredonPress = "Claredon Press" }
 @String{DoverPub = "Dover Publications" }
 @String{Eyolles = "Eyolles" }
 @String{HoltRinehartWinston = "Holt, Rinehart and Winston" }
 @String{Interscience = "Interscience" }
 @String{JohnsHopkinsPress = "The Johns Hopkins University Press" }
 @String{JohnWileySons = "John Wiley and Sons" }
 @String{Macmillan = "Macmillan" }
 @String{MathWorks = "The Math Works Inc." }
 @String{McGrawHill = "McGraw-Hill" }
 @String{NatBurStd = "National Bureau of Standards" }
 @String{NorthHolland = "North-Holland" }
 @String{OxfordPress = "Oxford University Press" }  %address Oxford or London?
 @String{PergamonPress = "Pergamon Press" }
 @String{PlenumPress = "Plenum Press" }
 @String{PrenticeHall = "Prentice-Hall" }
 @String{SIAMPub = "{SIAM} Publications" }
 @String{Springer = "Springer-Verlag" }
 @String{TexasPress = "University of Texas Press" }
 @String{VanNostrand = "Van Nostrand" }
 @String{WHFreeman = "W. H. Freeman and Co." }

%Entries

#TODO: fix it

# published at ICLR 2021
@article{ViT_Dosovitskiy,
  title={An image is worth 16x16 words: Transformers for image recognition at scale},
  author={Dosovitskiy, Alexey},
  journal={arXiv preprint arXiv:2010.11929},
  year={2020}
}

# fine citations

@article{CAS_Yang,
  title={Unsupervised learning for cuboid shape abstraction via joint segmentation from point clouds},
  author={Yang, Kaizhi and Chen, Xuejin},
  journal={ACM Transactions On Graphics (TOG)},
  volume={40},
  number={4},
  year={2021},
}

@article{HCA_Sun,
  title={Learning adaptive hierarchical cuboid abstractions of 3d shape collections},
  author={Sun, Chun-Yu and Zou, Qian-Fang and Tong, Xin and Liu, Yang},
  journal={ACM Transactions on Graphics (TOG)},
  volume={38},
  number={6},
  year={2019},
}

@inproceedings{SQR_Paschalidou,
  title={Superquadrics revisited: Learning 3d shape parsing beyond cuboids},
  author={Paschalidou, Despoina and Ulusoy, Ali Osman and Geiger, Andreas},
  booktitle={Proceedings of the IEEE/CVF Conference on Computer Vision and Pattern Recognition},
  year={2019}
}

@inproceedings{HSQ_Paschalidou,
  title={Learning unsupervised hierarchical part decomposition of 3d objects from a single rgb image},
  author={Paschalidou, Despoina and Gool, Luc Van and Geiger, Andreas},
  booktitle={Proceedings of the IEEE/CVF Conference on Computer Vision and Pattern Recognition},
  year={2020}
}

@article{DSQ_Li,
  title={Shared Latent Membership Enables Joint Shape Abstraction and Segmentation with Deformable Superquadrics},
  author={Li, Jiaxin and Wang, Hongxing and Tan, Jiawei and Yuan, Junsong},
  journal={IEEE Transactions on Image Processing},
  year={2024},
}

@inproceedings{VP_Tulsiani,
  title={Learning shape abstractions by assembling volumetric primitives},
  author={Tulsiani, Shubham and Su, Hao and Guibas, Leonidas J and Efros, Alexei A and Malik, Jitendra},
  booktitle={Proceedings of the IEEE Conference on Computer Vision and Pattern Recognition},
  year={2017}
}

@article{SegMat_Lin,
  title={Seg-mat: 3d shape segmentation using medial axis transform},
  author={Lin, Cheng and Liu, Lingjie and Li, Changjian and Kobbelt, Leif and Wang, Bin and Xin, Shiqing and Wang, Wenping},
  journal={IEEE transactions on visualization and computer graphics},
  volume={28},
  number={6},
  year={2020},
}

@inproceedings{NeuralParts_Paschalidou,
  title={Neural parts: Learning expressive 3d shape abstractions with invertible neural networks},
  author={Paschalidou, Despoina and Katharopoulos, Angelos and Geiger, Andreas and Fidler, Sanja},
  booktitle={Proceedings of the IEEE/CVF Conference on Computer Vision and Pattern Recognition},
  year={2021}
}

@inproceedings{BAE-Net_Chen,
  title={Bae-net: Branched autoencoder for shape co-segmentation},
  author={Chen, Zhiqin and Yin, Kangxue and Fisher, Matthew and Chaudhuri, Siddhartha and Zhang, Hao},
  booktitle={Proceedings of the IEEE/CVF International Conference on Computer Vision},
  year={2019}
}

@inproceedings{DAE-Net_Chen,
  title={DAE-Net: Deforming Auto-Encoder for fine-grained shape co-segmentation},
  author={Chen, Zhiqin and Chen, Qimin and Zhou, Hang and Zhang, Hao},
  booktitle={ACM SIGGRAPH 2024 Conference Papers},
  year={2024}
}

@inproceedings{Part123_Liu,
  title={Part123: part-aware 3d reconstruction from a single-view image},
  author={Liu, Anran and Lin, Cheng and Liu, Yuan and Long, Xiaoxiao and Dou, Zhiyang and Guo, Hao-Xiang and Luo, Ping and Wang, Wenping},
  booktitle={ACM SIGGRAPH 2024 Conference Papers},
  year={2024}
}

StructureNet, PASTA

@article{GRASS_Li,
  title={Grass: Generative recursive autoencoders for shape structures},
  author={Li, Jun and Xu, Kai and Chaudhuri, Siddhartha and Yumer, Ersin and Zhang, Hao and Guibas, Leonidas},
  journal={ACM Transactions on Graphics (TOG)},
  volume={36},
  number={4},
  year={2017},
}

@article{SDM-Net_Gao,
  title={SDM-NET: Deep generative network for structured deformable mesh},
  author={Gao, Lin and Yang, Jie and Wu, Tong and Yuan, Yu-Jie and Fu, Hongbo and Lai, Yu-Kun and Zhang, Hao},
  journal={ACM Transactions on Graphics (TOG)},
  volume={38},
  number={6},
  year={2019},
}

@article{Structurenet_Mo,
  title={StructureNet: hierarchical graph networks for 3D shape generation},
  author={Mo, Kaichun and Guerrero, Paul and Yi, Li and Su, Hao and Wonka, Peter and Mitra, Niloy J and Guibas, Leonidas J},
  journal={ACM Transactions on Graphics (TOG)},
  volume={38},
  number={6},
  year={2019},
}

@article{PASTA_Li,
  title={PASTA: Controllable Part-Aware Shape Generation with Autoregressive Transformers},
  author={Li, Songlin and Paschalidou, Despoina and Guibas, Leonidas},
  journal={arXiv preprint arXiv:2407.13677},
  year={2024}
}

@article{3DILG_Zhang,
  title={3dilg: Irregular latent grids for 3d generative modeling},
  author={Zhang, Biao and Nie{\ss}ner, Matthias and Wonka, Peter},
  journal={Advances in Neural Information Processing Systems},
  volume={35},
  year={2022}
}

@article{SSQN_Ferreira,
  title={Sampling superquadric point clouds with normals},
  author={Ferreira, Paulo},
  journal={arXiv preprint arXiv:1802.05176},
  year={2018}
}

@article{RPM_Solina,
  title={Recovery of parametric models from range images: The case for superquadrics with global deformations},
  author={Solina, Franc and Bajcsy, Ruzena},
  journal={IEEE transactions on pattern analysis and machine intelligence},
  volume={12},
  number={2},
  year={1990},
}

@article{SQS_Chevalier,
  title={Segmentation and superquadric modeling of 3D objects},
  author={Chevalier, Laurent and Jaillet, Fabrice and Baskurt, Atilla},
  year={2003},
}

@article{EDS_Maurizio,
  title={Equal-distance sampling of superellipse models},
  author={Pilu, Maurizio and Fisher, Robert B},
  year={1995},
}

@inproceedings{DPF-Net_Shuai,
  title={DPF-Net: Combining explicit shape priors in deformable primitive field for unsupervised structural reconstruction of 3D objects},
  author={Shuai, Qingyao and Zhang, Chi and Yang, Kaizhi and Chen, Xuejin},
  booktitle={Proceedings of the IEEE/CVF International Conference on Computer Vision},
  year={2023}
}

@techreport{shapenet_chang,
  title       = {{ShapeNet: An Information-Rich 3D Model Repository}},
  author      = {Chang, Angel X. and Funkhouser, Thomas and Guibas, Leonidas and Hanrahan, Pat and Huang, Qixing and Li, Zimo and Savarese, Silvio and Savva, Manolis and Song, Shuran and Su, Hao and Xiao, Jianxiong and Yi, Li and Yu, Fisher},
  number      = {arXiv:1512.03012 [cs.GR]},
  institution = {Stanford University --- Princeton University --- Toyota Technological Institute at Chicago},
  year        = {2015}
}

@inproceedings{dfaust_bogo,
    title = {Dynamic {FAUST}: {R}egistering Human Bodies in Motion},
    author = {Bogo, Federica and Romero, Javier and Pons-Moll, Gerard and Black, Michael J.},
    booktitle = {IEEE Conf. on Computer Vision and Pattern Recognition (CVPR)},
    year = {2017},
}

@inproceedings{objaverse_deitke,
  title={Objaverse: A universe of annotated 3d objects},
  author={Deitke, Matt and Schwenk, Dustin and Salvador, Jordi and Weihs, Luca and Michel, Oscar and VanderBilt, Eli and Schmidt, Ludwig and Ehsani, Kiana and Kembhavi, Aniruddha and Farhadi, Ali},
  booktitle={Proceedings of the IEEE/CVF Conference on Computer Vision and Pattern Recognition},
  year={2023}
}

@inproceedings{BSP_Chen,
  title={Bsp-net: Generating compact meshes via binary space partitioning},
  author={Chen, Zhiqin and Tagliasacchi, Andrea and Zhang, Hao},
  booktitle={Proceedings of the IEEE/CVF Conference on Computer Vision and Pattern Recognition},
  year={2020}
}

@incollection{Struct_Mitra,
  title={Structure-aware shape processing},
  author={Mitra, Niloy J and Wand, Michael and Zhang, Hao and Cohen-Or, Daniel and Kim, Vladimir and Huang, Qi-Xing},
  booktitle={ACM SIGGRAPH 2014 Courses},
  year={2014}
}

@article{Annotation_Yi,
  title={A scalable active framework for region annotation in 3d shape collections},
  author={Yi, Li and Kim, Vladimir G and Ceylan, Duygu and Shen, I-Chao and Yan, Mengyan and Su, Hao and Lu, Cewu and Huang, Qixing and Sheffer, Alla and Guibas, Leonidas},
  journal={ACM Transactions on Graphics (ToG)},
  year={2016}
}

@inproceedings{PointNet_Qi,
  title={Pointnet: Deep learning on point sets for 3d classification and segmentation},
  author={Qi, Charles R and Su, Hao and Mo, Kaichun and Guibas, Leonidas J},
  booktitle={Proceedings of the IEEE conference on computer vision and pattern recognition},
  year={2017}
}

@article{PointNeXt_Qian,
  title={Pointnext: Revisiting pointnet++ with improved training and scaling strategies},
  author={Qian, Guocheng and Li, Yuchen and Peng, Houwen and Mai, Jinjie and Hammoud, Hasan and Elhoseiny, Mohamed and Ghanem, Bernard},
  journal={Advances in neural information processing systems},
  volume={35},
  year={2022}
}

@article{RbC_Biederman,
  title={Recognition-by-components: a theory of human image understanding.},
  author={Biederman, Irving},
  journal={Psychological review},
  volume={94},
  year={1987},
  publisher={American Psychological Association}
}

@inproceedings{ICP_Besl,
  title={Method for registration of 3-D shapes},
  author={Besl, Paul J and McKay, Neil D},
  booktitle={Sensor fusion IV: control paradigms and data structures},
  volume={1611},
  year={1992},
  organization={Spie}
}
