@inproceedings{WangX0024,
  author       = {Zhicheng Wang and
                  Liwen Xiao and
                  Zhiguo Cao and
                  Hao Lu},
  title        = {Vision Transformer Off-the-Shelf: {A} Surprising Baseline for Few-Shot
                  Class-Agnostic Counting},
  booktitle    = {Proc. AAAI Conf. Artif. Intell.},
  pages        = {5832--5840},
  year         = {2024},
}

@inproceedings{djukic2023low,
  author       = {Nikola Djukic and
                  Alan Lukezic and
                  Vitjan Zavrtanik and
                  Matej Kristan},
  title        = {A Low-Shot Object Counting Network With Iterative Prototype Adaptation},
  booktitle    = {Proc. IEEE/CVF Int. Conf. Comput. Vis.},
  pages        = {18826--18835},
  year         = {2023}
}

@inproceedings{du2023domain,
  author       = {Zhipeng Du and
                  Jiankang Deng and
                  Miaojing Shi},
  title        = {Domain-General Crowd Counting in Unseen Scenarios},
  booktitle    = {Proc. AAAI Conf. Artif. Intell.},
  pages        = {561--570},
  year         = {2023}
}

@inproceedings{gong2022class,
  author       = {Shenjian Gong and
                  Shanshan Zhang and
                  Jian Yang and
                  Dengxin Dai and
                  Bernt Schiele},
  title        = {Class-Agnostic Object Counting Robust to Intraclass Diversity},
  booktitle    = {Proc. Eur. Conf. Comput. Vis.},
  pages        = {388--403},
  year         = {2022}
}

@article{huang2023point,
  author       = {Zhizhong Huang and
                  Mingliang Dai and
                  Yi Zhang and
                  Junping Zhang and
                  Hongming Shan},
  title        = {Point, Segment and Count: {A} Generalized Framework for Object Counting},
  journal      = {arXiv:2311.12386},
  year         = {2023}
}

@inproceedings{jiang2023clip,
  author       = {Ruixiang Jiang and
                  Lingbo Liu and
                  Changwen Chen},
  title        = {CLIP-Count: Towards Text-Guided Zero-Shot Object Counting},
  booktitle    = {Proc. {ACM} Multimedia},
  pages        = {4535--4545},
  year         = {2023}
}

@inproceedings{kang2023vlcounter,
  author       = {Seunggu Kang and
                  WonJun Moon and
                  Euiyeon Kim and
                  Jae{-}Pil Heo},
  title        = {VLCounter: Text-Aware Visual Representation for Zero-Shot Object Counting},
  booktitle    = {Proc. {AAAI} Conf. Artif. Intell.},
  pages        = {2714--2722},
  year         = {2024}
}

@article{lin2017focal,
  author       = {Tsung{-}Yi Lin and
                  Priya Goyal and
                  Ross B. Girshick and
                  Kaiming He and
                  Piotr Doll{\'{a}}r},
  title        = {Focal Loss for Dense Object Detection},
  journal      = {{IEEE} Trans. Pattern Anal. Mach. Intell.},
  volume       = {42},
  number       = {2},
  pages        = {318--327},
  year         = {2020}
}

@inproceedings{lin2024gramformer,
  author       = {Hui Lin and
                  Zhiheng Ma and
                  Xiaopeng Hong and
                  Qinnan Shangguan and
                  Deyu Meng},
  title        = {Gramformer: Learning Crowd Counting via Graph-Modulated Transformer},
  booktitle    = {Proc. AAAI Conf. Artif. Intell.},
  pages        = {3395--3403},
  year         = {2024}
}

@inproceedings{liu2022countr,
  author       = {Chang Liu and
                  Yujie Zhong and
                  Andrew Zisserman and
                  Weidi Xie},
  title        = {CounTR: Transformer-based Generalised Visual Counting},
  booktitle    = {Proc. Brit. Mach. Vis. Conf.},
  pages        = {370},
  year         = {2022}
}

@inproceedings{lu2019class,
  author       = {Erika Lu and
                  Weidi Xie and
                  Andrew Zisserman},
  title        = {Class-Agnostic Counting},
  booktitle    = {Proc. Asian Conf. Comput. Vis.},
  year         = {2018}
}

@inproceedings{nguyen2022few,
  author       = {Thanh Nguyen and
                  Chau Pham and
                  Khoi Nguyen and
                  Minh Hoai},
  title        = {Few-Shot Object Counting and Detection},
  booktitle    = {Proc. Eur. Conf. Comput. Vis.},
  pages        = {348--365},
  year         = {2022}
}

@article{oord2018representation,
  author       = {A{\"{a}}ron {van den Oord} and
                  Yazhe Li and
                  Oriol Vinyals},
  title        = {Representation Learning with Contrastive Predictive Coding},
  journal      = {arXiv:1807.03748},
  year         = {2018}
}

@inproceedings{ranjan2021learning,
  author       = {Viresh Ranjan and
                  Udbhav Sharma and
                  Thu Nguyen and
                  Minh Hoai},
  title        = {Learning To Count Everything},
  booktitle    = {Proc. IEEE/CVF Conf. Comput. Vis. Pattern Recognit.},
  pages        = {3394--3403},
  year         = {2021}
}
}

@inproceedings{ranjan2022exemplar,
  title        = {Learning To Count Everything},
  author       = {Viresh Ranjan and
                  Udbhav Sharma and
                  Thu Nguyen and
                  Minh Hoai},
  booktitle={Proc. Asian Conf. Comput. Vis.},
  pages={3121--3137},
  year={2022}
}

@inproceedings{shi2022represent,
  author       = {Min Shi and
                  Hao Lu and
                  Chen Feng and
                  Chengxin Liu and
                  Zhiguo Cao},
  title        = {Represent, Compare, and Learn: {A} Similarity-Aware Framework for
                  Class-Agnostic Counting},
  booktitle    = {Proc. IEEE/CVF Conf. Comput. Vis. Pattern Recognit.},
  pages        = {9519--9528},
  year         = {2022}
}

@inproceedings{xu2023zero,
  author       = {Jingyi Xu and
                  Hieu Le and
                  Vu Nguyen and
                  Viresh Ranjan and
                  Dimitris Samaras},
  title        = {Zero-Shot Object Counting},
  booktitle    = {Proc. IEEE/CVF Conf. Comput. Vis. Pattern Recognit.},
  pages        = {15548--15557},
  year         = {2023}
}

@inproceedings{yang2021class,
  author       = {Shuo{-}Diao Yang and
                  Hung{-}Ting Su and
                  Winston H. Hsu and
                  Wen{-}Chin Chen},
  title        = {Class-agnostic Few-shot Object Counting},
  booktitle    = {Proc. IEEE/CVF Winter Conf. Appl. Comput. Vis.},
  pages        = {869--877},
  year         = {2021}
}

@inproceedings{you2023few,
  author       = {Zhiyuan You and
                  Kai Yang and
                  Wenhan Luo and
                  Xin Lu and
                  Lei Cui and
                  Xinyi Le},
  title        = {Few-shot Object Counting with Similarity-Aware Feature Enhancement},
  booktitle    = {Proc. IEEE/CVF Winter Conf. Appl. Comput. Vis.},
  pages        = {6304--6313},
  year         = {2023}
}

@inproceedings{zhu2024zero,
  author       = {Huilin Zhu and
                  Jingling Yuan and
                  Zhengwei Yang and
                  Yu Guo and
                  Zheng Wang and
                  Xian Zhong and
                  Shengfeng He},
  title        = {Zero-shot Object Counting with Good Exemplars},
  booktitle      = {Proc. Eur. Conf. Comput. Vis.},
  year         = {2024}
}

