@misc{yao2023tree,
      title={{Tree of Thoughts}: Deliberate Problem Solving with Large Language Models}, 
      author={Shunyu Yao and Dian Yu and Jeffrey Zhao and Izhak Shafran and Thomas L. Griffiths and Yuan Cao and Karthik Narasimhan},
      year={2023},
      eprint={2305.10601},
      archivePrefix={arXiv},
      primaryClass={cs.CL}
}

@inproceedings{valmeekam2022large,
  title={Large language models still can't plan (a benchmark for LLMs on planning and reasoning about change)},
  author={Valmeekam, Karthik and Olmo, Alberto and Sreedharan, Sarath and Kambhampati, Subbarao},
  booktitle={NeurIPS 2022 Foundation Models for Decision Making Workshop},
  year={2022}
}

@inproceedings{hao2023reasoning,
  title={Reasoning with Language Model is Planning with World Model},
  author={Hao, Shibo and Gu, Yi and Ma, Haodi and Hong, Joshua and Wang, Zhen and Wang, Daisy and Hu, Zhiting},
  booktitle={Proceedings of the 2023 Conference on Empirical Methods in Natural Language Processing},
  pages={8154--8173},
  year={2023}
}