@misc{Sutton2019BitterLesson,
  author       = {Sutton, Richard},
  title        = {The Bitter Lesson},
  year         = {2019},
  howpublished = {Blog post},
  url          = {http://www.incompleteideas.net/IncIdeas/BitterLesson.html},
  note         = {Accessed: Augsust 2024},
}

@article{besta2024got,
  title = {{Graph of Thoughts: Solving Elaborate Problems with Large Language Models}},
  author = {Besta, Maciej and Blach, Nils and Kubicek, Ales and Gerstenberger, Robert and Gianinazzi, Lukas and Gajda, Joanna and Lehmann, Tomasz and Podstawski, Micha{\l} and Niewiadomski, Hubert and Nyczyk, Piotr and Hoefler, Torsten},
  year = 2024,
  month = {Mar},
  journal = {Proceedings of the AAAI Conference on Artificial Intelligence},
  volume = 38,
  number = 16,
  pages = {17682-17690},
  publisher = {AAAI Press},
  doi = {10.1609/aaai.v38i16.29720},
  url = {https://ojs.aaai.org/index.php/AAAI/article/view/29720}
}

@inproceedings{hao2023reasoning,
  title={Reasoning with Language Model is Planning with World Model},
  author={Hao, Shibo and Gu, Yi and Ma, Haodi and Hong, Joshua and Wang, Zhen and Wang, Daisy and Hu, Zhiting},
  booktitle={Proceedings of the 2023 Conference on Empirical Methods in Natural Language Processing},
  pages={8154--8173},
  year={2023}
}

@article{snell2024scaling,
  title={Scaling llm test-time compute optimally can be more effective than scaling model parameters},
  author={Snell, Charlie and Lee, Jaehoon and Xu, Kelvin and Kumar, Aviral},
  journal={arXiv preprint arXiv:2408.03314},
  year={2024}
}

@article{wang2024litesearch,
  title={Litesearch: Efficacious tree search for llm},
  author={Wang, Ante and Song, Linfeng and Tian, Ye and Peng, Baolin and Yu, Dian and Mi, Haitao and Su, Jinsong and Yu, Dong},
  journal={arXiv preprint arXiv:2407.00320},
  year={2024}
}

@misc{yao2023tree,
      title={{Tree of Thoughts}: Deliberate Problem Solving with Large Language Models}, 
      author={Shunyu Yao and Dian Yu and Jeffrey Zhao and Izhak Shafran and Thomas L. Griffiths and Yuan Cao and Karthik Narasimhan},
      year={2023},
      eprint={2305.10601},
      archivePrefix={arXiv},
      primaryClass={cs.CL}
}

@article{zhao2024large,
  title={Large language models as commonsense knowledge for large-scale task planning},
  author={Zhao, Zirui and Lee, Wee Sun and Hsu, David},
  journal={Advances in Neural Information Processing Systems},
  volume={36},
  year={2024}
}

