@article{chen2023breaking,
  title={Breaking language barriers in multilingual mathematical reasoning: Insights and observations},
  author={Chen, Nuo and Zheng, Zinan and Wu, Ning and Shou, Linjun and Gong, Ming and Song, Yangqiu and Zhang, Dongmei and Li, Jia},
  journal={arXiv preprint arXiv:2310.20246},
  year={2023}
}

@inproceedings{fan2025slam,
  title={SLAM: Towards Efficient Multilingual Reasoning via Selective Language Alignment},
  author={Fan, Yuchun and Mu, Yongyu and Wang, YiLin and Huang, Lei and Ruan, Junhao and Li, Bei and Xiao, Tong and Huang, Shujian and Feng, Xiaocheng and Zhu, Jingbo},
  booktitle={Proceedings of the 31st International Conference on Computational Linguistics},
  pages={9499--9515},
  year={2025},
  organization={Association for Computational Linguistics},
  url={https://aclanthology.org/2025.coling-main.637/}
}

@article{guan2025rstar,
  title={rStar-Math: Small LLMs Can Master Math Reasoning with Self-Evolved Deep Thinking},
  author={Guan, Xinyu and Zhang, Li Lyna and Liu, Yifei and Shang, Ning and Sun, Youran and Zhu, Yi and Yang, Fan and Yang, Mao},
  journal={arXiv preprint arXiv:2501.04519},
  year={2025}
}

@article{guo2025deepseek,
  title={Deepseek-r1: Incentivizing reasoning capability in llms via reinforcement learning},
  author={Guo, Daya and Yang, Dejian and Zhang, Haowei and Song, Junxiao and Zhang, Ruoyu and Xu, Runxin and Zhu, Qihao and Ma, Shirong and Wang, Peiyi and Bi, Xiao and others},
  journal={arXiv preprint arXiv:2501.12948},
  year={2025}
}

@article{hong2024cross,
  title={Cross-lingual Transfer of Reward Models in Multilingual Alignment},
  author={Hong, Jiwoo and Lee, Noah and Mart{\'\i}nez-Casta{\~n}o, Rodrigo and Rodr{\'\i}guez, C{\'e}sar and Thorne, James},
  journal={arXiv preprint arXiv:2410.18027},
  year={2024}
}

@article{ko2025understand,
  title={Understand, Solve and Translate: Bridging the Multilingual Mathematical Reasoning Gap},
  author={Ko, Hyunwoo and Son, Guijin and Choi, Dasol},
  journal={arXiv preprint arXiv:2501.02448},
  year={2025}
}

@article{lai2024mcot,
  title={mCoT: Multilingual Instruction Tuning for Reasoning Consistency in Language Models},
  author={Lai, Huiyuan and Nissim, Malvina},
  journal={arXiv preprint arXiv:2406.02301},
  year={2024}
}

@inproceedings{longpre2024consent,
  title={Consent in crisis: The rapid decline of the ai data commons},
  author={Longpre, Shayne and Mahari, Robert and Lee, Ariel and Lund, Campbell and Oderinwale, Hamidah and Brannon, William and Saxena, Nayan and Obeng-Marnu, Naana and South, Tobin and Hunter, Cole and others},
  booktitle={NEURIPS},
  year={2024}
}

@article{luo2024improve,
  title={Improve Mathematical Reasoning in Language Models by Automated Process Supervision},
  author={Luo, Liangchen and Liu, Yinxiao and Liu, Rosanne and Phatale, Samrat and Lara, Harsh and Li, Yunxuan and Shu, Lei and Zhu, Yun and Meng, Lei and Sun, Jiao and others},
  journal={arXiv preprint arXiv:2406.06592},
  year={2024}
}

@misc{shao2024deepseekmathpushinglimitsmathematical,
      title={DeepSeekMath: Pushing the Limits of Mathematical Reasoning in Open Language Models}, 
      author={Zhihong Shao and Peiyi Wang and Qihao Zhu and Runxin Xu and Junxiao Song and Xiao Bi and Haowei Zhang and Mingchuan Zhang and Y. K. Li and Y. Wu and Daya Guo},
      year={2024},
      eprint={2402.03300},
      archivePrefix={arXiv},
      primaryClass={cs.CL},
      url={https://arxiv.org/abs/2402.03300}, 
}

@inproceedings{she2024mapo,
  title={{MAPO}: Advancing Multilingual Reasoning through Multilingual-Alignment-as-Preference Optimization},
  author={She, Shuaijie and Zou, Wei and Huang, Shujian and Zhu, Wenhao and Liu, Xiang and Geng, Xiang and Chen, Jiajun},
  booktitle={Proceedings of the 62nd Annual Meeting of the Association for Computational Linguistics (Volume 1: Long Papers)},
  pages={10015--10027},
  year={2024},
  organization={Association for Computational Linguistics},
  url={https://aclanthology.org/2024.acl-long.539/}
}

@article{shi2022language,
  title={Language models are multilingual chain-of-thought reasoners},
  author={Shi, Freda and Suzgun, Mirac and Freitag, Markus and Wang, Xuezhi and Srivats, Suraj and Vosoughi, Soroush and Chung, Hyung Won and Tay, Yi and Ruder, Sebastian and Zhou, Denny and others},
  journal={arXiv preprint arXiv:2210.03057},
  year={2022}
}

@article{wang2022self,
  title={Self-Consistency Improves Chain of Thought Reasoning in Language Models},
  author={Wang, Xuezhi and Wei, Jason and Schuurmans, Dale and Le, Quoc and Chi, Ed and Narang, Sharan and Chowdhery, Aakanksha and Zhou, Denny},
  journal={arXiv preprint arXiv:2203.11171},
  year={2022},
  url={https://arxiv.org/abs/2203.11171}
}

@article{wei2022chain,
  title={Chain-of-thought prompting elicits reasoning in large language models},
  author={Wei, Jason and Wang, Xuezhi and Schuurmans, Dale and Bosma, Maarten and Xia, Fei and Chi, Ed and Le, Quoc V and Zhou, Denny and others},
  journal={Advances in neural information processing systems},
  volume={35},
  pages={24824--24837},
  year={2022}
}

@article{wu2025more,
  title={When More is Less: Understanding Chain-of-Thought Length in LLMs},
  author={Wu, Yuyang and Wang, Yifei and Du, Tianqi and Jegelka, Stefanie and Wang, Yisen},
  journal={arXiv preprint arXiv:2502.07266},
  year={2025}
}

@article{yao2024tree,
  title={Tree of thoughts: Deliberate problem solving with large language models},
  author={Yao, Shunyu and Yu, Dian and Zhao, Jeffrey and Shafran, Izhak and Griffiths, Tom and Cao, Yuan and Narasimhan, Karthik},
  journal={Advances in Neural Information Processing Systems},
  volume={36},
  year={2024}
}

@inproceedings{yoon2024langbridge,
  title={LangBridge: Multilingual Reasoning Without Multilingual Supervision},
  author={Yoon, Dongkeun and Jang, Joel and Kim, Sungdong and Kim, Seungone and Shafayat, Sheikh and Seo, Minjoon},
  booktitle={Proceedings of the 62nd Annual Meeting of the Association for Computational Linguistics (Volume 1: Long Papers)},
  pages={7502--7522},
  year={2024},
  organization={Association for Computational Linguistics},
  url={https://aclanthology.org/2024.acl-long.405/}
}

@article{zhang2023plug,
  title={Plug: Leveraging pivot language in cross-lingual instruction tuning},
  author={Zhang, Zhihan and Lee, Dong-Ho and Fang, Yuwei and Yu, Wenhao and Jia, Mengzhao and Jiang, Meng and Barbieri, Francesco},
  journal={arXiv preprint arXiv:2311.08711},
  year={2023}
}

@article{zhang2025lessons,
  title={The Lessons of Developing Process Reward Models in Mathematical Reasoning},
  author={Zhang, Qian and Li, Wei and Chen, Hao and Wang, Jun and Liu, Yang},
  journal={arXiv preprint arXiv:2501.07301},
  year={2025},
  url={https://arxiv.org/abs/2501.07301}
}

@article{zhu2024question,
  title={Question Translation Training for Better Multilingual Reasoning},
  author={Zhu, Wenhao and Huang, Shujian and Yuan, Fei and She, Shuaijie and Chen, Jiajun and Birch, Alexandra},
  journal={CoRR},
  volume={abs/2401.07817},
  year={2024},
  url={https://arxiv.org/abs/2401.07817}
}

