@inproceedings{bhattarai2023robust,
  title={Robust Adversarial Defense by Tensor Factorization},
  author={Bhattarai, Manish and Kaymak, Mehmet Cagri and Barron, Ryan and Nebgen, Ben and Rasmussen, Kim and Alexandrov, Boian S},
  booktitle={2023 International Conference on Machine Learning and Applications (ICMLA)},
  pages={308--315},
  year={2023},
  organization={IEEE}
}

@article{cichocki2015tensor,
  title={Tensor decompositions for signal processing applications: From two-way to multiway component analysis},
  author={Cichocki, Andrzej and Mandic, Danilo and De Lathauwer, Lieven and Zhou, Guoxu and Zhao, Qibin and Caiafa, Cesar and Phan, Huy Anh},
  journal={IEEE signal processing magazine},
  volume={32},
  number={2},
  pages={145--163},
  year={2015},
  publisher={IEEE}
}

@inproceedings{entezari2022tensorshield,
  title={TensorShield: Tensor-based defense against adversarial attacks on images},
  author={Entezari, Negin and Papalexakis, Evangelos E},
  booktitle={MILCOM 2022-2022 IEEE Military Communications Conference (MILCOM)},
  pages={999--1004},
  year={2022},
  organization={IEEE}
}

@article{goodfellow2014explaining,
  title={Explaining and harnessing adversarial examples},
  author={Goodfellow, Ian J and Shlens, Jonathon and Szegedy, Christian},
  journal={International Conference on Learning Representations},
  year={2015}
}

@article{khoromskij2011d,
  title={O (d log N)-quantics approximation of N-d tensors in high-dimensional numerical modeling},
  author={Khoromskij, Boris N},
  journal={Constructive Approximation},
  volume={34},
  pages={257--280},
  year={2011},
  publisher={Springer}
}

@article{kolda2009tensor,
  title={Tensor decompositions and applications},
  author={Kolda, Tamara G and Bader, Brett W},
  journal={SIAM review},
  volume={51},
  number={3},
  pages={455--500},
  year={2009},
  publisher={SIAM}
}

@article{lin2024adversarial,
  title={Adversarial Training on Purification (AToP): Advancing Both Robustness and Generalization},
  author={Lin, Guang and Li, Chao and Zhang, Jianhai and Tanaka, Toshihisa and Zhao, Qibin},
  journal={arXiv preprint arXiv:2401.16352},
  year={2024}
}

@inproceedings{loeschcke2024coarse,
  title={Coarse-To-Fine Tensor Trains for Compact Visual Representations},
  author={Loeschcke, Sebastian Bugge and Wang, Dan and Leth-Espensen, Christian Munklinde and Belongie, Serge and Kastoryano, Michael and Benaim, Sagie},
  booktitle={Forty-first International Conference on Machine Learning},
  year={2024}
}

@article{nie2022diffusion,
  title={Diffusion models for adversarial purification},
  author={Nie, Weili and Guo, Brandon and Huang, Yujia and Xiao, Chaowei and Vahdat, Arash and Anandkumar, Anima},
  journal={International Conference on Machine Learning},
  year={2022}
}

@article{oseledets2011tensor,
  title={Tensor-train decomposition},
  author={Oseledets, Ivan V},
  journal={SIAM Journal on Scientific Computing},
  volume={33},
  number={5},
  pages={2295--2317},
  year={2011},
  publisher={SIAM}
}

@inproceedings{phan2023cstar,
  title={Cstar: towards compact and structured deep neural networks with adversarial robustness},
  author={Phan, Huy and Yin, Miao and Sui, Yang and Yuan, Bo and Zonouz, Saman},
  booktitle={Proceedings of the AAAI Conference on Artificial Intelligence},
  volume={37},
  number={2},
  pages={2065--2073},
  year={2023}
}

@inproceedings{rudkiewicz2024robustness,
  title={Robustness of Tensor Decomposition-Based Neural Network Compression},
  author={Rudkiewicz, Th{\'e}o and Ouerfelli, Mohamed and Finotello, Riccardo and Chaouai, Zakariya and Tamaazousti, Mohamed},
  booktitle={2024 IEEE International Conference on Image Processing (ICIP)},
  pages={221--227},
  year={2024},
  organization={IEEE}
}

@article{shi2021online,
  title={Online adversarial purification based on self-supervision},
  author={Shi, Changhao and Holtz, Chester and Mishne, Gal},
  journal={International Conference on Learning Representations},
  year={2021}
}

@article{song2024training,
  title={A training-free defense framework for robust learned image compression},
  author={Song, Myungseo and Choi, Jinyoung and Han, Bohyung},
  journal={arXiv preprint arXiv:2401.11902},
  year={2024}
}

@article{srinivasan2021robustifying,
  title={Robustifying models against adversarial attacks by langevin dynamics},
  author={Srinivasan, Vignesh and Rohrer, Csaba and Marban, Arturo and M{\"u}ller, Klaus-Robert and Samek, Wojciech and Nakajima, Shinichi},
  journal={Neural Networks},
  volume={137},
  pages={1--17},
  year={2021},
  publisher={Elsevier}
}

@article{yang2019me,
  title={Me-net: Towards effective adversarial robustness with matrix estimation},
  author={Yang, Yuzhe and Zhang, Guo and Katabi, Dina and Xu, Zhi},
  journal={International Conference on Machine Learning},
  year={2019}
}

@article{zhao2016tensor,
  title={Tensor ring decomposition},
  author={Zhao, Qibin and Zhou, Guoxu and Xie, Shengli and Zhang, Liqing and Cichocki, Andrzej},
  journal={arXiv preprint arXiv:1606.05535},
  year={2016}
}

