@article{kingma2018glow,
  title={Glow: Generative flow with invertible 1x1 convolutions},
  author={Kingma, Durk P and Dhariwal, Prafulla},
  journal={Advances in neural information processing systems},
  volume={31},
  year={2018}
}

@inproceedings{carlini2022certified,
  title={(Certified!!) Adversarial Robustness for Free!},
  author={Carlini, Nicholas and Tramer, Florian and Dvijotham, Krishnamurthy Dj and Rice, Leslie and Sun, Mingjie and Kolter, J Zico},
  booktitle={The Eleventh International Conference on Learning Representations},
  year={2023}
}

@inproceedings{xiao2022densepure,
  title={Densepure: Understanding diffusion models for adversarial robustness},
  author={Xiao, Chaowei and Chen, Zhongzhu and Jin, Kun and Wang, Jiongxiao and Nie, Weili and Liu, Mingyan and Anandkumar, Anima and Li, Bo and Song, Dawn},
  booktitle={The Eleventh International Conference on Learning Representations},
  year={2023}
}

@inproceedings{hill2020stochastic,
  title={Stochastic Security: Adversarial Defense Using Long-Run Dynamics of Energy-Based Models},
  author={Hill, Mitch and Mitchell, Jonathan Craig and Zhu, Song-Chun},
  booktitle={International Conference on Learning Representations},
  year={2020}
}

@article{szegedy2013intriguing,
  title={Intriguing properties of neural networks},
  author={Szegedy, Christian and Zaremba, Wojciech and Sutskever, Ilya and Bruna, Joan and Erhan, Dumitru and Goodfellow, Ian and Fergus, Rob},
  journal={International Conference on Learning Representations},
  year={2014}
}

@inproceedings{deng2020analysis,
  title={An analysis of adversarial attacks and defenses on autonomous driving models},
  author={Deng, Yao and Zheng, Xi and Zhang, Tianyi and Chen, Chen and Lou, Guannan and Kim, Miryung},
  booktitle={2020 IEEE international conference on pervasive computing and communications (PerCom)},
  pages={1--10},
  year={2020},
  organization={IEEE}
}

@article{goodfellow2014explaining,
  title={Explaining and harnessing adversarial examples},
  author={Goodfellow, Ian J and Shlens, Jonathon and Szegedy, Christian},
  journal={International Conference on Learning Representations},
  year={2015}
}

@article{yang2019me,
  title={Me-net: Towards effective adversarial robustness with matrix estimation},
  author={Yang, Yuzhe and Zhang, Guo and Katabi, Dina and Xu, Zhi},
  journal={International Conference on Machine Learning},
  year={2019}
}

@article{shi2021online,
  title={Online adversarial purification based on self-supervision},
  author={Shi, Changhao and Holtz, Chester and Mishne, Gal},
  journal={International Conference on Learning Representations},
  year={2021}
}

@article{ho2020denoising,
  title={Denoising diffusion probabilistic models},
  author={Ho, Jonathan and Jain, Ajay and Abbeel, Pieter},
  journal={Advances in neural information processing systems},
  volume={33},
  pages={6840--6851},
  year={2020}
}

@inproceedings{song2020score,
  title={Score-Based Generative Modeling through Stochastic Differential Equations},
  author={Song, Yang and Sohl-Dickstein, Jascha and Kingma, Diederik P and Kumar, Abhishek and Ermon, Stefano and Poole, Ben},
  booktitle={International Conference on Learning Representations},
  year={2020}
}

@inproceedings{yoon2021adversarial,
  title={Adversarial purification with score-based generative models},
  author={Yoon, Jongmin and Hwang, Sung Ju and Lee, Juho},
  booktitle={International Conference on Machine Learning},
  pages={12062--12072},
  year={2021},
  organization={PMLR}
}

@article{nie2022diffusion,
  title={Diffusion models for adversarial purification},
  author={Nie, Weili and Guo, Brandon and Huang, Yujia and Xiao, Chaowei and Vahdat, Arash and Anandkumar, Anima},
  journal={International Conference on Machine Learning},
  year={2022}
}

@article{wang2022guided,
  title={Guided diffusion model for adversarial purification},
  author={Wang, Jinyi and Lyu, Zhaoyang and Lin, Dahua and Dai, Bo and Fu, Hongfei},
  journal={arXiv preprint arXiv:2205.14969},
  year={2022}
}

@article{wang2023better,
  title={Better diffusion models further improve adversarial training},
  author={Wang, Zekai and Pang, Tianyu and Du, Chao and Lin, Min and Liu, Weiwei and Yan, Shuicheng},
  journal={International conference on machine learning},
  year={2023}
}

@article{lin2024adversarial,
  title={Adversarial Training on Purification (AToP): Advancing Both Robustness and Generalization},
  author={Lin, Guang and Li, Chao and Zhang, Jianhai and Tanaka, Toshihisa and Zhao, Qibin},
  journal={arXiv preprint arXiv:2401.16352},
  year={2024}
}

@inproceedings{wu2023denoising,
  title={Denoising Masked Autoencoders Help Robust Classification},
  author={Wu, QuanLin and Ye, Hang and Gu, Yuntian and Zhang, Huishuai and Wang, Liwei and He, Di},
  booktitle={The Eleventh International Conference on Learning Representations},
  year={2023}
}

@inproceedings{ughini2022trust,
  title={Trust-No-Pixel: A Remarkably Simple Defense against Adversarial Attacks Based on Massive Inpainting},
  author={Ughini, Giorgio and Samele, Stefano and Matteucci, Matteo},
  booktitle={2022 International Joint Conference on Neural Networks (IJCNN)},
  pages={1--10},
  year={2022},
  organization={IEEE}
}

@inproceedings{croce2022evaluating,
  title={Evaluating the adversarial robustness of adaptive test-time defenses},
  author={Croce, Francesco and Gowal, Sven and Brunner, Thomas and Shelhamer, Evan and Hein, Matthias and Cemgil, Taylan},
  booktitle={International Conference on Machine Learning},
  pages={4421--4435},
  year={2022},
  organization={PMLR}
}

@InProceedings{lee2023robust,
    author    = {Lee, Minjong and Kim, Dongwoo},
    title     = {Robust Evaluation of Diffusion-Based Adversarial Purification},
    booktitle = {Proceedings of the IEEE/CVF International Conference on Computer Vision (ICCV)},
    month     = {October},
    year      = {2023},
    pages     = {134-144}
}

@article{dhariwal2021diffusion,
  title={Diffusion models beat gans on image synthesis},
  author={Dhariwal, Prafulla and Nichol, Alexander},
  journal={Advances in neural information processing systems},
  volume={34},
  pages={8780--8794},
  year={2021}
}

@article{ho2022classifier,
  title={Classifier-free diffusion guidance},
  author={Ho, Jonathan and Salimans, Tim},
  journal={arXiv preprint arXiv:2207.12598},
  year={2022}
}

@inproceedings{stutz2020confidence,
  title={Confidence-calibrated adversarial training: Generalizing to unseen attacks},
  author={Stutz, David and Hein, Matthias and Schiele, Bernt},
  booktitle={International Conference on Machine Learning},
  pages={9155--9166},
  year={2020},
  organization={PMLR}
}

@inproceedings{poursaeed2021robustness,
  title={Robustness and generalization via generative adversarial training},
  author={Poursaeed, Omid and Jiang, Tianxing and Yang, Harry and Belongie, Serge and Lim, Ser-Nam},
  booktitle={Proceedings of the IEEE/CVF International Conference on Computer Vision},
  pages={15711--15720},
  year={2021}
}

@inproceedings{laidlaw2021perceptual,
  title={Perceptual Adversarial Robustness: Defense Against Unseen Threat Models},
  author={Laidlaw, C and Singla, S and Feizi, S},
  booktitle={International Conference on Learning Representations (ICLR)},
  year={2021}
}

@inproceedings{tack2022consistency,
  title={Consistency regularization for adversarial robustness},
  author={Tack, Jihoon and Yu, Sihyun and Jeong, Jongheon and Kim, Minseon and Hwang, Sung Ju and Shin, Jinwoo},
  booktitle={Proceedings of the AAAI Conference on Artificial Intelligence},
  pages={8414--8422},
  year={2022}
}

@article{madry2017towards,
  title={Towards deep learning models resistant to adversarial attacks},
  author={Madry, Aleksander and Makelov, Aleksandar and Schmidt, Ludwig and Tsipras, Dimitris and Vladu, Adrian},
  journal={International Conference on Learning Representations},
  year={2018}
}

@article{tramer2017ensemble,
  title={Ensemble adversarial training: Attacks and defenses},
  author={Tram{\`e}r, Florian and Kurakin, Alexey and Papernot, Nicolas and Goodfellow, Ian and Boneh, Dan and McDaniel, Patrick},
  journal={International Conference on Learning Representations},
  year={2018}
}

@article{ryu2022hybrid,
  title={A hybrid adversarial training for deep learning model and denoising network resistant to adversarial examples},
  author={Ryu, Gwonsang and Choi, Daeseon},
  journal={Applied Intelligence},
  pages={1--14},
  year={2022},
  publisher={Springer}
}

@inproceedings{zhang2019theoretically,
  title={Theoretically principled trade-off between robustness and accuracy},
  author={Zhang, Hongyang and Yu, Yaodong and Jiao, Jiantao and Xing, Eric and El Ghaoui, Laurent and Jordan, Michael},
  booktitle={International conference on machine learning},
  pages={7472--7482},
  year={2019},
  organization={PMLR}
}

@inproceedings{raff2019barrage,
  title={Barrage of random transforms for adversarially robust defense},
  author={Raff, Edward and Sylvester, Jared and Forsyth, Steven and McLean, Mark},
  booktitle={Proceedings of the IEEE/CVF Conference on Computer Vision and Pattern Recognition},
  pages={6528--6537},
  year={2019}
}

@article{song2017pixeldefend,
  title={Pixeldefend: Leveraging generative models to understand and defend against adversarial examples},
  author={Song, Yang and Kim, Taesup and Nowozin, Sebastian and Ermon, Stefano and Kushman, Nate},
  journal={International Conference on Learning Representations},
  year={2018}
}

@article{samangouei2018defense,
  title={Defense-gan: Protecting classifiers against adversarial attacks using generative models},
  author={Samangouei, Pouya and Kabkab, Maya and Chellappa, Rama},
  journal={International Conference on Learning Representations},
  year={2018}
}

@article{schott2018towards,
  title={Towards the first adversarially robust neural network model on MNIST},
  author={Schott, Lukas and Rauber, Jonas and Bethge, Matthias and Brendel, Wieland},
  journal={International Conference on Learning Representations},
  year={2019}
}

@article{srinivasan2021robustifying,
  title={Robustifying models against adversarial attacks by langevin dynamics},
  author={Srinivasan, Vignesh and Rohrer, Csaba and Marban, Arturo and M{\"u}ller, Klaus-Robert and Samek, Wojciech and Nakajima, Shinichi},
  journal={Neural Networks},
  volume={137},
  pages={1--17},
  year={2021},
  publisher={Elsevier}
}

@article{wu2022guided,
  title={Guided diffusion model for adversarial purification from random noise},
  author={Wu, Quanlin and Ye, Hang and Gu, Yuntian},
  journal={arXiv preprint arXiv:2206.10875},
  year={2022}
}

@inproceedings{nichol2022glide,
  title={GLIDE: Towards Photorealistic Image Generation and Editing with Text-Guided Diffusion Models},
  author={Nichol, Alexander Quinn and Dhariwal, Prafulla and Ramesh, Aditya and Shyam, Pranav and Mishkin, Pamela and Mcgrew, Bob and Sutskever, Ilya and Chen, Mark},
  booktitle={International Conference on Machine Learning},
  pages={16784--16804},
  year={2022},
  organization={PMLR}
}

@article{kingma2021variational,
  title={Variational diffusion models},
  author={Kingma, Diederik and Salimans, Tim and Poole, Ben and Ho, Jonathan},
  journal={Advances in neural information processing systems},
  volume={34},
  pages={21696--21707},
  year={2021}
}

@article{song2019generative,
  title={Generative modeling by estimating gradients of the data distribution},
  author={Song, Yang and Ermon, Stefano},
  journal={Advances in neural information processing systems},
  volume={32},
  year={2019}
}

@article{kim2023refining,
  title={Refining generative process with discriminator guidance in score-based diffusion models},
  author={Kim, Dongjun and Kim, Yeongmin and Kwon, Se Jung and Kang, Wanmo and Moon, Il-Chul},
  journal={International Conference on Machine Learning},
  year={2023}
}

@misc{anonymous2023classifier,
title={Classifier Guidance Enhances Diffusion-based Adversarial Purification by Preserving Predictive Information},
author={Mingkun Zhang and Jianing Li and Wei Chen and Jiafeng Guo and Xueqi Cheng},
year={2024},
url={https://openreview.net/forum?id=qvLPtx52ZR}
}

@article{kullback1951information,
  title={On information and sufficiency},
  author={Kullback, Solomon and Leibler, Richard A},
  journal={The annals of mathematical statistics},
  volume={22},
  number={1},
  pages={79--86},
  year={1951},
  publisher={JSTOR}
}

@inproceedings{croce2021robustbench,
  title={RobustBench: a standardized adversarial robustness benchmark},
  author={Croce, Francesco and Andriushchenko, Maksym and Sehwag, Vikash and Debenedetti, Edoardo and Flammarion, Nicolas and Chiang, Mung and Mittal, Prateek and Hein, Matthias},
  booktitle={Thirty-fifth Conference on Neural Information Processing Systems Datasets and Benchmarks Track (Round 2)},
  year={2021}
}

@inproceedings{croce2020reliable,
  title={Reliable evaluation of adversarial robustness with an ensemble of diverse parameter-free attacks},
  author={Croce, Francesco and Hein, Matthias},
  booktitle={International conference on machine learning},
  pages={2206--2216},
  year={2020},
  organization={PMLR}
}

@article{bai2023improving,
  title={Improving the Accuracy-Robustness Trade-off of Classifiers via Adaptive Smoothing},
  author={Bai, Yatong and Anderson, Brendon G and Kim, Aerin and Sojoudi, Somayeh},
  journal={arXiv preprint arXiv:2301.12554},
  year={2023}
}

@article{gowal2021improving,
  title={Improving robustness using generated data},
  author={Gowal, Sven and Rebuffi, Sylvestre-Alvise and Wiles, Olivia and Stimberg, Florian and Calian, Dan Andrei and Mann, Timothy A},
  journal={Advances in Neural Information Processing Systems},
  volume={34},
  pages={4218--4233},
  year={2021}
}

@article{peng2023robust,
  title={Robust principles: Architectural design principles for adversarially robust cnns},
  author={Peng, ShengYun and Xu, Weilin and Cornelius, Cory and Hull, Matthew and Li, Kevin and Duggal, Rahul and Phute, Mansi and Martin, Jason and Chau, Duen Horng},
  journal={British Machine Vision Conference (BMVC)},
  year={2023}
}

@article{gowal2020uncovering,
  title={Uncovering the limits of adversarial training against norm-bounded adversarial examples},
  author={Gowal, Sven and Qin, Chongli and Uesato, Jonathan and Mann, Timothy and Kohli, Pushmeet},
  journal={arXiv preprint arXiv:2010.03593},
  year={2020}
}

@article{cui2023decoupled,
  title={Decoupled Kullback-Leibler Divergence Loss},
  author={Cui, Jiequan and Tian, Zhuotao and Zhong, Zhisheng and Qi, Xiaojuan and Yu, Bei and Zhang, Hanwang},
  journal={arXiv preprint arXiv:2305.13948},
  year={2023}
}

@inproceedings{zhang2020geometry,
  title={Geometry-aware Instance-reweighted Adversarial Training},
  author={Zhang, Jingfeng and Zhu, Jianing and Niu, Gang and Han, Bo and Sugiyama, Masashi and Kankanhalli, Mohan},
  booktitle={International Conference on Learning Representations},
  year={2020}
}

@article{rebuffi2021fixing,
  title={Fixing data augmentation to improve adversarial robustness},
  author={Rebuffi, Sylvestre-Alvise and Gowal, Sven and Calian, Dan A and Stimberg, Florian and Wiles, Olivia and Mann, Timothy},
  journal={arXiv preprint arXiv:2103.01946},
  year={2021}
}

@inproceedings{augustin2020adversarial,
  title={Adversarial robustness on in-and out-distribution improves explainability},
  author={Augustin, Maximilian and Meinke, Alexander and Hein, Matthias},
  booktitle={European Conference on Computer Vision},
  pages={228--245},
  year={2020},
  organization={Springer}
}

@inproceedings{ding2019mma,
  title={MMA Training: Direct Input Space Margin Maximization through Adversarial Training},
  author={Ding, Gavin Weiguang and Sharma, Yash and Lui, Kry Yik Chau and Huang, Ruitong},
  booktitle={International Conference on Learning Representations},
  year={2019}
}

@inproceedings{hendrycks2019using,
  title={Using pre-training can improve model robustness and uncertainty},
  author={Hendrycks, Dan and Lee, Kimin and Mazeika, Mantas},
  booktitle={International conference on machine learning},
  pages={2712--2721},
  year={2019},
  organization={PMLR}
}

@inproceedings{pang2022robustness,
  title={Robustness and accuracy could be reconcilable by (proper) definition},
  author={Pang, Tianyu and Lin, Min and Yang, Xiao and Zhu, Jun and Yan, Shuicheng},
  booktitle={International Conference on Machine Learning},
  pages={17258--17277},
  year={2022},
  organization={PMLR}
}

@article{carmon2019unlabeled,
  title={Unlabeled data improves adversarial robustness},
  author={Carmon, Yair and Raghunathan, Aditi and Schmidt, Ludwig and Duchi, John C and Liang, Percy S},
  journal={Advances in neural information processing systems},
  volume={32},
  year={2019}
}

@article{paszke2019pytorch,
  title={Pytorch: An imperative style, high-performance deep learning library},
  author={Paszke, Adam and Gross, Sam and Massa, Francisco and Lerer, Adam and Bradbury, James and Chanan, Gregory and Killeen, Trevor and Lin, Zeming and Gimelshein, Natalia and Antiga, Luca and others},
  journal={Advances in neural information processing systems},
  volume={32},
  year={2019}
}

@inproceedings{athalye2018obfuscated,
  title={Obfuscated gradients give a false sense of security: Circumventing defenses to adversarial examples},
  author={Athalye, Anish and Carlini, Nicholas and Wagner, David},
  booktitle={International conference on machine learning},
  pages={274--283},
  year={2018},
  organization={PMLR}
}

@inproceedings{sehwag2021robust,
  title={Robust Learning Meets Generative Models: Can Proxy Distributions Improve Adversarial Robustness?},
  author={Sehwag, Vikash and Mahloujifar, Saeed and Handina, Tinashe and Dai, Sihui and Xiang, Chong and Chiang, Mung and Mittal, Prateek},
  booktitle={International Conference on Learning Representations},
  year={2021}
}

@article{krizhevsky2009learning,
  title={Learning multiple layers of features from tiny images},
  author={Krizhevsky, Alex and Hinton, Geoffrey and others},
  journal={Technical Report},
  year={2009},
  publisher={Toronto, ON, Canada}
}

@inproceedings{dolatabadi2022,
  title={l-inf robustness and beyond: Unleashing efficient adversarial training},
  author={Dolatabadi, Hadi M and Erfani, Sarah and Leckie, Christopher},
  booktitle={European Conference on Computer Vision},
  pages={467--483},
  year={2022},
  organization={Springer}
}

@inproceedings{he2016deep,
  title={Deep residual learning for image recognition},
  author={He, Kaiming and Zhang, Xiangyu and Ren, Shaoqing and Sun, Jian},
  booktitle={Proceedings of the IEEE conference on computer vision and pattern recognition},
  pages={770--778},
  year={2016}
}

@inproceedings{zagoruyko2016wide,
  title={Wide Residual Networks},
  author={Zagoruyko, Sergey and Komodakis, Nikos},
  booktitle={Procedings of the British Machine Vision Conference 2016},
  year={2016},
  organization={British Machine Vision Association}
}

@inproceedings{xiao2018spatially,
  title={Spatially Transformed Adversarial Examples},
  author={Xiao, Chaowei and Zhu, Jun-Yan and Li, Bo and He, Warren and Liu, Mingyan and Song, Dawn},
  booktitle={International Conference on Learning Representations},
  year={2018}
}

@inproceedings{madry2018towards,
  title={Towards Deep Learning Models Resistant to Adversarial Attacks},
  author={Madry, Aleksander and Makelov, Aleksandar and Schmidt, Ludwig and Tsipras, Dimitris and Vladu, Adrian},
  booktitle={International Conference on Learning Representations},
  year={2018}
}

@inproceedings{athalye2018synthesizing,
  title={Synthesizing robust adversarial examples},
  author={Athalye, Anish and Engstrom, Logan and Ilyas, Andrew and Kwok, Kevin},
  booktitle={International conference on machine learning},
  pages={284--293},
  year={2018},
  organization={PMLR}
}

@inproceedings{kurakin2016adversarial,
  title={Adversarial Machine Learning at Scale},
  author={Kurakin, Alexey and Goodfellow, Ian J and Bengio, Samy},
  booktitle={International Conference on Learning Representations},
  year={2016}
}

@article{chen2022adversarial,
  title={Adversarial Attack on Attackers: Post-Process to Mitigate Black-Box Score-Based Query Attacks},
  author={Chen, Sizhe and Huang, Zhehao and Tao, Qinghua and Wu, Yingwen and Xie, Cihang and Huang, Xiaolin},
  journal={Conference on neural information processing systems},
  year={2022}
}

@inproceedings{kang2023diffattack,
  title={DiffAttack: Evasion Attacks Against Diffusion-Based Adversarial Purification},
  author={Kang, Mintong and Song, Dawn and Li, Bo},
  booktitle={Thirty-seventh Conference on Neural Information Processing Systems},
  year={2023}
}

@article{anderson1982reverse,
  title={Reverse-time diffusion equation models},
  author={Anderson, Brian DO},
  journal={Stochastic Processes and their Applications},
  volume={12},
  number={3},
  pages={313--326},
  year={1982},
  publisher={Elsevier}
}

@article{salman2020adversarially,
  title={Do adversarially robust imagenet models transfer better?},
  author={Salman, Hadi and Ilyas, Andrew and Engstrom, Logan and Kapoor, Ashish and Madry, Aleksander},
  journal={Advances in Neural Information Processing Systems},
  volume={33},
  pages={3533--3545},
  year={2020}
}

@inproceedings{wong2019fast,
  title={Fast is better than free: Revisiting adversarial training},
  author={Wong, Eric and Rice, Leslie and Kolter, J Zico},
  booktitle={International Conference on Learning Representations},
  year={2019}
}

@misc{engstrom2019,
   title={Robustness (Python Library)},
   author={Logan Engstrom and Andrew Ilyas and Hadi Salman and Shibani Santurkar and Dimitris Tsipras},
   year={2019},
   url={https://github.com/MadryLab/robustness}
}

@inproceedings{deng2009imagenet,
  title={Imagenet: A large-scale hierarchical image database},
  author={Deng, Jia and Dong, Wei and Socher, Richard and Li, Li-Jia and Li, Kai and Fei-Fei, Li},
  booktitle={2009 IEEE conference on computer vision and pattern recognition},
  pages={248--255},
  year={2009},
  organization={Ieee}
}

@inproceedings{debenedetti2023light,
  title={A light recipe to train robust vision transformers},
  author={Debenedetti, Edoardo and Sehwag, Vikash and Mittal, Prateek},
  booktitle={2023 IEEE Conference on Secure and Trustworthy Machine Learning (SaTML)},
  pages={225--253},
  year={2023},
  organization={IEEE}
}

@inproceedings{jia2022adversarial,
  title={LAS-AT: adversarial training with learnable attack strategy},
  author={Jia, Xiaojun and Zhang, Yong and Wu, Baoyuan and Ma, Ke and Wang, Jue and Cao, Xiaochun},
  booktitle={Proceedings of the IEEE/CVF Conference on Computer Vision and Pattern Recognition},
  pages={13398--13408},
  year={2022}
}

@article{chen2023robust,
  title={Robust classification via a single diffusion model},
  author={Chen, Huanran and Dong, Yinpeng and Wang, Zhengyi and Yang, Xiao and Duan, Chengqi and Su, Hang and Zhu, Jun},
  journal={arXiv preprint arXiv:2305.15241},
  year={2023}
}

@inproceedings{dipdefend2020,
author = {Dai, Tao and Feng, Yan and Wu, Dongxian and Chen, Bin and Lu, Jian and Jiang, Yong and Xia, Shu-Tao},
title = {DIPDefend: Deep Image Prior Driven Defense against Adversarial Examples},
year = {2020},
isbn = {9781450379885},
publisher = {Association for Computing Machinery},
address = {New York, NY, USA},
url = {https://doi.org/10.1145/3394171.3413898},
doi = {10.1145/3394171.3413898},
booktitle = {Proceedings of the 28th ACM International Conference on Multimedia},
pages = {1404–1412},
numpages = {9},
keywords = {image prior, defense, deep neural network, adversarial example},
location = {Seattle, WA, USA},
series = {MM '20}
}

@article{dai2022deep,
  title={Deep image prior based defense against adversarial examples},
  author={Dai, Tao and Feng, Yan and Chen, Bin and Lu, Jian and Xia, Shu-Tao},
  journal={Pattern Recognition},
  volume={122},
  pages={108249},
  year={2022},
  publisher={Elsevier}
}

@inproceedings{ding2021delving,
  title={Delving into deep image prior for adversarial defense: A novel reconstruction-based defense framework},
  author={Ding, Li and Wang, Yongwei and Ding, Xin and Yuan, Kaiwen and Wang, Ping and Huang, Hua and Wang, Z Jane},
  booktitle={Proceedings of the 29th ACM International Conference on Multimedia},
  pages={4564--4572},
  year={2021}
}

@inproceedings{
bai2024diffusion,
title={Diffusion Models Demand Contrastive Guidance for Adversarial Purification to Advance},
author={Mingyuan Bai and Wei Huang and Tenghui Li and Andong Wang and Junbin Gao and Cesar F Caiafa and Qibin Zhao},
booktitle={Forty-first International Conference on Machine Learning},
year={2024}
}

@article{engstrom2019robustness,
  title={Robustness (python library), 2019},
  author={Engstrom, Logan and Ilyas, Andrew and Salman, Hadi and Santurkar, Shibani and Tsipras, Dimitris},
  journal={URL https://github. com/MadryLab/robustness},
  volume={4},
  number={4},
  pages={4--3},
  year={2019}
}

@article{wong2020fast,
  title={Fast is better than free: Revisiting adversarial training},
  author={Wong, Eric and Rice, Leslie and Kolter, J Zico},
  journal={arXiv preprint arXiv:2001.03994},
  year={2020}
}

@article{bai2021transformers,
  title={Are transformers more robust than cnns?},
  author={Bai, Yutong and Mei, Jieru and Yuille, Alan L and Xie, Cihang},
  journal={Advances in neural information processing systems},
  volume={34},
  pages={26831--26843},
  year={2021}
}

@inproceedings{cui2024decoupled,
title={Decoupled Kullback-Leibler Divergence Loss},
author={Jiequan Cui and Zhuotao Tian and Zhisheng Zhong and XIAOJUAN QI and Bei Yu and Hanwang Zhang},
booktitle={The Thirty-eighth Annual Conference on Neural Information Processing Systems},
year={2024}
}

@inproceedings{loeschcke2024coarse,
  title={Coarse-To-Fine Tensor Trains for Compact Visual Representations},
  author={Loeschcke, Sebastian Bugge and Wang, Dan and Leth-Espensen, Christian Munklinde and Belongie, Serge and Kastoryano, Michael and Benaim, Sagie},
  booktitle={Forty-first International Conference on Machine Learning},
  year={2024}
}

@article{ilyas2019adversarial,
  title={Adversarial examples are not bugs, they are features},
  author={Ilyas, Andrew and Santurkar, Shibani and Tsipras, Dimitris and Engstrom, Logan and Tran, Brandon and Madry, Aleksander},
  journal={Advances in neural information processing systems},
  volume={32},
  year={2019}
}

@inproceedings{allen2022feature,
  title={Feature purification: How adversarial training performs robust deep learning},
  author={Allen-Zhu, Zeyuan and Li, Yuanzhi},
  booktitle={2021 IEEE 62nd Annual Symposium on Foundations of Computer Science (FOCS)},
  pages={977--988},
  year={2022},
  organization={IEEE}
}

@article{oseledets2011tensor,
  title={Tensor-train decomposition},
  author={Oseledets, Ivan V},
  journal={SIAM Journal on Scientific Computing},
  volume={33},
  number={5},
  pages={2295--2317},
  year={2011},
  publisher={SIAM}
}

@article{zhao2016tensor,
  title={Tensor ring decomposition},
  author={Zhao, Qibin and Zhou, Guoxu and Xie, Shengli and Zhang, Liqing and Cichocki, Andrzej},
  journal={arXiv preprint arXiv:1606.05535},
  year={2016}
}

@inproceedings{oseledets2009approximation,
  title={Approximation of matrices with logarithmic number of parameters},
  author={Oseledets, IV},
  booktitle={Doklady Mathematics},
  volume={80},
  number={2},
  pages={653--654},
  year={2009},
  organization={Springer}
}

@article{khoromskij2011d,
  title={O (d log N)-quantics approximation of N-d tensors in high-dimensional numerical modeling},
  author={Khoromskij, Boris N},
  journal={Constructive Approximation},
  volume={34},
  pages={257--280},
  year={2011},
  publisher={Springer}
}

@article{chen2024data,
  title={Data filtering for efficient adversarial training},
  author={Chen, Erh-Chung and Lee, Che-Rung},
  journal={Pattern Recognition},
  volume={151},
  pages={110394},
  year={2024},
  publisher={Elsevier}
}

@article{kolda2009tensor,
  title={Tensor decompositions and applications},
  author={Kolda, Tamara G and Bader, Brett W},
  journal={SIAM review},
  volume={51},
  number={3},
  pages={455--500},
  year={2009},
  publisher={SIAM}
}

@article{cichocki2015tensor,
  title={Tensor decompositions for signal processing applications: From two-way to multiway component analysis},
  author={Cichocki, Andrzej and Mandic, Danilo and De Lathauwer, Lieven and Zhou, Guoxu and Zhao, Qibin and Caiafa, Cesar and Phan, Huy Anh},
  journal={IEEE signal processing magazine},
  volume={32},
  number={2},
  pages={145--163},
  year={2015},
  publisher={IEEE}
}


@inproceedings{ulyanov2018deep,
  title={Deep image prior},
  author={Ulyanov, Dmitry and Vedaldi, Andrea and Lempitsky, Victor},
  booktitle={Proceedings of the IEEE conference on computer vision and pattern recognition},
  pages={9446--9454},
  year={2018}
}

@inproceedings{he2022masked,
  title={Masked autoencoders are scalable vision learners},
  author={He, Kaiming and Chen, Xinlei and Xie, Saining and Li, Yanghao and Doll{\'a}r, Piotr and Girshick, Ross},
  booktitle={Proceedings of the IEEE/CVF conference on computer vision and pattern recognition},
  pages={16000--16009},
  year={2022}
}

@inproceedings{lyu2023maedefense,
  title={MAEDefense: An Effective Masked AutoEncoder Defense against Adversarial Attacks},
  author={Lyu, Wanli and Wu, Mengjiang and Yin, Zhaoxia and Luo, Bin},
  booktitle={2023 Asia Pacific Signal and Information Processing Association Annual Summit and Conference (APSIPA ASC)},
  pages={1915--1922},
  year={2023},
  organization={IEEE}
}

@inproceedings{entezari2022tensorshield,
  title={TensorShield: Tensor-based defense against adversarial attacks on images},
  author={Entezari, Negin and Papalexakis, Evangelos E},
  booktitle={MILCOM 2022-2022 IEEE Military Communications Conference (MILCOM)},
  pages={999--1004},
  year={2022},
  organization={IEEE}
}

@inproceedings{bhattarai2023robust,
  title={Robust Adversarial Defense by Tensor Factorization},
  author={Bhattarai, Manish and Kaymak, Mehmet Cagri and Barron, Ryan and Nebgen, Ben and Rasmussen, Kim and Alexandrov, Boian S},
  booktitle={2023 International Conference on Machine Learning and Applications (ICMLA)},
  pages={308--315},
  year={2023},
  organization={IEEE}
}

@inproceedings{rudkiewicz2024robustness,
  title={Robustness of Tensor Decomposition-Based Neural Network Compression},
  author={Rudkiewicz, Th{\'e}o and Ouerfelli, Mohamed and Finotello, Riccardo and Chaouai, Zakariya and Tamaazousti, Mohamed},
  booktitle={2024 IEEE International Conference on Image Processing (ICIP)},
  pages={221--227},
  year={2024},
  organization={IEEE}
}

@article{song2024training,
  title={A training-free defense framework for robust learned image compression},
  author={Song, Myungseo and Choi, Jinyoung and Han, Bohyung},
  journal={arXiv preprint arXiv:2401.11902},
  year={2024}
}

@inproceedings{phan2023cstar,
  title={Cstar: towards compact and structured deep neural networks with adversarial robustness},
  author={Phan, Huy and Yin, Miao and Sui, Yang and Yuan, Bo and Zonouz, Saman},
  booktitle={Proceedings of the AAAI Conference on Artificial Intelligence},
  volume={37},
  number={2},
  pages={2065--2073},
  year={2023}
}

@article{cichocki2016tensor,
  title={Tensor networks for dimensionality reduction and large-scale optimization: Part 1 low-rank tensor decompositions},
  author={Cichocki, Andrzej and Lee, Namgil and Oseledets, Ivan and Phan, Anh-Huy and Zhao, Qibin and Mandic, Danilo P and others},
  journal={Foundations and Trends{\textregistered} in Machine Learning},
  volume={9},
  number={4-5},
  pages={249--429},
  year={2016},
  publisher={Now Publishers, Inc.}
}

@article{cichocki2017tensor,
  title={Tensor networks for dimensionality reduction and large-scale optimization: Part 2 applications and future perspectives},
  author={Cichocki, Andrzej and Phan, Anh-Huy and Zhao, Qibin and Lee, Namgil and Oseledets, Ivan and Sugiyama, Masashi and Mandic, Danilo P and others},
  journal={Foundations and Trends{\textregistered} in Machine Learning},
  volume={9},
  number={6},
  pages={431--673},
  year={2017},
  publisher={Now Publishers, Inc.}
}

@article{hitchcock1927expression,
  title={The expression of a tensor or a polyadic as a sum of products},
  author={Hitchcock, Frank L},
  journal={Journal of Mathematics and Physics},
  volume={6},
  number={1-4},
  pages={164--189},
  year={1927},
  publisher={Wiley Online Library}
}

@article{tucker1966some,
  title={Some mathematical notes on three-mode factor analysis},
  author={Tucker, Ledyard R},
  journal={Psychometrika},
  volume={31},
  number={3},
  pages={279--311},
  year={1966},
  publisher={Springer}
}

@article{lubasch2018multigrid,
  title={Multigrid renormalization},
  author={Lubasch, Michael and Moinier, Pierre and Jaksch, Dieter},
  journal={Journal of Computational Physics},
  volume={372},
  pages={587--602},
  year={2018},
  publisher={Elsevier}
}

@article{hubig2017generic,
  title={Generic construction of efficient matrix product operators},
  author={Hubig, C and McCulloch, IP and Schollw{\"o}ck, Ulrich},
  journal={Physical Review B},
  volume={95},
  number={3},
  pages={035129},
  year={2017},
  publisher={APS}
}

@article{mcculloch2008infinite,
  title={Infinite size density matrix renormalization group, revisited},
  author={McCulloch, Ian P},
  journal={arXiv preprint arXiv:0804.2509},
  year={2008}
}

@article{phan2020tensor,
  title={Tensor networks for latent variable analysis: Novel algorithms for tensor train approximation},
  author={Phan, Anh-Huy and Cichocki, Andrzej and Uschmajew, Andr{\'e} and Tichavsk{\`y}, Petr and Luta, George and Mandic, Danilo P},
  journal={IEEE transactions on neural networks and learning systems},
  volume={31},
  number={11},
  pages={4622--4636},
  year={2020},
  publisher={IEEE}
}

@inproceedings{grzenda2008conditional,
  title={Conditional central limit theorem},
  author={Grzenda, Wioletta and Zieba, Wieslaw},
  booktitle={Int. Math. Forum},
  volume={3},
  number={31},
  pages={1521--1528},
  year={2008}
}

@inproceedings{hore2010image,
  title={Image quality metrics: PSNR vs. SSIM},
  author={Hore, Alain and Ziou, Djemel},
  booktitle={2010 20th international conference on pattern recognition},
  pages={2366--2369},
  year={2010},
  organization={IEEE}
}

@article{botchkarev2018performance,
  title={Performance metrics (error measures) in machine learning regression, forecasting and prognostics: Properties and typology},
  author={Botchkarev, Alexei},
  journal={arXiv preprint arXiv:1809.03006},
  year={2018}
}