%%%%%%%%%%%%%%%%%%% Existing Dataset %%%%%%%%%%%%%%%%%%

% FAERS data source
@misc{fda_faers,
    title = {FDA Adverse Event Reporting System (FAERS)},
    author = {{U.S. Food and Drug Administration}},
    year = {2024},
    howpublished = {\url{https://fda.gov/drugs/surveillance/questions-and-answers-fdas-adverse-event-reporting-system-faers}},
    note = {Accessed: 2024-01-30}
}

@techreport{faers_technical,
    title = {FAERS Quarterly Data Files Technical Documentation},
    author = {{U.S. Food and Drug Administration}},
    institution = {U.S. Food and Drug Administration},
    year = {2024},
    type = {Technical Documentation},
    url = {https://fda.gov/drugs/surveillance/fda-adverse-event-reporting-system-faers}
}

% FAERS processing
@article{sakaeda2013data,
  title={Data mining of the public version of the FDA Adverse Event Reporting System},
  author={Sakaeda, Toshiyuki and Tamon, Akiko and Kadoyama, Kaori and Okuno, Yasushi},
  journal={International journal of medical sciences},
  volume={10},
  number={7},
  pages={796},
  year={2013},
  publisher={Ivyspring International Publisher}
}



@article{wen2023multimodal,
  title={Multimodal representation learning for predicting molecule--disease relations},
  author={Wen, Jun and Zhang, Xiang and Rush, Everett and Panickan, Vidul A and Li, Xingyu and Cai, Tianrun and Zhou, Doudou and Ho, Yuk-Lam and Costa, Lauren and Begoli, Edmon and others},
  journal={Bioinformatics},
  volume={39},
  number={2},
  pages={btad085},
  year={2023},
  publisher={Oxford University Press}
}


@ARTICLE{10163497,
  author={Chen, Can and Liu, Yang-Yu},
  journal={IEEE Transactions on Neural Networks and Learning Systems}, 
  title={A Survey on Hyperlink Prediction}, 
  year={2024},
  volume={35},
  number={11},
  pages={15034-15050},
  keywords={Hypertext systems;Prediction methods;Learning systems;Indexes;Surveys;Resource management;Genomics;Deep learning;graph convolutional networks (GCNs);hypergraph learning;hypergraphs;hyperlink prediction},
  doi={10.1109/TNNLS.2023.3286280}}


@incollection{poluzzi2012data,
  title={Data mining techniques in pharmacovigilance: analysis of the publicly accessible FDA adverse event reporting system (AERS)},
  author={Poluzzi, Elisabetta and Raschi, Emanuel and Piccinni, Carlo and De Ponti, Fabrizio},
  booktitle={Data mining applications in engineering and medicine},
  year={2012},
  publisher={IntechOpen}
}

% FAERS reliability
@article{ismail2022fda,
  title={FDA Adverse Event Reporting System (FAERS) Database: A Comprehensive Analysis of Its Structure, Functionality, and Limitations},
  author={Ismail, Mizan and Akram, Muhammad Usman},
  journal={Sage Science Review of Applied Machine Learning},
  volume={5},
  number={2},
  pages={15--29},
  year={2022}
}

% TWOSIDES
@article{tatonetti2012data,
  title={Data-driven prediction of drug effects and interactions},
  author={Tatonetti, Nicholas P and Ye, Patrick P and Daneshjou, Roxana and Altman, Russ B},
  journal={Science translational medicine},
  volume={4},
  number={125},
  pages={125ra31--125ra31},
  year={2012},
  publisher={American Association for the Advancement of Science}
}

% SIDER
@article{kuhn2010side,
  title={A side effect resource to capture phenotypic effects of drugs},
  author={Kuhn, Michael and Campillos, Monica and Letunic, Ivica and Jensen, Lars Juhl and Bork, Peer},
  journal={Molecular systems biology},
  volume={6},
  number={1},
  pages={343},
  year={2010},
  publisher={John Wiley \& Sons, Ltd Chichester, UK}
}

@article{kuhn2016sider,
  title={The SIDER database of drugs and side effects},
  author={Kuhn, Michael and Letunic, Ivica and Jensen, Lars Juhl and Bork, Peer},
  journal={Nucleic acids research},
  volume={44},
  number={D1},
  pages={D1075--D1079},
  year={2016},
  publisher={Oxford University Press}
}


% BankDrug
@article{wishart2018drugbank,
  title={DrugBank 5.0: a major update to the DrugBank database for 2018},
  author={Wishart, David S and Feunang, Yannick D and Guo, An C and Lo, Elvis J and Marcu, Ana and Grant, Jason R and Sajed, Tanvir and Johnson, Daniel and Li, Carin and Sayeeda, Zinat and others},
  journal={Nucleic acids research},
  volume={46},
  number={D1},
  pages={D1074--D1082},
  year={2018},
  publisher={Oxford University Press}
}

@article{wishart2006drugbank,
  title={DrugBank: a comprehensive resource for in silico drug discovery and exploration},
  author={Wishart, David S and Knox, Craig and Guo, An Chi and Shrivastava, Savita and Hassanali, Murtaza and Stothard, Paul and Chang, Zhan and Woolsey, Jennifer},
  journal={Nucleic acids research},
  volume={34},
  number={suppl\_1},
  pages={D668--D672},
  year={2006},
  publisher={Oxford University Press}
}

% STITCH
@article{kuhn2007stitch,
  title={STITCH: interaction networks of chemicals and proteins},
  author={Kuhn, Michael and von Mering, Christian and Campillos, Monica and Jensen, Lars Juhl and Bork, Peer},
  journal={Nucleic acids research},
  volume={36},
  number={suppl\_1},
  pages={D684--D688},
  year={2007},
  publisher={Oxford University Press}
}

% BioGRID
@article{stark2006biogrid,
  title={BioGRID: a general repository for interaction datasets},
  author={Stark, Chris and Breitkreutz, Bobby-Joe and Reguly, Teresa and Boucher, Lorrie and Breitkreutz, Ashton and Tyers, Mike},
  journal={Nucleic acids research},
  volume={34},
  number={suppl\_1},
  pages={D535--D539},
  year={2006},
  publisher={Oxford University Press}
}

% OnSIDES
@article{tanaka2024onsides,
  title={OnSIDES (ON-label SIDE effectS resource) Database: Extracting Adverse Drug Events from Drug Labels using Natural Language Processing Models},
  author={Tanaka, Yutaro and Chen, Hsin Yi and Belloni, Pietro and Gisladottir, Undina and Kefeli, Jenna and Patterson, Jason and Srinivasan, Apoorva and Zeitz, Michael and Sirdeshmukh, Gaurav and Berkowitz, Jacob and others},
  journal={medRxiv},
  pages={2024--03},
  year={2024},
  publisher={Cold Spring Harbor Laboratory Press}
}

% HPRD dataset, protein interactions
@article{keshava2009human,
  title={Human protein reference databaseâ€”2009 update},
  author={Keshava Prasad, TS and Goel, Renu and Kandasamy, Kumaran and Keerthikumar, Shivakumar and Kumar, Sameer and Mathivanan, Suresh and Telikicherla, Deepthi and Raju, Rajesh and Shafreen, Beema and Venugopal, Abhilash and others},
  journal={Nucleic acids research},
  volume={37},
  number={suppl\_1},
  pages={D767--D772},
  year={2009},
  publisher={Oxford University Press}
}

%%%%%%%%%%%% Related works on drug interactions %%%%%%%%%%%%

% higher-order drug interactions
@article{tekin2017measuring,
  title={Measuring higher-order drug interactions: A review of recent approaches},
  author={Tekin, Elif and Savage, Van M and Yeh, Pamela J},
  journal={Current Opinion in Systems Biology},
  volume={4},
  pages={16--23},
  year={2017},
  publisher={Elsevier}
}

@article{tekin2018prevalence,
  title={Prevalence and patterns of higher-order drug interactions in Escherichia coli},
  author={Tekin, Elif and White, Cynthia and Kang, Tina Manzhu and Singh, Nina and Cruz-Loya, Mauricio and Damoiseaux, Robert and Savage, Van M and Yeh, Pamela J},
  journal={NPJ systems biology and applications},
  volume={4},
  number={1},
  pages={31},
  year={2018},
  publisher={Nature Publishing Group UK London}
}


@article{masumshah2021neural,
  title={A neural network-based method for polypharmacy side effects prediction},
  author={Masumshah, Raziyeh and Aghdam, Rosa and Eslahchi, Changiz},
  journal={BMC bioinformatics},
  volume={22},
  pages={1--17},
  year={2021},
  publisher={Springer}
}

@article{lukavcivsin2019emergent,
  title={Emergent gene expression responses to drug combinations predict higher-order drug interactions},
  author={Luka{\v{c}}i{\v{s}}in, Martin and Bollenbach, Tobias},
  journal={Cell Systems},
  volume={9},
  number={5},
  pages={423--433},
  year={2019},
  publisher={Elsevier}
}

% DeepDDI
@article{ryu2018deep,
  title={Deep learning improves prediction of drug--drug and drug--food interactions},
  author={Ryu, Jae Yong and Kim, Hyun Uk and Lee, Sang Yup},
  journal={Proceedings of the national academy of sciences},
  volume={115},
  number={18},
  pages={E4304--E4311},
  year={2018},
  publisher={National Acad Sciences}
}

# CNN + LSTM
@inproceedings{karim2019drug,
  title={Drug-drug interaction prediction based on knowledge graph embeddings and convolutional-LSTM network},
  author={Karim, Md Rezaul and Cochez, Michael and Jares, Joao Bosco and Uddin, Mamtaz and Beyan, Oya and Decker, Stefan},
  booktitle={Proceedings of the 10th ACM international conference on bioinformatics, computational biology and health informatics},
  pages={113--123},
  year={2019}
}

@inproceedings{peng2024effective,
  title={Effective knowledge graph embeddings based on CNN-LSTM for drug-drug interactions prediction},
  author={Peng, Guodong and Ji, Xiangmin},
  booktitle={Proceedings of the 2024 2nd International Conference on Frontiers of Intelligent Manufacturing and Automation},
  pages={417--422},
  year={2024}
}

@article{xu2018leveraging,
  title={Leveraging biomedical resources in bi-lstm for drug-drug interaction extraction},
  author={Xu, Bo and Shi, Xiufeng and Zhao, Zhehuan and Zheng, Wei},
  journal={IEEE Access},
  volume={6},
  pages={33432--33439},
  year={2018},
  publisher={IEEE}
}

% NMF
@article{lee1999learning,
  title={Learning the parts of objects by non-negative matrix factorization},
  author={Lee, Daniel D and Seung, H Sebastian},
  journal={nature},
  volume={401},
  number={6755},
  pages={788--791},
  year={1999},
  publisher={Nature Publishing Group UK London}
}

% PMF
@article{jain2023graph,
  title={Graph regularized probabilistic matrix factorization for drug-drug interactions prediction},
  author={Jain, Stuti and Chouzenoux, Emilie and Kumar, Kriti and Majumdar, Angshul},
  journal={IEEE Journal of Biomedical and Health Informatics},
  volume={27},
  number={5},
  pages={2565--2574},
  year={2023},
  publisher={IEEE}
}

% DECAGON
@article{zitnik2018modeling,
  title={Modeling polypharmacy side effects with graph convolutional networks},
  author={Zitnik, Marinka and Agrawal, Monica and Leskovec, Jure},
  journal={Bioinformatics},
  volume={34},
  number={13},
  pages={i457--i466},
  year={2018},
  publisher={Oxford University Press}
}

% DDI + Attention
@article{wang2021drug,
  title={Drug-target interaction prediction with graph attention networks},
  author={Wang, Haiyang and Zhou, Guangyu and Liu, Siqi and Jiang, Jyun-Yu and Wang, Wei},
  journal={arXiv preprint arXiv:2107.06099},
  year={2021}
}

% TriVec
@article{mohamedtrivec,
  title={TriVec: Knowledge Graph Embeddings for Accurate and Efficient Link Prediction in Real World Application Scenarios},
  author={MOHAMED, Sameh K and V{\'\i}t, NOV{\'A}}
}

% SVM
@article{song2019similarity,
  title={Similarity-based machine learning support vector machine predictor of drug-drug interactions with improved accuracies},
  author={Song, Dalong and Chen, Yao and Min, Qian and Sun, Qingrong and Ye, Kai and Zhou, Changjiang and Yuan, Shengyue and Sun, Zhaolin and Liao, Jun},
  journal={Journal of clinical pharmacy and therapeutics},
  volume={44},
  number={2},
  pages={268--275},
  year={2019},
  publisher={Wiley Online Library}
}

% SVM + LSTM
@article{huang2017drug,
  title={Drug--drug interaction extraction from biomedical literature using support vector machine and long short term memory networks},
  author={Huang, Degen and Jiang, Zhenchao and Zou, Li and Li, Lishuang},
  journal={Information sciences},
  volume={415},
  pages={100--109},
  year={2017},
  publisher={Elsevier}
}

% random walk
@article{seal2015optimizing,
  title={Optimizing drug--target interaction prediction based on random walk on heterogeneous networks},
  author={Seal, Abhik and Ahn, Yong-Yeol and Wild, David J},
  journal={Journal of cheminformatics},
  volume={7},
  pages={1--12},
  year={2015},
  publisher={Springer}
}

@article{chen2012drug,
  title={Drug--target interaction prediction by random walk on the heterogeneous network},
  author={Chen, Xing and Liu, Ming-Xi and Yan, Gui-Ying},
  journal={Molecular BioSystems},
  volume={8},
  number={7},
  pages={1970--1978},
  year={2012},
  publisher={Royal Society of Chemistry}
}

@article{lee2018identification,
  title={Identification of drug-target interaction by a random walk with restart method on an interactome network},
  author={Lee, Ingoo and Nam, Hojung},
  journal={BMC bioinformatics},
  volume={19},
  pages={9--18},
  year={2018},
  publisher={Springer}
}

% Tanimoto coefficient
@article{ferdousi2017computational,
  title={Computational prediction of drug-drug interactions based on drugs functional similarities},
  author={Ferdousi, Reza and Safdari, Reza and Omidi, Yadollah},
  journal={Journal of biomedical informatics},
  volume={70},
  pages={54--64},
  year={2017},
  publisher={Elsevier}
}

% OFFSIDES dataset, ADR prediction
@inproceedings{kumar2024predicting,
  title={Predicting Adverse Drug Reactions With Machine Learning},
  author={Kumar, Kanuri Dilip and Kumar, CS Pavan and Mahesh, Bondalapati},
  booktitle={2024 International Conference on Computational Intelligence for Green and Sustainable Technologies (ICCIGST)},
  pages={1--6},
  year={2024},
  organization={IEEE}
}

% Bayesian method, protein-protein interactions
@article{jansen2003bayesian,
  title={A Bayesian networks approach for predicting protein-protein interactions from genomic data},
  author={Jansen, Ronald and Yu, Haiyuan and Greenbaum, Dov and Kluger, Yuval and Krogan, Nevan J and Chung, Sambath and Emili, Andrew and Snyder, Michael and Greenblatt, Jack F and Gerstein, Mark},
  journal={science},
  volume={302},
  number={5644},
  pages={449--453},
  year={2003},
  publisher={American Association for the Advancement of Science}
}

@article{burger2008accurate,
  title={Accurate prediction of protein--protein interactions from sequence alignments using a Bayesian method},
  author={Burger, Lukas and Van Nimwegen, Erik},
  journal={Molecular systems biology},
  volume={4},
  number={1},
  pages={165},
  year={2008},
  publisher={John Wiley \& Sons, Ltd Chichester, UK}
}

@article{chowdhary2009bayesian,
  title={Bayesian inference of protein--protein interactions from biological literature},
  author={Chowdhary, Rajesh and Zhang, Jinfeng and Liu, Jun S},
  journal={Bioinformatics},
  volume={25},
  number={12},
  pages={1536--1542},
  year={2009},
  publisher={Oxford University Press}
}

@article{bradford2006insights,
  title={Insights into protein--protein interfaces using a Bayesian network prediction method},
  author={Bradford, James R and Needham, Chris J and Bulpitt, Andrew J and Westhead, David R},
  journal={Journal of molecular biology},
  volume={362},
  number={2},
  pages={365--386},
  year={2006},
  publisher={Elsevier}
}

%%%%%%%%%%%%%%%%%%%%%% Our work %%%%%%%%%%%%%%%%%%%%%%

%%% Dataset preprocessing

% SMILES2VEC
@article{goh2017smiles2vec,
  title={Smiles2vec: An interpretable general-purpose deep neural network for predicting chemical properties},
  author={Goh, Garrett B and Hodas, Nathan O and Siegel, Charles and Vishnu, Abhinav},
  journal={arXiv preprint arXiv:1712.02034},
  year={2017}
}

% SapBERT
@article{lim2022sapbert,
  title={SAPBERT: speaker-aware pretrained BERT for emotion recognition in conversation},
  author={Lim, Seunguook and Kim, Jihie},
  journal={Algorithms},
  volume={16},
  number={1},
  pages={8},
  year={2022},
  publisher={MDPI}
}

% clique expansion
@article{klamt2009hypergraphs,
  title={Hypergraphs and cellular networks},
  author={Klamt, Steffen and Haus, Utz-Uwe and Theis, Fabian},
  journal={PLoS computational biology},
  volume={5},
  number={5},
  pages={e1000385},
  year={2009},
  publisher={Public Library of Science San Francisco, USA}
}

@article{zhou2006learning,
  title={Learning with hypergraphs: Clustering, classification, and embedding},
  author={Zhou, Dengyong and Huang, Jiayuan and Sch{\"o}lkopf, Bernhard},
  journal={Advances in neural information processing systems},
  volume={19},
  year={2006}
}


% GCN
@article{kipf2016semi,
  title={Semi-supervised classification with graph convolutional networks},
  author={Kipf, Thomas N and Welling, Max},
  journal={arXiv preprint arXiv:1609.02907},
  year={2016}
}

% GAT
@article{velivckovic2017graph,
  title={Graph attention networks},
  author={Veli{\v{c}}kovi{\'c}, Petar and Cucurull, Guillem and Casanova, Arantxa and Romero, Adriana and Lio, Pietro and Bengio, Yoshua},
  journal={arXiv preprint arXiv:1710.10903},
  year={2017}
}

% vanilla HGNN
@inproceedings{feng2019hypergraph,
  title={Hypergraph neural networks},
  author={Feng, Yifan and You, Haoxuan and Zhang, Zizhao and Ji, Rongrong and Gao, Yue},
  booktitle={Proceedings of the AAAI conference on artificial intelligence},
  volume={33},
  number={01},
  pages={3558--3565},
  year={2019}
}

% HyGNN
@inproceedings{saifuddin2023hygnn,
  title={Hygnn: Drug-drug interaction prediction via hypergraph neural network},
  author={Saifuddin, Khaled Mohammed and Bumgardner, Briana and Tanvir, Farhan and Akbas, Esra},
  booktitle={2023 IEEE 39th International Conference on Data Engineering (ICDE)},
  pages={1503--1516},
  year={2023},
  organization={IEEE}
}

% CHESHIRE
@article{chen2023teasing,
  title={Teasing out missing reactions in genome-scale metabolic networks through hypergraph learning},
  author={Chen, Can and Liao, Chen and Liu, Yang-Yu},
  journal={Nature Communications},
  volume={14},
  number={1},
  pages={2375},
  year={2023},
  publisher={Nature Publishing Group UK London}
}

% Examples in Introduction

@article{baillargeon2012concurrent,
  title={Concurrent use of warfarin and antibiotics and the risk of bleeding in older adults},
  author={Baillargeon, Jacques and Holmes, Holly M and Lin, Yu-Li and Raji, Mukaila A and Sharma, Gulshan and Kuo, Yong-Fang},
  journal={The American journal of medicine},
  volume={125},
  number={2},
  pages={183--189},
  year={2012},
  publisher={Elsevier}
}

@article{quinn2009linezolid,
  title={Linezolid and serotonin syndrome},
  author={Quinn, Davin K and Stern, Theodore A},
  journal={Primary care companion to the Journal of clinical psychiatry},
  volume={11},
  number={6},
  pages={353},
  year={2009},
  publisher={Physicians Postgraduate Press, Inc.}
}

@article{zhang2023emerging,
  title={Emerging drug interaction prediction enabled by a flow-based graph neural network with biomedical network},
  author={Zhang, Yongqi and Yao, Quanming and Yue, Ling and Wu, Xian and Zhang, Ziheng and Lin, Zhenxi and Zheng, Yefeng},
  journal={Nature Computational Science},
  volume={3},
  number={12},
  pages={1023--1033},
  year={2023},
  publisher={Nature Publishing Group US New York}
}

% Personalized medication
@phdthesis{molina2017personalized,
  title={Personalized drug adverse side effect prediction},
  author={Molina, V{\'\i}ctor Bell{\'o}n},
  year={2017},
  school={Universit{\'e} Paris sciences et lettres}
}

% optimize drug design
@article{lipinski2012experimental,
  title={Experimental and computational approaches to estimate solubility and permeability in drug discovery and development settings},
  author={Lipinski, Christopher A and Lombardo, Franco and Dominy, Beryl W and Feeney, Paul J},
  journal={Advanced drug delivery reviews},
  volume={64},
  pages={4--17},
  year={2012},
  publisher={Elsevier}
}

% Pharmacovigilance
@article{montastruc2006pharmacovigilance,
  title={Pharmacovigilance for evaluating adverse drug reactions: value, organization, and methods},
  author={Montastruc, Jean-Louis and Sommet, Agn{\`e}s and Lacroix, Isabelle and Olivier, Pascale and Durrieu, Genevi{\`e}ve and Damase-Michel, Christine and Lapeyre-Mestre, Maryse and Bagheri, Haleh},
  journal={Joint Bone Spine},
  volume={73},
  number={6},
  pages={629--632},
  year={2006},
  publisher={Elsevier}
}

@article{kompa2022artificial,
  title={Artificial intelligence based on machine learning in pharmacovigilance: a scoping review},
  author={Kompa, Benjamin and Hakim, Joe B and Palepu, Anil and Kompa, Kathryn Grace and Smith, Michael and Bain, Paul A and Woloszynek, Stephen and Painter, Jeffery L and Bate, Andrew and Beam, Andrew L},
  journal={Drug Safety},
  volume={45},
  number={5},
  pages={477--491},
  year={2022},
  publisher={Springer}
}

% scarcity of higher-order dataset
@article{wang2017pubchem,
  title={Pubchem bioassay: 2017 update},
  author={Wang, Yanli and Bryant, Stephen H and Cheng, Tiejun and Wang, Jiyao and Gindulyte, Asta and Shoemaker, Benjamin A and Thiessen, Paul A and He, Siqian and Zhang, Jian},
  journal={Nucleic acids research},
  volume={45},
  number={D1},
  pages={D955--D963},
  year={2017},
  publisher={Oxford University Press}
}

% limitations of existing computational methods in effectively modeling high-order relationships
@article{sachdev2020comprehensive,
  title={A comprehensive review of computational techniques for the prediction of drug side effects},
  author={Sachdev, Kanica and Gupta, Manoj K},
  journal={Drug Development Research},
  volume={81},
  number={6},
  pages={650--670},
  year={2020},
  publisher={Wiley Online Library}
}

@article{zakharov2014computational,
  title={Computational toxicology in drug discovery: Opportunities and limitations},
  author={Zakharov, Alexey and Lagunin, Alexey},
  journal={Application of Computational Techniques in Pharmacy and Medicine},
  pages={325--367},
  year={2014},
  publisher={Springer}
}

% drug-side effect relationships for pharmacovigilance and drug safety
@article{salas2022use,
  title={The use of artificial intelligence in pharmacovigilance: a systematic review of the literature},
  author={Salas, Maribel and Petracek, Jan and Yalamanchili, Priyanka and Aimer, Omar and Kasthuril, Dinesh and Dhingra, Sameer and Junaid, Toluwalope and Bostic, Tina},
  journal={Pharmaceutical medicine},
  volume={36},
  number={5},
  pages={295--306},
  year={2022},
  publisher={Springer}
}

@article{huang2021moltrans,
  title={MolTrans: molecular interaction transformer for drug--target interaction prediction},
  author={Huang, Kexin and Xiao, Cao and Glass, Lucas M and Sun, Jimeng},
  journal={Bioinformatics},
  volume={37},
  number={6},
  pages={830--836},
  year={2021},
  publisher={Oxford University Press}
}

% multi-modal graph
@article{wang2009pubchem,
  title={PubChem: a public information system for analyzing bioactivities of small molecules},
  author={Wang, Yanli and Xiao, Jewen and Suzek, Tugba O and Zhang, Jian and Wang, Jiyao and Bryant, Stephen H},
  journal={Nucleic acids research},
  volume={37},
  number={suppl\_2},
  pages={W623--W633},
  year={2009},
  publisher={Oxford University Press}
}

@article{vilar2017role,
  title={The role of drug profiles as similarity metrics: applications to repurposing, adverse effects detection and drug--drug interactions},
  author={Vilar, Santiago and Hripcsak, George},
  journal={Briefings in Bioinformatics},
  volume={18},
  number={4},
  pages={670--681},
  year={2017},
  publisher={Oxford University Press}
}

% network analysis 
@article{ye2014construction,
  title={Construction of drug network based on side effects and its application for drug repositioning},
  author={Ye, Hao and Liu, Qi and Wei, Jia},
  journal={PloS one},
  volume={9},
  number={2},
  pages={e87864},
  year={2014},
  publisher={Public Library of Science San Francisco, USA}
}

% chemical structure, drug design
@article{staszak2022machine,
  title={Machine learning in drug design: Use of artificial intelligence to explore the chemical structure--biological activity relationship},
  author={Staszak, Maciej and Staszak, Katarzyna and Wieszczycka, Karolina and Bajek, Anna and Roszkowski, Krzysztof and Tylkowski, Bartosz},
  journal={Wiley Interdisciplinary Reviews: Computational Molecular Science},
  volume={12},
  number={2},
  pages={e1568},
  year={2022},
  publisher={Wiley Online Library}
}

% molecular fingerprints
@article{rogers2010extended,
  title={Extended-connectivity fingerprints},
  author={Rogers, David and Hahn, Mathew},
  journal={Journal of chemical information and modeling},
  volume={50},
  number={5},
  pages={742--754},
  year={2010},
  publisher={ACS Publications}
}

% multi-drug
@article{fatima2022comprehensive,
  title={A Comprehensive Review: Drug Interactions and Polypharmacy},
  author={Fatima, Dua and Waseem, Faiza and Iqbal, Nadia and Riaz, Tehseen and Bashir, Irfan and Mehboob, Tooba},
  journal={FRONTIERS IN CHEMICAL SCIENCES},
  volume={3},
  number={2},
  pages={1--9},
  year={2022}
}


% source of dictionary {standardized side effect names: CUIs}
@misc{umls,
  title = {UMLS Metathesaurus},
  howpublished = {\url{https://www.nlm.nih.gov/research/umls/index.html}},
  note = {Accessed: 2024-02-02}
}


# SapBERT
@inproceedings{liu-etal-2021-self,
    title = "Self-Alignment Pretraining for Biomedical Entity Representations",
    author = "Liu, Fangyu  and
      Shareghi, Ehsan  and
      Meng, Zaiqiao  and
      Basaldella, Marco  and
      Collier, Nigel",
    booktitle = "Proceedings of the 2021 Conference of the North American Chapter of the Association for Computational Linguistics: Human Language Technologies",
    month = jun,
    year = "2021",
    address = "Online",
    publisher = "Association for Computational Linguistics",
    url = "https://www.aclweb.org/anthology/2021.naacl-main.334",
    pages = "4228--4238",
    abstract = "Despite the widespread success of self-supervised learning via masked language models (MLM), accurately capturing fine-grained semantic relationships in the biomedical domain remains a challenge. This is of paramount importance for entity-level tasks such as entity linking where the ability to model entity relations (especially synonymy) is pivotal. To address this challenge, we propose SapBERT, a pretraining scheme that self-aligns the representation space of biomedical entities. We design a scalable metric learning framework that can leverage UMLS, a massive collection of biomedical ontologies with 4M+ concepts. In contrast with previous pipeline-based hybrid systems, SapBERT offers an elegant one-model-for-all solution to the problem of medical entity linking (MEL), achieving a new state-of-the-art (SOTA) on six MEL benchmarking datasets. In the scientific domain, we achieve SOTA even without task-specific supervision. With substantial improvement over various domain-specific pretrained MLMs such as BioBERT, SciBERTand and PubMedBERT, our pretraining scheme proves to be both effective and robust.",
}

% xml file of all drugs from DrugBank website


% track temporal trends in drug interactions
@article{ji2016functional,
  title={A functional temporal association mining approach for screening potential drug--drug interactions from electronic patient databases},
  author={Ji, Yanqing and Ying, Hao and Tran, John and Dews, Peter and Lau, See-Yan and Massanari, R Michael},
  journal={Informatics for Health and Social Care},
  volume={41},
  number={4},
  pages={387--404},
  year={2016},
  publisher={Taylor \& Francis}
}

@article{noren2010temporal,
  title={Temporal pattern discovery in longitudinal electronic patient records},
  author={Nor{\'e}n, G Niklas and Hopstadius, Johan and Bate, Andrew and Star, Kristina and Edwards, I Ralph},
  journal={Data Mining and Knowledge Discovery},
  volume={20},
  pages={361--387},
  year={2010},
  publisher={Springer}
}