@article{bradford2006insights,
  title={Insights into protein--protein interfaces using a Bayesian network prediction method},
  author={Bradford, James R and Needham, Chris J and Bulpitt, Andrew J and Westhead, David R},
  journal={Journal of molecular biology},
  volume={362},
  number={2},
  pages={365--386},
  year={2006},
  publisher={Elsevier}
}

@article{burger2008accurate,
  title={Accurate prediction of protein--protein interactions from sequence alignments using a Bayesian method},
  author={Burger, Lukas and Van Nimwegen, Erik},
  journal={Molecular systems biology},
  volume={4},
  number={1},
  pages={165},
  year={2008},
  publisher={John Wiley \& Sons, Ltd Chichester, UK}
}

@article{chowdhary2009bayesian,
  title={Bayesian inference of protein--protein interactions from biological literature},
  author={Chowdhary, Rajesh and Zhang, Jinfeng and Liu, Jun S},
  journal={Bioinformatics},
  volume={25},
  number={12},
  pages={1536--1542},
  year={2009},
  publisher={Oxford University Press}
}

@techreport{faers_technical,
    title = {FAERS Quarterly Data Files Technical Documentation},
    author = {{U.S. Food and Drug Administration}},
    institution = {U.S. Food and Drug Administration},
    year = {2024},
    type = {Technical Documentation},
    url = {https://fda.gov/drugs/surveillance/fda-adverse-event-reporting-system-faers}
}

@article{fatima2022comprehensive,
  title={A Comprehensive Review: Drug Interactions and Polypharmacy},
  author={Fatima, Dua and Waseem, Faiza and Iqbal, Nadia and Riaz, Tehseen and Bashir, Irfan and Mehboob, Tooba},
  journal={FRONTIERS IN CHEMICAL SCIENCES},
  volume={3},
  number={2},
  pages={1--9},
  year={2022}
}


% source of dictionary {standardized side effect names: CUIs}

@misc{fda_faers,
    title = {FDA Adverse Event Reporting System (FAERS)},
    author = {{U.S. Food and Drug Administration}},
    year = {2024},
    howpublished = {\url{https://fda.gov/drugs/surveillance/questions-and-answers-fdas-adverse-event-reporting-system-faers}},
    note = {Accessed: 2024-01-30}
}

@article{ferdousi2017computational,
  title={Computational prediction of drug-drug interactions based on drugs functional similarities},
  author={Ferdousi, Reza and Safdari, Reza and Omidi, Yadollah},
  journal={Journal of biomedical informatics},
  volume={70},
  pages={54--64},
  year={2017},
  publisher={Elsevier}
}

@article{ismail2022fda,
  title={FDA Adverse Event Reporting System (FAERS) Database: A Comprehensive Analysis of Its Structure, Functionality, and Limitations},
  author={Ismail, Mizan and Akram, Muhammad Usman},
  journal={Sage Science Review of Applied Machine Learning},
  volume={5},
  number={2},
  pages={15--29},
  year={2022}
}

@article{jain2023graph,
  title={Graph regularized probabilistic matrix factorization for drug-drug interactions prediction},
  author={Jain, Stuti and Chouzenoux, Emilie and Kumar, Kriti and Majumdar, Angshul},
  journal={IEEE Journal of Biomedical and Health Informatics},
  volume={27},
  number={5},
  pages={2565--2574},
  year={2023},
  publisher={IEEE}
}

@article{jansen2003bayesian,
  title={A Bayesian networks approach for predicting protein-protein interactions from genomic data},
  author={Jansen, Ronald and Yu, Haiyuan and Greenbaum, Dov and Kluger, Yuval and Krogan, Nevan J and Chung, Sambath and Emili, Andrew and Snyder, Michael and Greenblatt, Jack F and Gerstein, Mark},
  journal={science},
  volume={302},
  number={5644},
  pages={449--453},
  year={2003},
  publisher={American Association for the Advancement of Science}
}

@inproceedings{karim2019drug,
  title={Drug-drug interaction prediction based on knowledge graph embeddings and convolutional-LSTM network},
  author={Karim, Md Rezaul and Cochez, Michael and Jares, Joao Bosco and Uddin, Mamtaz and Beyan, Oya and Decker, Stefan},
  booktitle={Proceedings of the 10th ACM international conference on bioinformatics, computational biology and health informatics},
  pages={113--123},
  year={2019}
}

@article{keshava2009human,
  title={Human protein reference databaseâ€”2009 update},
  author={Keshava Prasad, TS and Goel, Renu and Kandasamy, Kumaran and Keerthikumar, Shivakumar and Kumar, Sameer and Mathivanan, Suresh and Telikicherla, Deepthi and Raju, Rajesh and Shafreen, Beema and Venugopal, Abhilash and others},
  journal={Nucleic acids research},
  volume={37},
  number={suppl\_1},
  pages={D767--D772},
  year={2009},
  publisher={Oxford University Press}
}

@article{kipf2016semi,
  title={Semi-supervised classification with graph convolutional networks},
  author={Kipf, Thomas N and Welling, Max},
  journal={arXiv preprint arXiv:1609.02907},
  year={2016}
}

@article{kuhn2007stitch,
  title={STITCH: interaction networks of chemicals and proteins},
  author={Kuhn, Michael and von Mering, Christian and Campillos, Monica and Jensen, Lars Juhl and Bork, Peer},
  journal={Nucleic acids research},
  volume={36},
  number={suppl\_1},
  pages={D684--D688},
  year={2007},
  publisher={Oxford University Press}
}

@article{kuhn2010side,
  title={A side effect resource to capture phenotypic effects of drugs},
  author={Kuhn, Michael and Campillos, Monica and Letunic, Ivica and Jensen, Lars Juhl and Bork, Peer},
  journal={Molecular systems biology},
  volume={6},
  number={1},
  pages={343},
  year={2010},
  publisher={John Wiley \& Sons, Ltd Chichester, UK}
}

@article{kuhn2016sider,
  title={The SIDER database of drugs and side effects},
  author={Kuhn, Michael and Letunic, Ivica and Jensen, Lars Juhl and Bork, Peer},
  journal={Nucleic acids research},
  volume={44},
  number={D1},
  pages={D1075--D1079},
  year={2016},
  publisher={Oxford University Press}
}

@inproceedings{kumar2024predicting,
  title={Predicting Adverse Drug Reactions With Machine Learning},
  author={Kumar, Kanuri Dilip and Kumar, CS Pavan and Mahesh, Bondalapati},
  booktitle={2024 International Conference on Computational Intelligence for Green and Sustainable Technologies (ICCIGST)},
  pages={1--6},
  year={2024},
  organization={IEEE}
}

@article{lee1999learning,
  title={Learning the parts of objects by non-negative matrix factorization},
  author={Lee, Daniel D and Seung, H Sebastian},
  journal={nature},
  volume={401},
  number={6755},
  pages={788--791},
  year={1999},
  publisher={Nature Publishing Group UK London}
}

@article{lukavcivsin2019emergent,
  title={Emergent gene expression responses to drug combinations predict higher-order drug interactions},
  author={Luka{\v{c}}i{\v{s}}in, Martin and Bollenbach, Tobias},
  journal={Cell Systems},
  volume={9},
  number={5},
  pages={423--433},
  year={2019},
  publisher={Elsevier}
}

@article{mohamedtrivec,
  title={TriVec: Knowledge Graph Embeddings for Accurate and Efficient Link Prediction in Real World Application Scenarios},
  author={MOHAMED, Sameh K and V{\'\i}t, NOV{\'A}}
}

@inproceedings{peng2024effective,
  title={Effective knowledge graph embeddings based on CNN-LSTM for drug-drug interactions prediction},
  author={Peng, Guodong and Ji, Xiangmin},
  booktitle={Proceedings of the 2024 2nd International Conference on Frontiers of Intelligent Manufacturing and Automation},
  pages={417--422},
  year={2024}
}

@article{rogers2010extended,
  title={Extended-connectivity fingerprints},
  author={Rogers, David and Hahn, Mathew},
  journal={Journal of chemical information and modeling},
  volume={50},
  number={5},
  pages={742--754},
  year={2010},
  publisher={ACS Publications}
}

@article{ryu2018deep,
  title={Deep learning improves prediction of drug--drug and drug--food interactions},
  author={Ryu, Jae Yong and Kim, Hyun Uk and Lee, Sang Yup},
  journal={Proceedings of the national academy of sciences},
  volume={115},
  number={18},
  pages={E4304--E4311},
  year={2018},
  publisher={National Acad Sciences}
}

@article{sachdev2020comprehensive,
  title={A comprehensive review of computational techniques for the prediction of drug side effects},
  author={Sachdev, Kanica and Gupta, Manoj K},
  journal={Drug Development Research},
  volume={81},
  number={6},
  pages={650--670},
  year={2020},
  publisher={Wiley Online Library}
}

@article{stark2006biogrid,
  title={BioGRID: a general repository for interaction datasets},
  author={Stark, Chris and Breitkreutz, Bobby-Joe and Reguly, Teresa and Boucher, Lorrie and Breitkreutz, Ashton and Tyers, Mike},
  journal={Nucleic acids research},
  volume={34},
  number={suppl\_1},
  pages={D535--D539},
  year={2006},
  publisher={Oxford University Press}
}

@article{staszak2022machine,
  title={Machine learning in drug design: Use of artificial intelligence to explore the chemical structure--biological activity relationship},
  author={Staszak, Maciej and Staszak, Katarzyna and Wieszczycka, Karolina and Bajek, Anna and Roszkowski, Krzysztof and Tylkowski, Bartosz},
  journal={Wiley Interdisciplinary Reviews: Computational Molecular Science},
  volume={12},
  number={2},
  pages={e1568},
  year={2022},
  publisher={Wiley Online Library}
}

@article{tatonetti2012data,
  title={Data-driven prediction of drug effects and interactions},
  author={Tatonetti, Nicholas P and Ye, Patrick P and Daneshjou, Roxana and Altman, Russ B},
  journal={Science translational medicine},
  volume={4},
  number={125},
  pages={125ra31--125ra31},
  year={2012},
  publisher={American Association for the Advancement of Science}
}

@article{tekin2017measuring,
  title={Measuring higher-order drug interactions: A review of recent approaches},
  author={Tekin, Elif and Savage, Van M and Yeh, Pamela J},
  journal={Current Opinion in Systems Biology},
  volume={4},
  pages={16--23},
  year={2017},
  publisher={Elsevier}
}

@article{tekin2018prevalence,
  title={Prevalence and patterns of higher-order drug interactions in Escherichia coli},
  author={Tekin, Elif and White, Cynthia and Kang, Tina Manzhu and Singh, Nina and Cruz-Loya, Mauricio and Damoiseaux, Robert and Savage, Van M and Yeh, Pamela J},
  journal={NPJ systems biology and applications},
  volume={4},
  number={1},
  pages={31},
  year={2018},
  publisher={Nature Publishing Group UK London}
}

@article{vilar2017role,
  title={The role of drug profiles as similarity metrics: applications to repurposing, adverse effects detection and drug--drug interactions},
  author={Vilar, Santiago and Hripcsak, George},
  journal={Briefings in Bioinformatics},
  volume={18},
  number={4},
  pages={670--681},
  year={2017},
  publisher={Oxford University Press}
}

@article{wang2009pubchem,
  title={PubChem: a public information system for analyzing bioactivities of small molecules},
  author={Wang, Yanli and Xiao, Jewen and Suzek, Tugba O and Zhang, Jian and Wang, Jiyao and Bryant, Stephen H},
  journal={Nucleic acids research},
  volume={37},
  number={suppl\_2},
  pages={W623--W633},
  year={2009},
  publisher={Oxford University Press}
}

@article{wen2023multimodal,
  title={Multimodal representation learning for predicting molecule--disease relations},
  author={Wen, Jun and Zhang, Xiang and Rush, Everett and Panickan, Vidul A and Li, Xingyu and Cai, Tianrun and Zhou, Doudou and Ho, Yuk-Lam and Costa, Lauren and Begoli, Edmon and others},
  journal={Bioinformatics},
  volume={39},
  number={2},
  pages={btad085},
  year={2023},
  publisher={Oxford University Press}
}

@article{wishart2018drugbank,
  title={DrugBank 5.0: a major update to the DrugBank database for 2018},
  author={Wishart, David S and Feunang, Yannick D and Guo, An C and Lo, Elvis J and Marcu, Ana and Grant, Jason R and Sajed, Tanvir and Johnson, Daniel and Li, Carin and Sayeeda, Zinat and others},
  journal={Nucleic acids research},
  volume={46},
  number={D1},
  pages={D1074--D1082},
  year={2018},
  publisher={Oxford University Press}
}

@article{xu2018leveraging,
  title={Leveraging biomedical resources in bi-lstm for drug-drug interaction extraction},
  author={Xu, Bo and Shi, Xiufeng and Zhao, Zhehuan and Zheng, Wei},
  journal={IEEE Access},
  volume={6},
  pages={33432--33439},
  year={2018},
  publisher={IEEE}
}

@article{ye2014construction,
  title={Construction of drug network based on side effects and its application for drug repositioning},
  author={Ye, Hao and Liu, Qi and Wei, Jia},
  journal={PloS one},
  volume={9},
  number={2},
  pages={e87864},
  year={2014},
  publisher={Public Library of Science San Francisco, USA}
}

@article{zhang2023emerging,
  title={Emerging drug interaction prediction enabled by a flow-based graph neural network with biomedical network},
  author={Zhang, Yongqi and Yao, Quanming and Yue, Ling and Wu, Xian and Zhang, Ziheng and Lin, Zhenxi and Zheng, Yefeng},
  journal={Nature Computational Science},
  volume={3},
  number={12},
  pages={1023--1033},
  year={2023},
  publisher={Nature Publishing Group US New York}
}

@article{zitnik2018modeling,
  title={Modeling polypharmacy side effects with graph convolutional networks},
  author={Zitnik, Marinka and Agrawal, Monica and Leskovec, Jure},
  journal={Bioinformatics},
  volume={34},
  number={13},
  pages={i457--i466},
  year={2018},
  publisher={Oxford University Press}
}

