@inproceedings{1997svm,
  title={Support vector regression machines},
  author={Drucker, Harris and Burges, Christopher J and Kaufman, Linda and Smola, Alex and Vapnik, Vladimir},
year={1996},
  booktitle={NIPS}
}

@inproceedings{Chai2018bike,
author = {Chai, Di and Wang, Leye and Yang, Qiang},
title = {Bike Flow Prediction with Multi-Graph Convolutional Networks},
year={2018},
booktitle = {SIGSPATIAL}
}

@ARTICLE{Guo2022LearningD,
  author={Guo, Shengnan and Lin, Youfang and Wan, Huaiyu and Li, Xiucheng and Cong, Gao},
  journal={IEEE Transactions on Knowledge and Data Engineering}, 
  title={Learning Dynamics and Heterogeneity of Spatial-Temporal Graph Data for Traffic Forecasting}, 
  year={2022},
  volume={34},
  number={11},
  pages={5415-5428},
  doi={10.1109/TKDE.2021.3056502}}

@inproceedings{Han2021DMSTGCN,
author = {Han, Liangzhe and Du, Bowen and Sun, Leilei and Fu, Yanjie and Lv, Yisheng and Xiong, Hui},
title = {Dynamic and Multi-Faceted Spatio-Temporal Deep Learning for Traffic Speed Forecasting},
year={2021},
booktitle = {SIGKDD}
}

@inproceedings{Li2015bike,
author = {Li, Yexin and Zheng, Yu and Zhang, Huichu and Chen, Lei},
title = {Traffic Prediction in a Bike-Sharing System},
year={2015},
booktitle = {SIGSPATIAL}
}

@article{Liu2019ACFMAD,
  title={ACFM: A Dynamic Spatial-Temporal Network for Traffic Prediction},
  author={Lingbo Liu and Jiajie Zhen and Guanbin Li and Geng Zhan and Liang Lin},
  journal={ArXiv},
  year={2019},
  volume={abs/1909.02902},
  url={https://api.semanticscholar.org/CorpusID:202540213}
}

@ARTICLE{Ouyang2022,
  author={Ouyang, Kun and Liang, Yuxuan and Liu, Ye and Tong, Zekun and Ruan, Sijie and Zheng, Yu and Rosenblum, David S.},
  journal={IEEE Transactions on Knowledge and Data Engineering}, 
  title={Fine-Grained Urban Flow Inference}, 
  year={2022},
  volume={34},
  number={6},
  pages={2755-2770},
  doi={10.1109/TKDE.2020.3017104}}

@ARTICLE{Pan2022meta,
  author={Pan, Zheyi and Zhang, Wentao and Liang, Yuxuan and Zhang, Weinan and Yu, Yong and Zhang, Junbo and Zheng, Yu},
  journal={IEEE Transactions on Knowledge and Data Engineering}, 
  title={Spatio-Temporal Meta Learning for Urban Traffic Prediction}, 
  year={2022},
  volume={34},
  number={3},
  pages={1462-1476},
  doi={10.1109/TKDE.2020.2995855}}

@inproceedings{STPGNN, title={Spatio-Temporal Pivotal Graph Neural Networks for Traffic Flow Forecasting}, booktitle={AAAI}, author={Kong, Weiyang and Guo, Ziyu and Liu, Yubao}, year={2024} }

@ARTICLE{Shen2022ttpnet,
  author={Shen, Yibin and Jin, Cheqing and Hua, Jiaxun and Huang, Dingjiang},
  journal={IEEE Transactions on Knowledge and Data Engineering}, 
  title={TTPNet: A Neural Network for Travel Time Prediction Based on Tensor Decomposition and Graph Embedding}, 
  year={2022},
  volume={34},
  number={9},
  pages={4514-4526},
  doi={10.1109/TKDE.2020.3038259}}

@ARTICLE{Sun2022multiview,
  author={Sun, Junkai and Zhang, Junbo and Li, Qiaofei and Yi, Xiuwen and Liang, Yuxuan and Zheng, Yu},
  journal={IEEE Transactions on Knowledge and Data Engineering}, 
  title={Predicting Citywide Crowd Flows in Irregular Regions Using Multi-View Graph Convolutional Networks}, 
  year={2022},
  volume={34},
  number={5},
  pages={2348-2359},
  doi={10.1109/TKDE.2020.3008774}}

@ARTICLE{Ted2022survey,
  author={Tedjopurnomo, David Alexander and Bao, Zhifeng and Zheng, Baihua and Choudhury, Farhana Murtaza and Qin, A. K.},
  journal={IEEE Transactions on Knowledge and Data Engineering}, 
  title={A Survey on Modern Deep Neural Network for Traffic Prediction: Trends, Methods and Challenges}, 
  year={2022},
  volume={34},
  number={4},
  pages={1544-1561},
  doi={10.1109/TKDE.2020.3001195}}

@inproceedings{Unist,
author = {Yuan, Yuan and Ding, Jingtao and Feng, Jie and Jin, Depeng and Li, Yong},
title = {UniST: A Prompt-Empowered Universal Model for Urban Spatio-Temporal Prediction},
year = {2024},
booktitle = {SIGKDD}

}

@inproceedings{Wu2020MTGNN,
author = {Wu, Zonghan and Pan, Shirui and Long, Guodong and Jiang, Jing and Chang, Xiaojun and Zhang, Chengqi},
title = {Connecting the Dots: Multivariate Time Series Forecasting with Graph Neural Networks},
year={2020},
booktitle = {SIGKDD}
}

@inproceedings{Zhang16DNN,
author = {Zhang, Junbo and Zheng, Yu and Qi, Dekang and Li, Ruiyuan and Yi, Xiuwen},
title = {DNN-Based Prediction Model for Spatio-Temporal Data},
year={2016},
booktitle = {SIGSPATIAL}
}

@inproceedings{Zhang2017Deep,
author = {Zhang, Junbo and Zheng, Yu and Qi, Dekang},
title = {Deep Spatio-Temporal Residual Networks for Citywide Crowd Flows Prediction},
year={2017},
booktitle = {AAAI}
}

@inproceedings{bai2020adaptive,
  title={Adaptive graph convolutional recurrent network for traffic forecasting},
  author={Bai, Lei and Yao, Lina and Li, Can and Wang, Xianzhi and Wang, Can},
  year={2017},
  booktitle={NIPS}
}

@inproceedings{bigst2024,
  title={BigST: Linear Complexity Spatio-Temporal Graph Neural Network for Traffic Forecasting on Large-Scale Road Networks},
  author={Han, Jindong and Zhang, Weijia and Liu, Hao and Tao, Tao and Tan, Naiqiang and Xiong, Hui},
  booktitle={VLDB},
  year={2024}
}

@ARTICLE{bistat,
  author={Chen, Changlu and Liu, Yanbin and Chen, Ling and Zhang, Chengqi},
  journal={IEEE Transactions on Neural Networks and Learning Systems}, 
  title={Bidirectional Spatial-Temporal Adaptive Transformer for Urban Traffic Flow Forecasting}, 
  year={2023},
  volume={34},
  number={10},
  pages={6913-6925},
  keywords={Forecasting;Transformers;Task analysis;Predictive models;Decoding;Roads;Computer architecture;Dynamic halting mechanism;spatial-temporal;transformer;urban traffic forecasting},
  doi={10.1109/TNNLS.2022.3183903}}

@inproceedings{bruna2013spectral,
  author    = {Joan Bruna and
               Wojciech Zaremba and
               Arthur Szlam and
               Yann LeCun},
  title     = {Spectral Networks and Locally Connected Networks on Graphs},
year={2014},
  booktitle = {ICLR}
}

@article{defferrard2016convolutional,
  title={Convolutional neural networks on graphs with fast localized spectral filtering},
  author={Defferrard, Micha{\"e}l and Bresson, Xavier and Vandergheynst, Pierre},
year={2016},
  journal={NIPS}
}

@inproceedings{guo2019attention,
  title={Attention based spatial-temporal graph convolutional networks for traffic flow forecasting},
  author={Guo, Shengnan and Lin, Youfang and Feng, Ning and Song, Chao and Wan, Huaiyu},
year={2019},
  booktitle={AAAI}
}

@article{hamilton2017,
  title={Inductive representation learning on large graphs},
  author={Hamilton, Will and Ying, Zhitao and Leskovec, Jure},
year={2017},
  journal={NIPS}
}

@INPROCEEDINGS{hu2021bus,
  author={Hu, Qi and Ming, Lingfeng and Xi, Ruijie and Chen, Lu and Jensen, Christian S. and Zheng, Bolong},
  booktitle={ICDE}, 
  year={2021},
  title={SOUP: A Fleet Management System for Passenger Demand Prediction and Competitive Taxi Supply}, 
  }

@inproceedings{huang2020lsgcn,
  title={LSGCN: long short-term traffic prediction with graph convolutional networks},
  author={Huang, Rongzhou and Huang, Chuyin and Liu, Yubao and Dai, Genan and Kong, Weiyang},
year={2020},
  booktitle={IJCAI}
}

@inproceedings{kdd2023ags,
author = {Duan, Wenying and He, Xiaoxi and Zhou, Zimu and Thiele, Lothar and Rao, Hong},
title = {Localised Adaptive Spatial-Temporal Graph Neural Network},
year = {2023},
booktitle = {SIGKDD}
}

@inproceedings{kipf2016semi,
  author    = {Thomas N. Kipf and
               Max Welling},
  title     = {Semi-Supervised Classification with Graph Convolutional Networks},
year={2017},
  booktitle = {ICLR}
}

@inproceedings{li2018dcrnn,
  author    = {Yaguang Li and
               Rose Yu and
               Cyrus Shahabi and
               Yan Liu},
  title     = {Diffusion Convolutional Recurrent Neural Network: Data-Driven Traffic
               Forecasting},
year={2018},
  booktitle = {ICLR}
}

@inproceedings{li2021stfgnn,
  title={Spatial-temporal fusion graph neural networks for traffic flow forecasting},
  author={Li, Mengzhang and Zhu, Zhanxing},
  year={2021},
  booktitle={AAAI}
}

@inproceedings{monti2017,
  title={Geometric Deep Learning on Graphs and Manifolds Using Mixture Model CNNs},
  author={Monti, Federico and Boscaini, Davide and Masci, Jonathan and Rodola, Emanuele and Svoboda, Jan and Bronstein, Michael M},
year={2017},
  booktitle={CVPR},
}

@article{pan2018,
  title={Learning graph embedding with adversarial training methods},
  author={Pan, Shirui and Hu, Ruiqi and Fung, Sai-fu and Long, Guodong and Jiang, Jing and Zhang, Chengqi},
  journal={IEEE transactions on cybernetics},
  volume={50},
  number={6},
  pages={2475--2487},
  year={2019},
  publisher={IEEE}
}

@inproceedings{pdformer,
author = {Jiang, Jiawei and Han, Chengkai and Zhao, Wayne Xin and Wang, Jingyuan},
title = {PDFormer: propagation delay-aware dynamic long-range transformer for traffic flow prediction},
year = {2023},
booktitle = {AAAI}
}

@inproceedings{shi2015nips,
author = {Shi, Xingjian and Chen, Zhourong and Wang, Hao and Yeung, DitYan and Wong, Waikin and Woo, Wangchun},
title = {Convolutional LSTM Network: A Machine Learning Approach for Precipitation Nowcasting},
year={2015},
booktitle = {NIPS}
}

@inproceedings{song2020stsgcn,
  title={Spatial-temporal synchronous graph convolutional networks: A new framework for spatial-temporal network data forecasting},
  author={Song, Chao and Lin, Youfang and Guo, Shengnan and Wan, Huaiyu},
year={2020},
  booktitle={AAAI}
}

@article{velickovic2017graph,
  title={GRAPH ATTENTION NETWORKS},
  author={Velickovic, Petar and Cucurull, Guillem and Casanova, Arantxa and Romero, Adriana and Lio, Pietro and Bengio, Yoshua},
  journal={stat},
  volume={1050},
  pages={4},
  year={2018}
}

@article{williams2003modeling,
  title={Modeling and forecasting vehicular traffic flow as a seasonal ARIMA process: Theoretical basis and empirical results},
  author={Williams, Billy M and Hoel, Lester A},
  journal={Journal of transportation engineering},
  volume={129},
  number={6},
  pages={664--672},
  year={2003},
  publisher={American Society of Civil Engineers}
}

@inproceedings{wu2019graph,
  title={Graph wavenet for deep spatial-temporal graph modeling},
  author={Wu, Zonghan and Pan, Shirui and Long, Guodong and Jiang, Jing and Zhang, Chengqi},
year={2019},
  booktitle={IJCAI}
}

@article{yao2018modeling,
  title={Modeling spatial-temporal dynamics for traffic prediction},
  author={Yao, Huaxiu and Tang, Xianfeng and Wei, Hua and Zheng, Guanjie and Yu, Yanwei and Li, Zhenhui},
year={2018},
  journal={arXiv preprint arXiv:1803.01254}
}

@inproceedings{ye2019kdd,
author = {Ye, Junchen and Sun, Leilei and Du, Bowen and Fu, Yanjie and Tong, Xinran and Xiong, Hui},
title = {Co-Prediction of Multiple Transportation Demands Based on Deep Spatio-Temporal Neural Network},
year={2019},
booktitle = {SIGKDD}
}

@inproceedings{yu2018spatio,
  title={Spatio-temporal graph convolutional networks: a deep learning framework for traffic forecasting},
  author={Yu, Bing and Yin, Haoteng and Zhu, Zhanxing},
year={2018},
  booktitle={IJCAI}
}

@inproceedings{zhao2019bus,
  title={Preference-aware task assignment in on-demand taxi dispatching: An online stable matching approach},
  author={Zhao, Boming and Xu, Pan and Shi, Yexuan and Tong, Yongxin and Zhou, Zimu and Zeng, Yuxiang},
  year={2019},
  booktitle={AAAI}
}

@inproceedings{zheng2021ode,
  title={Spatial-temporal graph ode networks for traffic flow forecasting},
  author={Fang, Zheng and Long, Qingqing and Song, Guojie and Xie, Kunqing},
  year={2021},
  booktitle={SIGKDD}
}

@inproceedings{zon2018ijcai,
author = {Zonoozi, Ali and Kim, Jung-Jae and Li, Xiaoli and Cong, Gao},
title = {Periodic-CRN: A Convolutional Recurrent Model for Crowd Density Prediction with Recurring Periodic Patterns},
year={2018},
booktitle = {IJCAI}
}

