% main paper

@inproceedings{scalablemcts,
    author = {Choudhury, Shushman and Gupta, Jayesh K. and Morales, Peter and Kochenderfer, Mykel J.},
    title = {Scalable Anytime Planning for Multi-Agent MDPs},
    year = {2021},
    publisher = {International Foundation for Autonomous Agents and Multiagent Systems},
    address = {Richland, SC},
    booktitle = {Proceedings of the 20th International Conference on Autonomous Agents and MultiAgent Systems},
    pages = {341–349},
    numpages = {9},
    location = {Virtual Event, United Kingdom},
    series = {AAMAS '21}
}


@inproceedings{maxsumfarinelli,
    booktitle = {Proceedings of the 7th International Conference on Autonomous Agents and Multi-Agent Systems},
    title = {Decentralised Coordination of Low-Power Embedded Devices Using the Max-Sum Algorithm},
    author = {Alessandro Farinelli and Alex Rogers and Adrian Petcu and Nick R. Jennings},
    year = {2008},
    pages = {639--646},
    series = {AAMAS '08},
    publisher = {International Foundation for Autonomous Agents and Multiagent Systems},
    address = {Estoril, Portugal}
}

@article{dcopsurvey,
    title={Distributed constraint optimization problems and applications: A survey},
    author={Fioretto, Ferdinando and Pontelli, Enrico and Yeoh, William},
    journal={Journal of Artificial Intelligence Research},
    volume={61},
    pages={623--698},
    year={2018}
}

@inproceedings{geronymakis2022,
    title={Collaborative Decision Making for Lane-Free Autonomous Driving in the Presence of Uncertainty},
    author={Geronymakis, Pavlos and Troullinos, Dimitrios and Chalkiadakis, Georgios and Papageorgiou, Markos},
    booktitle={European Conference on Multi-Agent Systems},
    pages={171--187},
    year={2022},
    series={EUMAS '22},
    publisher={Lecture Notes in Computer Science (LNAI,volume 13442)},
    address={Düsseldorf, Germany},
}

@book{kuo1995automatic,
    title={Automatic Control Systems},
    author={Golnaraghi, Farid and Kuo, Benjamin C},
    edition = {8th},
    year={2009},
    publisher={Wiley},
    address = {New York},
}

@article{hoang2022proactive,
    title={Proactive dynamic distributed constraint optimization problems},
    author={Hoang, Khoi D and Fioretto, Ferdinando and Hou, Ping and Yeoh, William and Yokoo, Makoto and Zivan, Roie},
    journal={Journal of Artificial Intelligence Research},
    volume={74},
    pages={179--225},
    year={2022}
}



@Techreport{huang2004jerksae,
    title={Fundamental study of jerk: evaluation of shift quality and ride comfort},
    author={Huang, Quanan and Wang, Huiyi},
    year={2004},
    institution={SAE Technical Paper}
}

@article{karafyllis_lyapunov,
    title = {Lyapunov-based two-dimensional cruise control of autonomous vehicles on lane-free roads},
    journal = {Automatica},
    volume = {145},
    pages = {110517},
    year = {2022},
    author = {Iasson Karafyllis and Dionysios Theodosis and Markos Papageorgiou},
}


@article{kesting2007mobil,
    title={General lane-changing model MOBIL for car-following models},
    author={Kesting, Arne and Treiber, Martin and Helbing, Dirk},
    journal={Transportation Research Record},
    volume={1999},
    number={1},
    pages={86--94},
    year={2007},
    publisher={SAGE Publications Sage CA: Los Angeles, CA}
}

@article{kesting2010enhanced,
    title={Enhanced intelligent driver model to access the impact of driving strategies on traffic capacity},
    author={Kesting, Arne and Treiber, Martin and Helbing, Dirk},
    journal={Philosophical Transactions of the Royal Society A: Mathematical, Physical and Engineering Sciences},
    volume={368},
    number={1928},
    pages={4585--4605},
    year={2010},
    publisher={The Royal Society Publishing}
}

@article{kok_vlassis,
    author  = {Jelle R. Kok and Nikos Vlassis},
    title   = {Collaborative Multiagent Reinforcement Learning by Payoff Propagation},
    journal = {Journal of Machine Learning Research},
    year    = {2006},
    volume  = {7},
    number  = {65},
    pages   = {1789--1828}
}


@article{kschischang2001factor,
    title={Factor graphs and the sum-product algorithm},
    author={Kschischang, Frank R. and Frey, Brendan J. and Loeliger, Hans-Andrea},
    journal={IEEE Transactions on Information Theory},
    volume={47},
    number={2},
    pages={498--519},
    year={2001},
}

@inproceedings{sumopaper,
    author={Lopez, Pablo Alvarez and Behrisch, Michael and Bieker-Walz, Laura and Erdmann, Jakob and Flötteröd, Yun-Pang and Hilbrich, Robert and Lücken, Leonhard and Rummel, Johannes and Wagner, Peter and Wiessner, Evamarie},
    booktitle={Proceedings of the 21st International Conference on Intelligent Transportation Systems}, 
    title={Microscopic Traffic Simulation using SUMO}, 
    year={2018},
    series={ITSC '18},
    address = {Maui, HI, USA},
    publisher = {IEEE},
    pages = {2575--2582}
}

@inproceedings{mgm_paper,
    title={Distributed Algorithms for DCOP: A Graphical-Game-Based Approach},
    author={Rajiv T. Maheswaran and Jonathan P. Pearce and Milind Tambe},
    booktitle={Proceedings of the International Conference on Parallel and Distributed Computing Systems},
    year={2004},
    pages={432--439},
    series = {PDCS '04},
    address = {San Francisco, California, USA},
    publisher = {International Society for Computers and Their Applications (ISCA)},
}

@inproceedings{loopy_belief_prop,
    author = {Murphy, Kevin P. and Weiss, Yair and Jordan, Michael I.},
    title = {Loopy belief propagation for approximate inference: an empirical study},
    year = {1999},
    
    publisher = {Morgan Kaufmann Publishers Inc.},
    address = {San Francisco, CA, USA},
    booktitle = {Proceedings of the Fifteenth Conference on Uncertainty in Artificial Intelligence},
    pages = {467–475},
    numpages = {9},
    location = {Stockholm, Sweden},
    series = {UAI '99}
}


@article{Nguyen_Yeoh_Lau_Zilberstein_Zhang_2014, 
    title={Decentralized Multi-Agent Reinforcement Learning in Average-Reward Dynamic DCOPs}, 
    volume={28},  
    number={1}, 
    journal={Proceedings of the AAAI Conference on Artificial Intelligence},
    author={Nguyen, Duc Thien and Yeoh, William and Lau, Hoong Chuin and Zilberstein, Shlomo and Zhang, Chongjie}, 
    year={2014},
    pages={1447-1455},
}


@article{lane_free_journal,
    author={Papageorgiou, Markos and Mountakis, Kyriakos-Simon and Karafyllis, Iasson and Papamichail, Ioannis and Wang, Yibing},
    journal={Proceedings of the IEEE}, 
    title={Lane-Free Artificial-Fluid Concept for Vehicular Traffic}, 
    year={2021},
    volume={109},
    number={2},
    pages={114--121},
}


@article{pertzovsky2024collision,
    title={Collision Avoiding Max-Sum for Mobile Sensor Teams},
    author={Pertzovsky, Arseniy and Zivan, Roie and Agmon, Noa},
    journal={Journal of Artificial Intelligence Research},
    volume={79},
    pages={1281--1311},
    year={2024}
}


@inproceedings{odpop_petcu_aaai,
    author = {Petcu, Adrian and Faltings, Boi},
    title = {ODPOP: an algorithm for open/distributed constraint optimization},
    year = {2006},
    publisher = {AAAI Press},
    booktitle = {Proceedings of the 21st National Conference on Artificial Intelligence - Volume 1},
    pages = {703–708},
    numpages = {6},
    address = {Boston, Massachusetts},
    series = {AAAI '06}
}

@INPROCEEDINGS{petcu2007_rsdpop,
    author={Petcu, Adrian and Faltings, Boi},
    booktitle={2007 IEEE/WIC/ACM International Conference on Intelligent Agent Technology}, 
    title={Optimal Solution Stability in Dynamic, Distributed Constraint Optimization}, 
    year={2007},
    pages={321-327},
    series={IAT '07},
    address={Fremont, CA, USA},
    publisher={IEEE}
}

@article{Ramchurn2010,
    author = {Ramchurn, Sarvapali D. and Farinelli, Alessandro and Macarthur, Kathryn S. and Jennings, Nicholas R.},
    title = "{Decentralized Coordination in RoboCup Rescue}",
    journal = {The Computer Journal},
    volume = {53},
    number = {9},
    pages = {1447-1461},
    year = {2010}    
}


@article{farinellibounded2011,
    title = {Bounded approximate decentralised coordination via the max-sum algorithm},
    journal = {Artificial Intelligence},
    volume = {175},
    number = {2},
    pages = {730-759},
    year = {2011},
    
    author = {Alex Rogers and Alessandro Farinelli and Ruben Stranders and Nick R. Jennings},
    
}



@inproceedings{stranders2009,
    author = {Stranders, Ruben and Farinelli, Alessandro and Rogers, Alex and Jennings, Nick R.},
    title = {Decentralised Coordination of Continuously Valued Control Parameters Using the Max-Sum Algorithm},
    year = {2009},
    
    booktitle = {Proceedings of The 8th International Conference on Autonomous Agents and Multiagent Systems - Volume 1},
    pages = {601–608},
    numpages = {8},
    address = {Budapest, Hungary},
    publisher = {International Foundation for Autonomous Agents and Multiagent Systems},
    series = {AAMAS '09}
}


@inproceedings{tsim_sumo2022,
    title={Extending SUMO for lane-free microscopic simulation of connected and automated vehicles},
    author={Troullinos, Dimitrios and Chalkiadakis, Georgios and Manolis, Diamantis and Papamichail, Ioannis and Papageorgiou, Markos},
    booktitle={SUMO Conference Proceedings},
    volume={3},
    pages={95--103},
    year={2022},
    address={Online},
    publisher={TIB},
}


@inproceedings{troullinos_ijcai,
    title     = {Max-Sum with Quadtrees for Decentralized Coordination in Continuous Domains},
    author    = {Troullinos, Dimitrios and Chalkiadakis, Georgios and Samoladas, Vasilis and Papageorgiou, Markos},
    booktitle = {Proceedings of the Thirty-First International Joint Conference on
               Artificial Intelligence},
    publisher = {International Joint Conferences on Artificial Intelligence Organization},    
    pages     = {518--526},
    year      = {2022},
    series = {IJCAI '22},
    address = {Wien, Austria}
}


@ARTICLE{yanumula2023optimalcontrol,
    author={Yanumula, Venkata Karteek and Typaldos, Panagiotis and Troullinos, Dimitrios and Malekzadeh, Milad and Papamichail, Ioannis and Papageorgiou, Markos},
    journal={IEEE Transactions on Intelligent Vehicles}, 
    title={Optimal trajectory planning for connected and automated vehicles in lane-free traffic with vehicle nudging}, 
    year={2023},
    volume={8},
    number={3},
    pages={2385-2399}
}


@article{yedidson2018,
    title = {Applying max-sum to teams of mobile sensing agents},
    journal = {Engineering Applications of Artificial Intelligence},
    volume = {71},
    pages = {87--99},
    year = {2018},
    author = {Harel Yedidsion and Roie Zivan and Alessandro Farinelli},
}

@article{YI2022127606,
    title = {A bidirectional car-following model considering distance balance between adjacent vehicles},
    journal = {Physica A: Statistical Mechanics and its Applications},
    volume = {603},
    pages = {127606},
    year = {2022},
    author = {Ziwei Yi and Wenqi Lu and Xu Qu and Jing Gan and Linheng Li and Bin Ran}
}

@article{dsa_paper,
    title = {Distributed stochastic search and distributed breakout: properties, comparison and applications to constraint optimization problems in sensor networks},
    author = {Weixiong Zhang and Guandong Wang and Zhao Xing and Lars Wittenburg},
    journal = {Artificial Intelligence},
    volume = {161},
    number = {1},
    pages = {55-87},
    year = {2005},
    
}

@article{zivan2023asynch,
    title={Effect of asynchronous execution and imperfect communication on max-sum belief propagation},
    author={Zivan, Roie and Rachmut, Ben and Perry, Omer and Yeoh, William},
    journal={Autonomous Agents and Multi-Agent Systems},
    volume={37},
    number={2},
    pages={40},
    year={2023},
    publisher={Springer}
}



