@article{Nguyen_Yeoh_Lau_Zilberstein_Zhang_2014, 
    title={Decentralized Multi-Agent Reinforcement Learning in Average-Reward Dynamic DCOPs}, 
    volume={28},  
    number={1}, 
    journal={Proceedings of the AAAI Conference on Artificial Intelligence},
    author={Nguyen, Duc Thien and Yeoh, William and Lau, Hoong Chuin and Zilberstein, Shlomo and Zhang, Chongjie}, 
    year={2014},
    pages={1447-1455},
}

@article{Ramchurn2010,
    author = {Ramchurn, Sarvapali D. and Farinelli, Alessandro and Macarthur, Kathryn S. and Jennings, Nicholas R.},
    title = "{Decentralized Coordination in RoboCup Rescue}",
    journal = {The Computer Journal},
    volume = {53},
    number = {9},
    pages = {1447-1461},
    year = {2010}    
}

@article{dcopsurvey,
    title={Distributed constraint optimization problems and applications: A survey},
    author={Fioretto, Ferdinando and Pontelli, Enrico and Yeoh, William},
    journal={Journal of Artificial Intelligence Research},
    volume={61},
    pages={623--698},
    year={2018}
}

@article{kok_vlassis,
    author  = {Jelle R. Kok and Nikos Vlassis},
    title   = {Collaborative Multiagent Reinforcement Learning by Payoff Propagation},
    journal = {Journal of Machine Learning Research},
    year    = {2006},
    volume  = {7},
    number  = {65},
    pages   = {1789--1828}
}

@article{kschischang2001factor,
    title={Factor graphs and the sum-product algorithm},
    author={Kschischang, Frank R. and Frey, Brendan J. and Loeliger, Hans-Andrea},
    journal={IEEE Transactions on Information Theory},
    volume={47},
    number={2},
    pages={498--519},
    year={2001},
}

@inproceedings{loopy_belief_prop,
    author = {Murphy, Kevin P. and Weiss, Yair and Jordan, Michael I.},
    title = {Loopy belief propagation for approximate inference: an empirical study},
    year = {1999},
    
    publisher = {Morgan Kaufmann Publishers Inc.},
    address = {San Francisco, CA, USA},
    booktitle = {Proceedings of the Fifteenth Conference on Uncertainty in Artificial Intelligence},
    pages = {467–475},
    numpages = {9},
    location = {Stockholm, Sweden},
    series = {UAI '99}
}

@inproceedings{maxsumfarinelli,
    booktitle = {Proceedings of the 7th International Conference on Autonomous Agents and Multi-Agent Systems},
    title = {Decentralised Coordination of Low-Power Embedded Devices Using the Max-Sum Algorithm},
    author = {Alessandro Farinelli and Alex Rogers and Adrian Petcu and Nick R. Jennings},
    year = {2008},
    pages = {639--646},
    series = {AAMAS '08},
    publisher = {International Foundation for Autonomous Agents and Multiagent Systems},
    address = {Estoril, Portugal}
}

@article{pertzovsky2024collision,
    title={Collision Avoiding Max-Sum for Mobile Sensor Teams},
    author={Pertzovsky, Arseniy and Zivan, Roie and Agmon, Noa},
    journal={Journal of Artificial Intelligence Research},
    volume={79},
    pages={1281--1311},
    year={2024}
}

@inproceedings{scalablemcts,
    author = {Choudhury, Shushman and Gupta, Jayesh K. and Morales, Peter and Kochenderfer, Mykel J.},
    title = {Scalable Anytime Planning for Multi-Agent MDPs},
    year = {2021},
    publisher = {International Foundation for Autonomous Agents and Multiagent Systems},
    address = {Richland, SC},
    booktitle = {Proceedings of the 20th International Conference on Autonomous Agents and MultiAgent Systems},
    pages = {341–349},
    numpages = {9},
    location = {Virtual Event, United Kingdom},
    series = {AAMAS '21}
}

@inproceedings{stranders2009,
    author = {Stranders, Ruben and Farinelli, Alessandro and Rogers, Alex and Jennings, Nick R.},
    title = {Decentralised Coordination of Continuously Valued Control Parameters Using the Max-Sum Algorithm},
    year = {2009},
    
    booktitle = {Proceedings of The 8th International Conference on Autonomous Agents and Multiagent Systems - Volume 1},
    pages = {601–608},
    numpages = {8},
    address = {Budapest, Hungary},
    publisher = {International Foundation for Autonomous Agents and Multiagent Systems},
    series = {AAMAS '09}
}

@inproceedings{troullinos_ijcai,
    title     = {Max-Sum with Quadtrees for Decentralized Coordination in Continuous Domains},
    author    = {Troullinos, Dimitrios and Chalkiadakis, Georgios and Samoladas, Vasilis and Papageorgiou, Markos},
    booktitle = {Proceedings of the Thirty-First International Joint Conference on
               Artificial Intelligence},
    publisher = {International Joint Conferences on Artificial Intelligence Organization},    
    pages     = {518--526},
    year      = {2022},
    series = {IJCAI '22},
    address = {Wien, Austria}
}

@article{yedidson2018,
    title = {Applying max-sum to teams of mobile sensing agents},
    journal = {Engineering Applications of Artificial Intelligence},
    volume = {71},
    pages = {87--99},
    year = {2018},
    author = {Harel Yedidsion and Roie Zivan and Alessandro Farinelli},
}

