@article{Burns2023WhatMP,
  title={What Makes Pre-Trained Visual Representations Successful for Robust Manipulation?},
  author={Kaylee Burns and Zach Witzel and Jubayer Ibn Hamid and Tianhe Yu and Chelsea Finn and Karol Hausman},
  journal={ArXiv},
  year={2023},
  volume={abs/2312.12444},
  url={https://api.semanticscholar.org/CorpusID:266369884}
}

@article{CURL,
  title={CURL: Contrastive Unsupervised Representations for Reinforcement Learning},
  author={A. Srinivas and Michael Laskin and P. Abbeel},
  journal={ArXiv},
  year={2020},
  volume={abs/2004.04136},
  url={https://api.semanticscholar.org/CorpusID:215415964}
}

@article{Chen2021AnES,
  title={An Empirical Study of Training Self-Supervised Vision Transformers},
  author={Xinlei Chen and Saining Xie and Kaiming He},
  journal={2021 IEEE/CVF International Conference on Computer Vision (ICCV)},
  year={2021},
  pages={9620-9629},
  url={https://api.semanticscholar.org/CorpusID:233024948}
}

@article{Delfosse2022BoostingOR,
  title={Boosting Object Representation Learning via Motion and Object Continuity},
  author={Quentin Delfosse and Wolfgang Stammer and Thomas Rothenbacher and Dwarak Vittal and Kristian Kersting},
  journal={ArXiv},
  year={2022},
  volume={abs/2211.09771},
  url={https://api.semanticscholar.org/CorpusID:253581540}
}

@article{Delfosse2024InterpretableCB,
  title={Interpretable Concept Bottlenecks to Align Reinforcement Learning Agents},
  author={Quentin Delfosse and Sebastian Sztwiertnia and Wolfgang Stammer and Mark Rothermel and Kristian Kersting},
  journal={ArXiv},
  year={2024},
  volume={abs/2401.05821},
  url={https://api.semanticscholar.org/CorpusID:266933098}
}

@article{Du2021CuriousRL,
  title={Curious Representation Learning for Embodied Intelligence},
  author={Yilun Du and Chuang Gan and Phillip Isola},
  journal={2021 IEEE/CVF International Conference on Computer Vision (ICCV)},
  year={2021},
  pages={10388-10397},
  url={https://api.semanticscholar.org/CorpusID:233481519}
}

@inproceedings{Hansen2021StabilizingDQ,
  title={Stabilizing Deep Q-Learning with ConvNets and Vision Transformers under Data Augmentation},
  author={Nicklas Hansen and Hao Su and Xiaolong Wang},
  booktitle={Neural Information Processing Systems},
  year={2021},
  url={https://api.semanticscholar.org/CorpusID:235694513}
}

@inproceedings{Hu2023ForPV,
  title={For Pre-Trained Vision Models in Motor Control, Not All Policy Learning Methods are Created Equal},
  author={Yingdong Hu and Renhao Wang and Li Li and Yang Gao},
  booktitle={International Conference on Machine Learning},
  year={2023},
  url={https://api.semanticscholar.org/CorpusID:258048578}
}

@article{Kostrikov2020ImageAI,
  title={Image Augmentation Is All You Need: Regularizing Deep Reinforcement Learning from Pixels},
  author={Ilya Kostrikov and Denis Yarats and Rob Fergus},
  journal={ArXiv},
  year={2020},
  volume={abs/2004.13649},
  url={https://api.semanticscholar.org/CorpusID:216562627}
}

@article{Laskin2020ReinforcementLW,
  title={Reinforcement Learning with Augmented Data},
  author={Michael Laskin and Kimin Lee and Adam Stooke and Lerrel Pinto and P. Abbeel and A. Srinivas},
  journal={ArXiv},
  year={2020},
  volume={abs/2004.14990},
  url={https://api.semanticscholar.org/CorpusID:216868834}
}

@article{Lin2020LearningTS,
  title={Learning to See before Learning to Act: Visual Pre-training for Manipulation},
  author={Yen-Chen Lin and Andy Zeng and Shuran Song and Phillip Isola and Tsung-Yi Lin},
  journal={2020 IEEE International Conference on Robotics and Automation (ICRA)},
  year={2020},
  pages={7286-7293},
  url={https://api.semanticscholar.org/CorpusID:214129334}
}

@article{Lin2020SPACEUO,
  title={SPACE: Unsupervised Object-Oriented Scene Representation via Spatial Attention and Decomposition},
  author={Zhixuan Lin and Yi-Fu Wu and Skand Peri and Weihao Sun and Gautam Singh and Fei Deng and Jindong Jiang and Sungjin Ahn},
  journal={ArXiv},
  year={2020},
  volume={abs/2001.02407},
  url={https://api.semanticscholar.org/CorpusID:210064473}
}

@inproceedings{Liu2023RobustRL,
  title={Robust Representation Learning by Clustering with Bisimulation Metrics for Visual Reinforcement Learning with Distractions},
  author={Qiyuan Liu and Qi Zhou and Rui Yang and Jie Wang},
  booktitle={AAAI Conference on Artificial Intelligence},
  year={2023},
  url={https://api.semanticscholar.org/CorpusID:257102856}
}

@article{Ma2022VIPTU,
  title={VIP: Towards Universal Visual Reward and Representation via Value-Implicit Pre-Training},
  author={Yecheng Jason Ma and Shagun Sodhani and Dinesh Jayaraman and Osbert Bastani and Vikash Kumar and Amy Zhang},
  journal={ArXiv},
  year={2022},
  volume={abs/2210.00030},
  url={https://api.semanticscholar.org/CorpusID:252683397}
}

@INPROCEEDINGS{MoCo,
  author={He, Kaiming and Fan, Haoqi and Wu, Yuxin and Xie, Saining and Girshick, Ross},
  booktitle={2020 IEEE/CVF Conference on Computer Vision and Pattern Recognition (CVPR)}, 
  title={Momentum Contrast for Unsupervised Visual Representation Learning}, 
  year={2020},
  volume={},
  number={},
  pages={9726-9735},
  keywords={Dictionaries;Task analysis;Loss measurement;Unsupervised learning;Buildings;Visualization;Training},
  doi={10.1109/CVPR42600.2020.00975}}

@article{Oord2018RepresentationLW,
  title={Representation Learning with Contrastive Predictive Coding},
  author={A{\"a}ron van den Oord and Yazhe Li and Oriol Vinyals},
  journal={ArXiv},
  year={2018},
  volume={abs/1807.03748},
  url={https://api.semanticscholar.org/CorpusID:49670925}
}

@article{Poudel2023ReCoReRC,
  title={ReCoRe: Regularized Contrastive Representation Learning of World Model},
  author={Rudra P. K. Poudel and Harit Pandya and Stephan Liwicki and Roberto Cipolla},
  journal={ArXiv},
  year={2023},
  volume={abs/2312.09056},
  url={https://api.semanticscholar.org/CorpusID:266209933}
}

@article{RRL,
  title={RRL: Resnet as representation for Reinforcement Learning},
  author={Rutav Shah and Vikash Kumar},
  journal={ArXiv},
  year={2021},
  volume={abs/2107.03380},
  url={https://api.semanticscholar.org/CorpusID:235755271}
}

@inproceedings{Raileanu2021AutomaticDA,
  title={Automatic Data Augmentation for Generalization in Reinforcement Learning},
  author={Roberta Raileanu and Maxwell Goldstein and Denis Yarats and Ilya Kostrikov and Rob Fergus},
  booktitle={Neural Information Processing Systems},
  year={2021},
  url={https://api.semanticscholar.org/CorpusID:221094237}
}

@inproceedings{Schwarzer2021PretrainingRF,
  title={Pretraining Representations for Data-Efficient Reinforcement Learning},
  author={Max Schwarzer and Nitarshan Rajkumar and Michael Noukhovitch and Ankesh Anand and Laurent Charlin and Devon Hjelm and Philip Bachman and Aaron C. Courville},
  booktitle={Neural Information Processing Systems},
  year={2021},
  url={https://api.semanticscholar.org/CorpusID:235377401}
}

@article{SimCLR,
  title={A Simple Framework for Contrastive Learning of Visual Representations},
  author={Ting Chen and Simon Kornblith and Mohammad Norouzi and Geoffrey E. Hinton},
  journal={ArXiv},
  year={2020},
  volume={abs/2002.05709},
  url={https://api.semanticscholar.org/CorpusID:211096730}
}

@article{Stooke2020DecouplingRL,
  title={Decoupling Representation Learning from Reinforcement Learning},
  author={Adam Stooke and Kimin Lee and P. Abbeel and Michael Laskin},
  journal={ArXiv},
  year={2020},
  volume={abs/2009.08319},
  url={https://api.semanticscholar.org/CorpusID:221761383}
}

@article{Xiao2022MaskedVP,
  title={Masked Visual Pre-training for Motor Control},
  author={Tete Xiao and Ilija Radosavovic and Trevor Darrell and Jitendra Malik},
  journal={ArXiv},
  year={2022},
  volume={abs/2203.06173},
  url={https://api.semanticscholar.org/CorpusID:247411071}
}

@article{Yarats2021MasteringVC,
  title={Mastering Visual Continuous Control: Improved Data-Augmented Reinforcement Learning},
  author={Denis Yarats and Rob Fergus and Alessandro Lazaric and Lerrel Pinto},
  journal={ArXiv},
  year={2021},
  volume={abs/2107.09645},
  url={https://api.semanticscholar.org/CorpusID:236134152}
}

@inproceedings{Yarats2021ReinforcementLW,
  title={Reinforcement Learning with Prototypical Representations},
  author={Denis Yarats and Rob Fergus and Alessandro Lazaric and Lerrel Pinto},
  booktitle={International Conference on Machine Learning},
  year={2021},
  url={https://api.semanticscholar.org/CorpusID:232014612}
}

@article{Yu2022MaskbasedLR,
  title={Mask-based Latent Reconstruction for Reinforcement Learning},
  author={Tao Yu and Zhizheng Zhang and Cuiling Lan and Zhibo Chen and Yan Lu},
  journal={ArXiv},
  year={2022},
  volume={abs/2201.12096},
  url={https://api.semanticscholar.org/CorpusID:246411446}
}

@article{Yuan2022PreTrainedIE,
  title={Pre-Trained Image Encoder for Generalizable Visual Reinforcement Learning},
  author={Zhecheng Yuan and Zhengrong Xue and Bo Yuan and Xueqian Wang and Yi Wu and Yang Gao and Huazhe Xu},
  journal={ArXiv},
  year={2022},
  volume={abs/2212.08860},
  url={https://api.semanticscholar.org/CorpusID:254853671}
}

@article{Zhan2020LearningVR,
  title={Learning Visual Robotic Control Efficiently with Contrastive Pre-training and Data Augmentation},
  author={Albert Zhan and Philip Zhao and Lerrel Pinto and P. Abbeel and Michael Laskin},
  journal={2022 IEEE/RSJ International Conference on Intelligent Robots and Systems (IROS)},
  year={2020},
  pages={4040-4047},
  url={https://api.semanticscholar.org/CorpusID:252367625}
}

@article{Zhang2023AdaptiveDA,
  title={Adaptive Data Augmentation for Contrastive Learning},
  author={Yu-Hui Zhang and He Zhu and Shan Yu},
  journal={ICASSP 2023 - 2023 IEEE International Conference on Acoustics, Speech and Signal Processing (ICASSP)},
  year={2023},
  pages={1-5},
  url={https://api.semanticscholar.org/CorpusID:257952506}
}

@article{Zhao2024AnEG,
  title={An Efficient Generalizable Framework for Visuomotor Policies via Control-aware Augmentation and Privilege-guided Distillation},
  author={Yinuo Zhao and Kun Wu and Tianjiao Yi and Zhiyuan Xu and Xiaozhu Ju and Zhengping Che and Qinru Qiu and Chi Harold Liu and Jian Tang},
  journal={ArXiv},
  year={2024},
  volume={abs/2401.09258},
  url={https://api.semanticscholar.org/CorpusID:267027774}
}

@article{mocov2,
  title={Improved baselines with momentum contrastive learning},
  author={Chen, Xinlei and Fan, Haoqi and Girshick, Ross and He, Kaiming},
  journal={arXiv preprint arXiv:2003.04297},
  year={2020}
}

@article{res7,
  title={A critical analysis of self-supervision, or what we can learn from a single image},
  author={Asano, Yuki M and Rupprecht, Christian and Vedaldi, Andrea},
  journal={arXiv preprint arXiv:1904.13132},
  year={2019}
}

@article{res8,
  title={Unsupervised representation learning by predicting image rotations},
  author={Gidaris, Spyros and Singh, Praveer and Komodakis, Nikos},
  journal={arXiv preprint arXiv:1803.07728},
  year={2018}
}

@inproceedings{res9,
  title={Data-efficient image recognition with contrastive predictive coding},
  author={Henaff, Olivier},
  booktitle={International conference on machine learning},
  pages={4182--4192},
  year={2020},
  organization={PMLR}
}

