% Use this file for citations not found in the ACL Anthology (contained in "anthology.bib").


@article{ma2024unifying,
  title={Unifying multimodal retrieval via document screenshot embedding},
  author={Ma, Xueguang and Lin, Sheng-Chieh and Li, Minghan and Chen, Wenhu and Lin, Jimmy},
  journal={arXiv preprint arXiv:2406.11251},
  year={2024}
}
@article{ma2024mmlongbench,
  title={Mmlongbench-doc: Benchmarking long-context document understanding with visualizations},
  author={Ma, Yubo and Zang, Yuhang and Chen, Liangyu and Chen, Meiqi and Jiao, Yizhu and Li, Xinze and Lu, Xinyuan and Liu, Ziyu and Ma, Yan and Dong, Xiaoyi and others},
  journal={arXiv preprint arXiv:2407.01523},
  year={2024}
}


@article{ding2024mvqa,
  title={MVQA: A Dataset for Multimodal Information Retrieval in PDF-based Visual Question Answering},
  author={Ding, Yihao and Ren, Kaixuan and Huang, Jiabin and Luo, Siwen and Han, Soyeon Caren},
  journal={arXiv preprint arXiv:2404.12720},
  year={2024}
}

@inproceedings{mathew2021docvqa,
  title={Docvqa: A dataset for vqa on document images},
  author={Mathew, Minesh and Karatzas, Dimosthenis and Jawahar, CV},
  booktitle={Proceedings of the IEEE/CVF winter conference on applications of computer vision},
  pages={2200--2209},
  year={2021}
}

@article{faysse2024colpali,
  title={Colpali: Efficient document retrieval with vision language models},
  author={Faysse, Manuel and Sibille, Hugues and Wu, Tony and Omrani, Bilel and Viaud, Gautier and Hudelot, C{\'e}line and Colombo, Pierre},
  journal={arXiv preprint arXiv:2407.01449},
  year={2024}
}

@inproceedings{tanaka2023slidevqa,
  title={Slidevqa: A dataset for document visual question answering on multiple images},
  author={Tanaka, Ryota and Nishida, Kyosuke and Nishida, Kosuke and Hasegawa, Taku and Saito, Itsumi and Saito, Kuniko},
  booktitle={Proceedings of the AAAI Conference on Artificial Intelligence},
  volume={37},
  pages={13636--13645},
  year={2023}
}


@article{islam2023financebench,
  title={Financebench: A new benchmark for financial question answering},
  author={Islam, Pranab and Kannappan, Anand and Kiela, Douwe and Qian, Rebecca and Scherrer, Nino and Vidgen, Bertie},
  journal={arXiv preprint arXiv:2311.11944},
  year={2023}
}

@article{masry2022chartqa,
  title={Chartqa: A benchmark for question answering about charts with visual and logical reasoning},
  author={Masry, Ahmed and Long, Do Xuan and Tan, Jia Qing and Joty, Shafiq and Hoque, Enamul},
  journal={arXiv preprint arXiv:2203.10244},
  year={2022}
}

@inproceedings{zhu2022towards,
  title={Towards complex document understanding by discrete reasoning},
  author={Zhu, Fengbin and Lei, Wenqiang and Feng, Fuli and Wang, Chao and Zhang, Haozhou and Chua, Tat-Seng},
  booktitle={Proceedings of the 30th ACM International Conference on Multimedia},
  pages={4857--4866},
  year={2022}
}

@article{yu2024visrag,
  title={Visrag: Vision-based retrieval-augmented generation on multi-modality documents},
  author={Yu, Shi and Tang, Chaoyue and Xu, Bokai and Cui, Junbo and Ran, Junhao and Yan, Yukun and Liu, Zhenghao and Wang, Shuo and Han, Xu and Liu, Zhiyuan and others},
  journal={arXiv preprint arXiv:2410.10594},
  year={2024}
}
@inproceedings{robertson1994okapi,
  title={Okapi at 3},
  author={Robertson, S and Walker, Steve and Jones, Susan and GATFORD, MHB},
  booktitle={Proceedings of the 3rd Text REtrieval Conference (-3)},
  pages={109--126},
  year={1994}
}
@article{sparck1972statistical,
  title={A statistical interpretation of term specificity and its application in retrieval},
  author={Sparck Jones, Karen},
  journal={Journal of documentation},
  volume={28},
  number={1},
  pages={11--21},
  year={1972},
  publisher={MCB UP Ltd}
}

@article{agrawal2024pixtral,
  title={Pixtral 12B},
  author={Agrawal, Pravesh and Antoniak, Szymon and Hanna, Emma Bou and Bout, Baptiste and Chaplot, Devendra and Chudnovsky, Jessica and Costa, Diogo and De Monicault, Baudouin and Garg, Saurabh and Gervet, Theophile and others},
  journal={arXiv preprint arXiv:2410.07073},
  year={2024}
}

@article{jiang2024mixtral,
  title={Mixtral of experts},
  author={Jiang, Albert Q and Sablayrolles, Alexandre and Roux, Antoine and Mensch, Arthur and Savary, Blanche and Bamford, Chris and Chaplot, Devendra Singh and Casas, Diego de las and Hanna, Emma Bou and Bressand, Florian and others},
  journal={arXiv preprint arXiv:2401.04088},
  year={2024}
}


@article{zheng2020global,
  title={Global Table Extractor (GTE): A Framework for Joint Table Identification and Cell Structure Recognition Using Visual Context},
  author={Zheng, Xinyi and Burdick, Doug and Popa, Lucian and Zhong, Peter and Wang, Nancy Xin Ru},
  journal={Winter Conference for Applications in Computer Vision (WACV)},
  year={2021}
}
@inproceedings{formal2021splade,
  title={SPLADE: Sparse lexical and expansion model for first stage ranking},
  author={Formal, Thibault and Piwowarski, Benjamin and Clinchant, St{\'e}phane},
  booktitle={Proceedings of the 44th International ACM SIGIR Conference on Research and Development in Information Retrieval},
  pages={2288--2292},
  year={2021}
}
@article{devlin2018bert,
  title={Bert: Pre-training of deep bidirectional transformers for language understanding},
  author={Devlin, Jacob},
  journal={arXiv preprint arXiv:1810.04805},
  year={2018}
}
@article{raffel2020exploring,
  title={Exploring the limits of transfer learning with a unified text-to-text transformer},
  author={Raffel, Colin and Shazeer, Noam and Roberts, Adam and Lee, Katherine and Narang, Sharan and Matena, Michael and Zhou, Yanqi and Li, Wei and Liu, Peter J},
  journal={Journal of machine learning research},
  volume={21},
  number={140},
  pages={1--67},
  year={2020}
}
@article{karpukhin2020dense,
  title={Dense passage retrieval for open-domain question answering},
  author={Karpukhin, Vladimir and O{\u{g}}uz, Barlas and Min, Sewon and Lewis, Patrick and Wu, Ledell and Edunov, Sergey and Chen, Danqi and Yih, Wen-tau},
  journal={arXiv preprint arXiv:2004.04906},
  year={2020}
}
@inproceedings{khattab2020colbert,
  title={Colbert: Efficient and effective passage search via contextualized late interaction over bert},
  author={Khattab, Omar and Zaharia, Matei},
  booktitle={Proceedings of the 43rd International ACM SIGIR conference on research and development in Information Retrieval},
  pages={39--48},
  year={2020}
}
@article{xiong2020approximate,
  title={Approximate nearest neighbor negative contrastive learning for dense text retrieval},
  author={Xiong, Lee and Xiong, Chenyan and Li, Ye and Tang, Kwok-Fung and Liu, Jialin and Bennett, Paul and Ahmed, Junaid and Overwijk, Arnold},
  journal={arXiv preprint arXiv:2007.00808},
  year={2020}
}


@inproceedings{radford2021learning,
  title={Learning transferable visual models from natural language supervision},
  author={Radford, Alec and Kim, Jong Wook and Hallacy, Chris and Ramesh, Aditya and Goh, Gabriel and Agarwal, Sandhini and Sastry, Girish and Askell, Amanda and Mishkin, Pamela and Clark, Jack and others},
  booktitle={International conference on machine learning},
  pages={8748--8763},
  year={2021},
  organization={PMLR}
}

@inproceedings{zhai2023sigmoid,
  title={Sigmoid loss for language image pre-training},
  author={Zhai, Xiaohua and Mustafa, Basil and Kolesnikov, Alexander and Beyer, Lucas},
  booktitle={Proceedings of the IEEE/CVF International Conference on Computer Vision},
  pages={11975--11986},
  year={2023}
}


@inproceedings{penha2022evaluating,
  title={Evaluating the robustness of retrieval pipelines with query variation generators},
  author={Penha, Gustavo and C{\^a}mara, Arthur and Hauff, Claudia},
  booktitle={European conference on information retrieval},
  pages={397--412},
  year={2022},
  organization={Springer}
}

@inproceedings{bailey2016uqv100,
  title={UQV100: A test collection with query variability},
  author={Bailey, Peter and Moffat, Alistair and Scholer, Falk and Thomas, Paul},
  booktitle={Proceedings of the 39th International ACM SIGIR conference on Research and Development in Information Retrieval},
  pages={725--728},
  year={2016}
}

@inproceedings{hagen2024revisiting,
  title={Revisiting Query Variation Robustness of Transformer Models},
  author={Hagen, Tim and Scells, Harrisen and Potthast, Martin},
  booktitle={Findings of the Association for Computational Linguistics: EMNLP 2024},
  pages={4283--4296},
  year={2024}
}


@inproceedings{bailey2017retrieval,
  title={Retrieval consistency in the presence of query variations},
  author={Bailey, Peter and Moffat, Alistair and Scholer, Falk and Thomas, Paul},
  booktitle={Proceedings of the 40th international ACM SIGIR conference on research and development in information retrieval},
  pages={395--404},
  year={2017}
}

@inproceedings{zuccon2016query,
  title={Query variations and their effect on comparing information retrieval systems},
  author={Zuccon, Guido and Palotti, Joao and Hanbury, Allan},
  booktitle={Proceedings of the 25th ACM international on conference on information and knowledge management},
  pages={691--700},
  year={2016}
}
@inproceedings{benham2018towards,
  title={Towards Efficient and Effective Query Variant Generation.},
  author={Benham, Rodger and Culpepper, J Shane and Gallagher, Luke and Lu, Xiaolu and Mackenzie, Joel M},
  booktitle={DESIRES},
  pages={62--67},
  year={2018}
}

@inproceedings{lu2019relevance,
  title={Relevance modeling with multiple query variations},
  author={Lu, Xiaolu and Kurland, Oren and Culpepper, J Shane and Craswell, Nick and Rom, Ofri},
  booktitle={Proceedings of the 2019 ACM SIGIR International Conference on Theory of Information Retrieval},
  pages={27--34},
  year={2019}
}

@inproceedings{sidiropoulos2022analysing,
  title={Analysing the robustness of dual encoders for dense retrieval against misspellings},
  author={Sidiropoulos, Georgios and Kanoulas, Evangelos},
  booktitle={Proceedings of the 45th International ACM SIGIR Conference on Research and Development in Information Retrieval},
  pages={2132--2136},
  year={2022}
}

@article{chen2024bge,
  title={Bge m3-embedding: Multi-lingual, multi-functionality, multi-granularity text embeddings through self-knowledge distillation},
  author={Chen, Jianlv and Xiao, Shitao and Zhang, Peitian and Luo, Kun and Lian, Defu and Liu, Zheng},
  journal={arXiv preprint arXiv:2402.03216},
  year={2024}
}

@article{lewis2020retrieval,
  title={Retrieval-augmented generation for knowledge-intensive nlp tasks},
  author={Lewis, Patrick and Perez, Ethan and Piktus, Aleksandra and Petroni, Fabio and Karpukhin, Vladimir and Goyal, Naman and K{\"u}ttler, Heinrich and Lewis, Mike and Yih, Wen-tau and Rockt{\"a}schel, Tim and others},
  journal={Advances in Neural Information Processing Systems},
  volume={33},
  pages={9459--9474},
  year={2020}
}

@inproceedings{zhu2024enhancing,
  title={Enhancing Interactive Image Retrieval With Query Rewriting Using Large Language Models and Vision Language Models},
  author={Zhu, Hongyi and Huang, Jia-Hong and Rudinac, Stevan and Kanoulas, Evangelos},
  booktitle={Proceedings of the 2024 International Conference on Multimedia Retrieval},
  pages={978--987},
  year={2024}
}

@inproceedings{smeaton1998user,
  title={User-chosen phrases in interactive query formulation for information retrieval},
  author={Smeaton, Alan F and Kelledy, Fergus},
  booktitle={20th Annual BCS-IRSG Colloquium on IR},
  year={1998},
  organization={BCS Learning \& Development}
}


@article{ramos2023retrieval,
  title={Retrieval-augmented image captioning},
  author={Ramos, Rita and Elliott, Desmond and Martins, Bruno},
  journal={arXiv preprint arXiv:2302.08268},
  year={2023}
}

@article{Qwen2VL,
  title={Qwen2-VL: Enhancing Vision-Language Model's Perception of the World at Any Resolution},
  author={Wang, Peng and Bai, Shuai and Tan, Sinan and Wang, Shijie and Fan, Zhihao and Bai, Jinze and Chen, Keqin and Liu, Xuejing and Wang, Jialin and Ge, Wenbin and Fan, Yang and Dang, Kai and Du, Mengfei and Ren, Xuancheng and Men, Rui and Liu, Dayiheng and Zhou, Chang and Zhou, Jingren and Lin, Junyang},
  journal={arXiv preprint arXiv:2409.12191},
  year={2024}
}

@article{beyer2024paligemma,
  title={Paligemma: A versatile 3b vlm for transfer},
  author={Beyer, Lucas and Steiner, Andreas and Pinto, Andr{\'e} Susano and Kolesnikov, Alexander and Wang, Xiao and Salz, Daniel and Neumann, Maxim and Alabdulmohsin, Ibrahim and Tschannen, Michael and Bugliarello, Emanuele and others},
  journal={arXiv preprint arXiv:2407.07726},
  year={2024}
}

@article{wang2024qwen2,
  title={Qwen2-vl: Enhancing vision-language model's perception of the world at any resolution},
  author={Wang, Peng and Bai, Shuai and Tan, Sinan and Wang, Shijie and Fan, Zhihao and Bai, Jinze and Chen, Keqin and Liu, Xuejing and Wang, Jialin and Ge, Wenbin and others},
  journal={arXiv preprint arXiv:2409.12191},
  year={2024}
}

@inproceedings{smith2007overview,
  title={An overview of the Tesseract OCR engine},
  author={Smith, Ray},
  booktitle={Ninth international conference on document analysis and recognition (ICDAR 2007)},
  volume={2},
  pages={629--633},
  year={2007},
  organization={IEEE}
}