@InProceedings{10257639,
  author    = {Zhu, Zhengyu and Gong, Mengfei and Chu, Zheng and Xiao, Pei and Sun, Gangcan and Mi, De and He, Ziming and Tong, Fei},
  booktitle = {International Conference on Ubiquitous Communication (Ucom)},
  title     = {{DRL}-based {STAR}-{RIS}-Assisted {ISAC} Secure Communications},
  year      = {2023},
  pages     = {127-132},
}

@InProceedings{10594249,
  author    = {Chen, Xipeng and Cao, Xiaowen and Xie, Lifeng and He, Yejun},
  booktitle = {IEEE International Workshop on Radio Frequency and Antenna Technologies (iWRF\&AT)},
  title     = {{DRL}-Based Joint Trajectory Planning and Beamforming Optimization in Aerial {RIS}-Assisted {ISAC} System},
  year      = {2024},
  pages     = {510-515},
}

@Article{Cao2023,
  author  = {Xueyan Cao and Xiaoling Hu and Mugen Peng},
  journal = {{IEEE} Trans. Veh. Technol.},
  title   = {Feedback-Based Beam Training for Intelligent Reflecting Surface Aided mmWave Integrated Sensing and Communication},
  year    = {2023},
  number  = {6},
  pages   = {7584--7596},
  volume  = {72},
}

@Article{Fang2024,
  author  = {Yuan Fang and Siyao Zhang and Xinmin Li and Xianghao Yu and Jie Xu and Shuguang Cui},
  journal = {{IEEE} Trans. Commun.},
  title   = {Multi-{IRS}-Enabled Integrated Sensing and Communications},
  year    = {2024},
  number  = {9},
  pages   = {5853--5867},
  volume  = {72},
}

@Article{Hu2023,
  author  = {Xiaoling Hu and Chenxi Liu and Mugen Peng and Caijun Zhong},
  journal = {{IEEE} Trans. Wirel. Commun.},
  title   = {{IRS}-Based Integrated Location Sensing and Communication for mm{W}ave {SIMO} Systems},
  year    = {2023},
  number  = {6},
  pages   = {4132--4145},
  volume  = {22},
}

@Article{Hu2024,
  author  = {Langtao Hu and Rui Yang and Lei Wu and Chongwen Huang and Yu'e Jiang and Li Chen and Xiaobo Zhou},
  journal = {{IEEE} Internet Things J.},
  title   = {{RIS}-Assisted Integrated Sensing and Covert Communication Design},
  year    = {2024},
  number  = {9},
  pages   = {16505--16516},
  volume  = {11},
}

@Article{Jiang2024,
  author  = {Chengjun Jiang and Chensi Zhang and Chongwen Huang and Jianhua Ge and M{\'{e}}rouane Debbah and Chau Yuen},
  journal = {{IEEE} Internet Things J.},
  title   = {Exploiting {RIS} in Secure Beamforming Design for {NOMA}-Assisted Integrated Sensing and Communication},
  year    = {2024},
  number  = {17},
  pages   = {28123--28136},
  volume  = {11},
}

@Article{Li2023,
  author  = {Jin Li and Gui Zhou and Tantao Gong and Nan Liu},
  journal = {{IEEE} Wirel. Commun. Lett.},
  title   = {Beamforming Design for Active {IRS}-Aided {MIMO} Integrated Sensing and Communication Systems},
  year    = {2023},
  number  = {10},
  pages   = {1786--1790},
  volume  = {12},
}

@Article{Li2024,
  author  = {Dongdong Li and Zhutian Yang and Nan Zhao and Zhilu Wu and Tony Q. S. Quek},
  journal = {{IEEE} Trans. Wirel. Commun.},
  title   = {{NOMA} Aided Secure Transmission for {IRS-ISAC}},
  year    = {2024},
  number  = {9},
  pages   = {10911--10925},
  volume  = {23},
}

@Article{Liao2023,
  author  = {Chikun Liao and Feng Wang and Vincent K. N. Lau},
  journal = {{IEEE} Trans. Commun.},
  title   = {Optimized Design for {IRS}-Assisted Integrated Sensing and Communication Systems in Clutter Environments},
  year    = {2023},
  number  = {8},
  pages   = {4721--4734},
  volume  = {71},
}

@Article{Long2024,
  author  = {Xudong Long and Yubin Zhao and Huaming Wu and Cheng{-}Zhong Xu},
  journal = {{IEEE} Internet Things J.},
  title   = {Deep Reinforcement Learning for Integrated Sensing and Communication in {RIS}-Assisted 6{G} {V2X} System},
  year    = {2024},
  number  = {24},
  pages   = {39834--39849},
  volume  = {11},
}

@Article{Wang2023,
  author  = {Xinyi Wang and Zesong Fei and Qingqing Wu},
  journal = {{IEEE} Internet Things J.},
  title   = {Integrated Sensing and Communication for {RIS}-Assisted Backscatter Systems},
  year    = {2023},
  number  = {15},
  pages   = {13716--13726},
  volume  = {10},
}

@Article{Xu2024,
  author  = {Jinlei Xu and Dongdong Li and Zhengyu Zhu and Zhutian Yang and Nan Zhao and Dusit Niyato},
  journal = {{IEEE} Trans. Commun.},
  title   = {Anti-Jamming Design for Integrated Sensing and Communication via Aerial {IRS}},
  year    = {2024},
  number  = {8},
  pages   = {4607--4619},
  volume  = {72},
}

@Article{Zhang2025,
  author  = {Shuang Zhang and Wanming Hao and Gangcan Sun and Zhengyu Zhu and Xingwang Li and Qingqing Wu},
  journal = {{IEEE} Trans. Commun.},
  title   = {Joint Beamforming Design for the {STAR}-{RIS}-Enabled {ISAC} Systems With Multiple Targets and Multiple Users},
  year    = {2025},
  number  = {1},
  pages   = {693--708},
  volume  = {73},
}

@Article{Zuo2023,
  author  = {Jiakuo Zuo and Yuanwei Liu and Chenming Zhu and Yixuan Zou and Dengyin Zhang and Naofal Al{-}Dhahir},
  journal = {{IEEE} Trans. Veh. Technol.},
  title   = {Exploiting {NOMA} and {RIS} in Integrated Sensing and Communication},
  year    = {2023},
  number  = {10},
  pages   = {12941--12955},
  volume  = {72},
}

