@Article{10844061,
  author  = {Du, Linsong and Fan, Pingzhi and Ma, Zheng and Liang, Qingpeng},
  journal = {{IEEE} Trans. Commun},
  title   = {{RIS} assisted Radar-Communication Coexistence System with Discrete Reflection Coefficients},
  year    = {2025},
  pages   = {1-1},
}

@Article{Papazafeiropoulos2024,
  author  = {Anastasios K. Papazafeiropoulos and Pandelis Kourtessis and Symeon Chatzinotas},
  journal = {{IEEE} Trans. Veh. Technol.},
  title   = {{STAR}-{RIS}-Assisted Communication Radar Coexistence: Analysis and Optimization},
  year    = {2024},
  number  = {9},
  pages   = {13381--13395},
  volume  = {73},
}

@Article{Wu2021tutorial,
  author    = {Qingqing Wu and Shuowen Zhang and Beixiong Zheng and others},
  journal   = {{IEEE} Trans. Commun.},
  title     = {Intelligent Reflecting Surface-Aided Wireless Communications: {A} Tutorial},
  year      = {2021},
  number    = {5},
  pages     = {3313--3351},
  volume    = {69},
}

@Article{Du2024,
  author  = {Ya{-}Nan Du and Sai Xu and Chen Chen and Guomin Zhang and Gaojie Chen and Jie Zhang},
  journal = {{IEEE} Trans. Veh. Technol.},
  title   = {{IRS} Backscatter Enabled Uplink Multi-User Communications Coexisting With Radar Sensing},
  year    = {2024},
  number  = {10},
  pages   = {15699--15703},
  volume  = {73},
}

@Article{Xu2024,
  author  = {Jinlei Xu and Dongdong Li and Zhengyu Zhu and Zhutian Yang and Nan Zhao and Dusit Niyato},
  journal = {{IEEE} Trans. Commun.},
  title   = {Anti-Jamming Design for Integrated Sensing and Communication via Aerial {IRS}},
  year    = {2024},
  number  = {8},
  pages   = {4607--4619},
  volume  = {72},
}

@Article{Zuo2023,
  author  = {Jiakuo Zuo and Yuanwei Liu and Chenming Zhu and Yixuan Zou and Dengyin Zhang and Naofal Al{-}Dhahir},
  journal = {{IEEE} Trans. Veh. Technol.},
  title   = {Exploiting {NOMA} and {RIS} in Integrated Sensing and Communication},
  year    = {2023},
  number  = {10},
  pages   = {12941--12955},
  volume  = {72},
}

@Article{Liao2023,
  author  = {Chikun Liao and Feng Wang and Vincent K. N. Lau},
  journal = {{IEEE} Trans. Commun.},
  title   = {Optimized Design for {IRS}-Assisted Integrated Sensing and Communication Systems in Clutter Environments},
  year    = {2023},
  number  = {8},
  pages   = {4721--4734},
  volume  = {71},
}

@Article{AlHourani2014,
  author  = {Akram Al{-}Hourani and Kandeepan Sithamparanathan and Simon Lardner},
  journal = {{IEEE} Wirel. Commun. Lett.},
  title   = {Optimal {LAP} Altitude for Maximum Coverage},
  year    = {2014},
  number  = {6},
  pages   = {569--572},
  volume  = {3},
}

@Article{Song2023,
  author  = {Fuhong Song and Huanlai Xing and Xinhan Wang and Shouxi Luo and Penglin Dai and Zhiwen Xiao and Bowen Zhao},
  journal = {{IEEE} Trans. Mob. Comput.},
  title   = {Evolutionary Multi-Objective Reinforcement Learning Based Trajectory Control and Task Offloading in {UAV}-Assisted Mobile Edge Computing},
  year    = {2023},
  number  = {12},
  pages   = {7387--7405},
  volume  = {22},
}

@Article{Hu2023,
  author  = {Xiaoling Hu and Chenxi Liu and Mugen Peng and Caijun Zhong},
  journal = {{IEEE} Trans. Wirel. Commun.},
  title   = {{IRS}-Based Integrated Location Sensing and Communication for mm{W}ave {SIMO} Systems},
  year    = {2023},
  number  = {6},
  pages   = {4132--4145},
  volume  = {22},
}

@Article{Li2023,
  author  = {Jin Li and Gui Zhou and Tantao Gong and Nan Liu},
  journal = {{IEEE} Wirel. Commun. Lett.},
  title   = {Beamforming Design for Active {IRS}-Aided {MIMO} Integrated Sensing and Communication Systems},
  year    = {2023},
  number  = {10},
  pages   = {1786--1790},
  volume  = {12},
}

@Article{Fang2024,
  author  = {Yuan Fang and Siyao Zhang and Xinmin Li and Xianghao Yu and Jie Xu and Shuguang Cui},
  journal = {{IEEE} Trans. Commun.},
  title   = {Multi-{IRS}-Enabled Integrated Sensing and Communications},
  year    = {2024},
  number  = {9},
  pages   = {5853--5867},
  volume  = {72},
}

@Article{Hua2024,
  author  = {Meng Hua and Qingqing Wu and Wen Chen and Octavia A. Dobre and A. Lee Swindlehurst},
  journal = {{IEEE} Trans. Wirel. Commun.},
  title   = {Secure Intelligent Reflecting Surface-Aided Integrated Sensing and Communication},
  year    = {2024},
  number  = {1},
  pages   = {575--591},
  volume  = {23},
}

@Article{Wang2023,
  author  = {Xinyi Wang and Zesong Fei and Qingqing Wu},
  journal = {{IEEE} Internet Things J.},
  title   = {Integrated Sensing and Communication for {RIS}-Assisted Backscatter Systems},
  year    = {2023},
  number  = {15},
  pages   = {13716--13726},
  volume  = {10},
}

@Article{Li2024,
  author  = {Dongdong Li and Zhutian Yang and Nan Zhao and Zhilu Wu and Tony Q. S. Quek},
  journal = {{IEEE} Trans. Wirel. Commun.},
  title   = {{NOMA} Aided Secure Transmission for {IRS-ISAC}},
  year    = {2024},
  number  = {9},
  pages   = {10911--10925},
  volume  = {23},
}

@Article{Jiang2024,
  author  = {Chengjun Jiang and Chensi Zhang and Chongwen Huang and Jianhua Ge and M{\'{e}}rouane Debbah and Chau Yuen},
  journal = {{IEEE} Internet Things J.},
  title   = {Exploiting {RIS} in Secure Beamforming Design for {NOMA}-Assisted Integrated Sensing and Communication},
  year    = {2024},
  number  = {17},
  pages   = {28123--28136},
  volume  = {11},
}

@Article{Zhang2025,
  author  = {Shuang Zhang and Wanming Hao and Gangcan Sun and Zhengyu Zhu and Xingwang Li and Qingqing Wu},
  journal = {{IEEE} Trans. Commun.},
  title   = {Joint Beamforming Design for the {STAR}-{RIS}-Enabled {ISAC} Systems With Multiple Targets and Multiple Users},
  year    = {2025},
  number  = {1},
  pages   = {693--708},
  volume  = {73},
}

@Article{Long2024,
  author  = {Xudong Long and Yubin Zhao and Huaming Wu and Cheng{-}Zhong Xu},
  journal = {{IEEE} Internet Things J.},
  title   = {Deep Reinforcement Learning for Integrated Sensing and Communication in {RIS}-Assisted 6{G} {V2X} System},
  year    = {2024},
  number  = {24},
  pages   = {39834--39849},
  volume  = {11},
}

@Article{Hu2024,
  author  = {Langtao Hu and Rui Yang and Lei Wu and Chongwen Huang and Yu'e Jiang and Li Chen and Xiaobo Zhou},
  journal = {{IEEE} Internet Things J.},
  title   = {{RIS}-Assisted Integrated Sensing and Covert Communication Design},
  year    = {2024},
  number  = {9},
  pages   = {16505--16516},
  volume  = {11},
}

@Article{Cao2023,
  author  = {Xueyan Cao and Xiaoling Hu and Mugen Peng},
  journal = {{IEEE} Trans. Veh. Technol.},
  title   = {Feedback-Based Beam Training for Intelligent Reflecting Surface Aided mmWave Integrated Sensing and Communication},
  year    = {2023},
  number  = {6},
  pages   = {7584--7596},
  volume  = {72},
}

@InProceedings{10594249,
  author    = {Chen, Xipeng and Cao, Xiaowen and Xie, Lifeng and He, Yejun},
  booktitle = {IEEE International Workshop on Radio Frequency and Antenna Technologies (iWRF\&AT)},
  title     = {{DRL}-Based Joint Trajectory Planning and Beamforming Optimization in Aerial {RIS}-Assisted {ISAC} System},
  year      = {2024},
  pages     = {510-515},
}

@Article{Liu2023,
  author  = {Qian Liu and Yuqian Zhu and Ming Li and Rang Liu and Yang Liu and Zhiping Lu},
  journal = {{IEEE} Trans. Veh. Technol.},
  title   = {{DRL}-Based Secrecy Rate Optimization for {RIS}-Assisted Secure {ISAC} Systems},
  year    = {2023},
  number  = {12},
  pages   = {16871--16875},
  volume  = {72},
}

@InProceedings{10257639,
  author    = {Zhu, Zhengyu and Gong, Mengfei and Chu, Zheng and Xiao, Pei and Sun, Gangcan and Mi, De and He, Ziming and Tong, Fei},
  booktitle = {International Conference on Ubiquitous Communication (Ucom)},
  title     = {{DRL}-based {STAR}-{RIS}-Assisted {ISAC} Secure Communications},
  year      = {2023},
  pages     = {127-132},
}

@InProceedings{Fujimoto2018,
  author    = {Scott Fujimoto and Herke van Hoof and David Meger},
  booktitle = {Proceedings of the 35th International Conference on Machine Learning, {ICML}},
  title     = {Addressing Function Approximation Error in Actor-Critic Methods},
  year      = {2018},
  pages     = {1582--1591},
  volume    = {80},
}

@Article{Du2024a,
  author  = {Hongyang Du and Zonghang Li and Dusit Niyato and Jiawen Kang and Zehui Xiong and Huawei Huang and Shiwen Mao},
  journal = {{IEEE} Trans. Mob. Comput.},
  title   = {Diffusion-Based Reinforcement Learning for Edge-Enabled {AI}-Generated Content Services},
  year    = {2024},
  number  = {9},
  pages   = {8902--8918},
  volume  = {23},
}

@Article{Wang2019,
  author        = {Che Wang and Keith W. Ross},
  journal       = {CoRR},
  title         = {Boosting Soft Actor-Critic: Emphasizing Recent Experience without Forgetting the Past},
  year          = {2019},
  volume        = {abs/1906.04009},
  archiveprefix = {arXiv},
}

@InProceedings{Lillicrap2016,
  author    = {Timothy P. Lillicrap and Jonathan J. Hunt and Alexander Pritzel and Nicolas Heess and Tom Erez and Yuval Tassa and David Silver and Daan Wierstra},
  booktitle = {4th International Conference on Learning Representations, {ICLR}},
  title     = {Continuous control with deep reinforcement learning},
  year      = {2016},
}

@Article{10759668,
  author  = {Li, Zhuoran and Gao, Zhen and Wang, Kuiyu and Mei, Yikun and Zhu, Chunli and Chen, Lei and Wu, Xiaomei and Niyato, Dusit},
  journal = {{IEEE} Internet Things J.},
  title   = {Unauthorized {UAV} Countermeasure for Low-Altitude Economy: Joint Communications and Jamming Based on {MIMO} Cellular Systems},
  year    = {2024},
  pages   = {1-1},
}

@Article{Song2018,
  author  = {Byung Duk Song and Kyungsu Park and Jonghoe Kim},
  journal = {Comput. Ind. Eng.},
  title   = {Persistent {UAV} delivery logistics: {MILP} formulation and efficient heuristic},
  year    = {2018},
  pages   = {418--428},
  volume  = {120},
}

@Article{Sun2024,
  author  = {Geng Sun and Long He and Zemin Sun and Qingqing Wu and Shuang Liang and Jiahui Li and Dusit Niyato and Victor C. M. Leung},
  journal = {{IEEE} Trans. Mob. Comput.},
  title   = {Joint Task Offloading and Resource Allocation in Aerial-Terrestrial {UAV} Networks With Edge and Fog Computing for Post-Disaster Rescue},
  year    = {2024},
  number  = {9},
  pages   = {8582--8600},
  volume  = {23},
}

@Article{Kaushik2024,
  author  = {Aryan Kaushik and Rohit Singh and Shalanika Dayarathna and Rajitha Senanayake and Marco Di Renzo and Miguel Dajer and Hyoungju Ji and Younsun Kim and Vincenzo Sciancalepore and Alessio Zappone and Wonjae Shin},
  journal = {{IEEE} Commun. Stand. Mag.},
  title   = {Toward Integrated Sensing and Communications for 6{G}: Key Enabling Technologies, Standardization, and Challenges},
  year    = {2024},
  number  = {2},
  pages   = {52--59},
  volume  = {8},
}

@Article{Zhang2022,
  author  = {J. Andrew Zhang and Md. Lushanur Rahman and Kai Wu and Xiaojing Huang and Y. Jay Guo and Shanzhi Chen and Jinhong Yuan},
  journal = {{IEEE} Commun. Surv. Tutorials},
  title   = {Enabling Joint Communication and Radar Sensing in Mobile Networks - {A} Survey},
  year    = {2022},
  number  = {1},
  pages   = {306--345},
  volume  = {24},
}

@Article{Dong2023,
  author  = {Fuwang Dong and Fan Liu and Yuanhao Cui and Wei Wang and Kaifeng Han and Zhiqin Wang},
  journal = {{IEEE} Trans. Wirel. Commun.},
  title   = {Sensing as a Service in 6{G} Perceptive Networks: {A} Unified Framework for {ISAC} Resource Allocation},
  year    = {2023},
  number  = {5},
  pages   = {3522--3536},
  volume  = {22},
}

@Article{Lyu2023,
  author  = {Zhonghao Lyu and Guangxu Zhu and Jie Xu},
  journal = {{IEEE} Trans. Wirel. Commun.},
  title   = {Joint Maneuver and Beamforming Design for {UAV}-Enabled Integrated Sensing and Communication},
  year    = {2023},
  number  = {4},
  pages   = {2424--2440},
  volume  = {22},
}

@Article{Su2024,
  author  = {Nanchi Su and Fan Liu and Christos Masouros},
  journal = {{IEEE} Trans. Wirel. Commun.},
  title   = {Sensing-Assisted Eavesdropper Estimation: An {ISAC} Breakthrough in Physical Layer Security},
  year    = {2024},
  number  = {4},
  pages   = {3162--3174},
  volume  = {23},
}

@Article{Wu2021,
  author  = {Qingqing Wu and Shuowen Zhang and Beixiong Zheng and Changsheng You and Rui Zhang},
  journal = {{IEEE} Trans. Commun.},
  title   = {Intelligent Reflecting Surface-Aided Wireless Communications: {A} Tutorial},
  year    = {2021},
  number  = {5},
  pages   = {3313--3351},
  volume  = {69},
}

@InProceedings{Sun2024a,
  author    = {Geng Sun and Bei Liu and Jiahui Li and Shuang Liang and Hongyang Pan and Xiaoya Zheng},
  booktitle = {{IEEE} International Conference on Communications, {ICC}},
  title     = {Enabling Urban Mm{W}ave Communications with {UAV}-Carried {IRS} via Deep Reinforcement Learning},
  year      = {2024},
  pages     = {4985--4990},
}

@Article{Gong2020,
  author    = {Shimin Gong and Xiao Lu and Dinh Thai Hoang and Dusit Niyato and Lei Shu and Dong In Kim and Ying{-}Chang Liang},
  journal   = {{IEEE} Commun. Surv. Tutorials},
  title     = {Toward Smart Wireless Communications via Intelligent Reflecting Surfaces: {A} Contemporary Survey},
  year      = {2020},
  number    = {4},
  pages     = {2283--2314},
  volume    = {22},
}

@Article{Geng2025,
  author    = {Yue Geng and Tee Hiang Cheng and Kai Zhong and Kah Chan Teh and Qingqing Wu},
  journal   = {{IEEE} Trans. Wirel. Commun.},
  title     = {Joint Beamforming for {CRB}-Constrained {IRS}-Aided {ISAC} System via Product Manifold Methods},
  year      = {2025},
  number    = {1},
  pages     = {691--705},
  volume    = {24},
}


@Article{Yang2024,
  author    = {Ruming Yang and Zhiming Zhu and Jiexin Zhang and Shu Xu and Chunguo Li and Yongming Huang and Luxi Yang},
  journal   = {{IEEE} Trans. Wirel. Commun.},
  title     = {Deep Learning-Based Joint Transmit Beamforming for Dual-Functional Radar-Communication System},
  year      = {2024},
  number    = {10},
  pages     = {15198--15211},
  volume    = {23},
}


@Article{He2022,
  author    = {Yinghui He and Yunlong Cai and Hao Mao and Guanding Yu},
  journal   = {{IEEE} J. Sel. Areas Commun.},
  title     = {{RIS}-Assisted Communication Radar Coexistence: Joint Beamforming Design and Analysis},
  year      = {2022},
  number    = {7},
  pages     = {2131--2145},
  volume    = {40},
}


@Article{10749978,
  author  = {Sun, Geng and Xie, Wenwen and Niyato, Dusit and Du, Hongyang and Kang, Jiawen and Wu, Jing and Sun, Sumei and Zhang, Ping},
  journal = {{IEEE} Network},
  title   = {Generative {AI} for Advanced {UAV} Networking},
  year    = {2024},
  pages   = {1-1},
}

@Article{Liu2020,
  author  = {Fan Liu and Christos Masouros and Athina P. Petropulu and Hugh D. Griffiths and Lajos Hanzo},
  journal = {{IEEE} Trans. Commun.},
  title   = {Joint Radar and Communication Design: Applications, State-of-the-Art, and the Road Ahead},
  year    = {2020},
  number  = {6},
  pages   = {3834--3862},
  volume  = {68},
}

@Article{Liu2022,
  author  = {Fan Liu and Yuanhao Cui and Christos Masouros and Jie Xu and Tony Xiao Han and Yonina C. Eldar and Stefano Buzzi},
  journal = {{IEEE} J. Sel. Areas Commun.},
  title   = {Integrated Sensing and Communications: Toward Dual-Functional Wireless Networks for 6{G} and Beyond},
  year    = {2022},
  number  = {6},
  pages   = {1728--1767},
  volume  = {40},
}

@Article{Wang2023a,
  author  = {Chao Wang and Chengcai Wang and Zan Li and Derrick Wing Kwan Ng and Kai{-}Kit Wong and Naofal Al{-}Dhahir and Dusit Niyato},
  journal = {{IEEE} Trans. Inf. Forensics Secur.},
  title   = {{STAR}-{RIS}-Enabled Secure Dual-Functional Radar-Communications: Joint Waveform and Reflective Beamforming Optimization},
  year    = {2023},
  pages   = {4577--4592},
  volume  = {18},
}

@Article{Sankar2024,
  author  = {R. S. Prasobh Sankar and Sundeep Prabhakar Chepuri and Yonina C. Eldar},
  journal = {{IEEE} Trans. Wirel. Commun.},
  title   = {Beamforming in Integrated Sensing and Communication Systems With Reconfigurable Intelligent Surfaces},
  year    = {2024},
  number  = {5},
  pages   = {4017--4031},
  volume  = {23},
}

@Article{10827824,
  author  = {Zhang, Haowei and Liu, Weijian and Zhang, Qun and Zhang, Lin and Liu, Baobao and Xu, He-Xiu},
  journal = {{IEEE} Internet Things J.},
  title   = {Joint Power, Bandwidth, and Subchannel Allocation in a {UAV}-Assisted {DFRC} Network},
  year    = {2025},
  pages   = {1-1},
}

@Article{Guo2023,
  author  = {Shaoai Guo and Xiaohui Zhao},
  journal = {{IEEE} Trans. Commun.},
  title   = {Multi-Agent Deep Reinforcement Learning Based Transmission Latency Minimization for Delay-Sensitive Cognitive Satellite-{UAV} Networks},
  year    = {2023},
  number  = {1},
  pages   = {131--144},
  volume  = {71},
}

@Article{10759093,
  author  = {Zhang, Chuang and Sun, Geng and Li, Jiahui and Wu, Qingqing and Wang, Jiacheng and Niyato, Dusit and Liu, Yuanwei},
  journal = {{IEEE} {IEEE} Trans. Mob. Comput.},
  title   = {Multi-Objective Aerial Collaborative Secure Communication Optimization Via Generative Diffusion Model-Enabled Deep Reinforcement Learning},
  year    = {2024},
  pages   = {1-18},
}

@Article{10839238,
  author  = {Sun, Geng and Xie, Wenwen and Niyato, Dusit and Mei, Fang and Kang, Jiawen and Du, Hongyang and Mao, Shiwen},
  journal = {{IEEE} Wireless Communications},
  title   = {Generative {AI} for Deep Reinforcement Learning: Framework, Analysis, and Use Cases},
  year    = {2025},
  pages   = {1-10},
}

@Comment{jabref-meta: databaseType:bibtex;}
