@article{radford2019language,
  title={Language models are unsupervised multitask learners},
  author={Radford, Alec and Wu, Jeffrey and Child, Rewon and Luan, David and Amodei, Dario and Sutskever, Ilya and others},
  journal={OpenAI blog},
  volume={1},
  number={8},
  pages={9},
  year={2019}
}

@article{roberts2019exploring,
  title={Exploring the limits of transfer learning with a unified text-to-text transformer},
  author={Roberts, Adam and Raffel, Colin and Lee, Katherine and Matena, Michael and Shazeer, Noam and Liu, Peter J and Narang, Sharan and Li, Wei and Zhou, Yanqi},
  journal={Google, Tech. Rep.},
  year={2019}
}

@incollection{Bengio+chapter2007,
author = {Bengio, Yoshua and LeCun, Yann},
booktitle = {Large Scale Kernel Machines},
publisher = {MIT Press},
title = {Scaling Learning Algorithms Towards {AI}},
year = {2007}
}

@article{men2024shortgpt,
  title={Shortgpt: Layers in large language models are more redundant than you expect},
  author={Men, Xin and Xu, Mingyu and Zhang, Qingyu and Wang, Bingning and Lin, Hongyu and Lu, Yaojie and Han, Xianpei and Chen, Weipeng},
  journal={arXiv preprint arXiv:2403.03853},
  year={2024}
}
@article{zhang2024adam,
  title={Adam-mini: Use fewer learning rates to gain more},
  author={Zhang, Yushun and Chen, Congliang and Li, Ziniu and Ding, Tian and Wu, Chenwei and Ye, Yinyu and Luo, Zhi-Quan and Sun, Ruoyu},
  journal={arXiv preprint arXiv:2406.16793},
  year={2024}
}


@article{liu2022more,
  title={More convnets in the 2020s: Scaling up kernels beyond 51x51 using sparsity},
  author={Liu, Shiwei and Chen, Tianlong and Chen, Xiaohan and Chen, Xuxi and Xiao, Qiao and Wu, Boqian and K{\"a}rkk{\"a}inen, Tommi and Pechenizkiy, Mykola and Mocanu, Decebal and Wang, Zhangyang},
  journal={arXiv preprint arXiv:2207.03620},
  year={2022}
}

@inproceedings{liu2022convnet,
  title={A convnet for the 2020s},
  author={Liu, Zhuang and Mao, Hanzi and Wu, Chao-Yuan and Feichtenhofer, Christoph and Darrell, Trevor and Xie, Saining},
  booktitle={Proceedings of the IEEE/CVF conference on computer vision and pattern recognition},
  pages={11976--11986},
  year={2022}
}

@article{ouyang2022training,
  title={Training language models to follow instructions with human feedback},
  author={Ouyang, Long and Wu, Jeffrey and Jiang, Xu and Almeida, Diogo and Wainwright, Carroll and Mishkin, Pamela and Zhang, Chong and Agarwal, Sandhini and Slama, Katarina and Ray, Alex and others},
  journal={Advances in neural information processing systems},
  volume={35},
  pages={27730--27744},
  year={2022}
}
@article{yang2023tensor,
  title={Tensor programs vi: Feature learning in infinite-depth neural networks},
  author={Yang, Greg and Yu, Dingli and Zhu, Chen and Hayou, Soufiane},
  journal={arXiv preprint arXiv:2310.02244},
  year={2023}
}
@inproceedings{lialin2023relora,
  title={Relora: High-rank training through low-rank updates},
  author={Lialin, Vladislav and Muckatira, Sherin and Shivagunde, Namrata and Rumshisky, Anna},
  booktitle={The Twelfth International Conference on Learning Representations},
  year={2023}
}
@article{hu2023llm,
  title={Llm-adapters: An adapter family for parameter-efficient fine-tuning of large language models},
  author={Hu, Zhiqiang and Wang, Lei and Lan, Yihuai and Xu, Wanyu and Lim, Ee-Peng and Bing, Lidong and Xu, Xing and Poria, Soujanya and Lee, Roy Ka-Wei},
  journal={arXiv preprint arXiv:2304.01933},
  year={2023}
}
@article{kingma2014adam,
  title={Adam: A method for stochastic optimization},
  author={Kingma, Diederik P},
  journal={arXiv preprint arXiv:1412.6980},
  year={2014}
}
@article{shazeer2020glu,
  title={Glu variants improve transformer},
  author={Shazeer, Noam},
  journal={arXiv preprint arXiv:2002.05202},
  year={2020}
}
@article{zhang2019root,
  title={Root mean square layer normalization},
  author={Zhang, Biao and Sennrich, Rico},
  journal={Advances in Neural Information Processing Systems},
  volume={32},
  year={2019}
}

@article{clark2018think,
  title={Think you have solved question answering? try arc, the ai2 reasoning challenge},
  author={Clark, Peter and Cowhey, Isaac and Etzioni, Oren and Khot, Tushar and Sabharwal, Ashish and Schoenick, Carissa and Tafjord, Oyvind},
  journal={arXiv preprint arXiv:1803.05457},
  year={2018}
}
@article{jiang2023mistral,
  title={Mistral 7B},
  author={Jiang, Albert Q and Sablayrolles, Alexandre and Mensch, Arthur and Bamford, Chris and Chaplot, Devendra Singh and Casas, Diego de las and Bressand, Florian and Lengyel, Gianna and Lample, Guillaume and Saulnier, Lucile and others},
  journal={arXiv preprint arXiv:2310.06825},
  year={2023}
}

@article{rajpurkar2016squad,
  title={Squad: 100,000+ questions for machine comprehension of text},
  author={Rajpurkar, P},
  journal={arXiv preprint arXiv:1606.05250},
  year={2016}
}

@article{hendrycks2020measuring,
  title={Measuring massive multitask language understanding},
  author={Hendrycks, Dan and Burns, Collin and Basart, Steven and Zou, Andy and Mazeika, Mantas and Song, Dawn and Steinhardt, Jacob},
  journal={arXiv preprint arXiv:2009.03300},
  year={2020}
}

@article{baevski2018adaptive,
  title={Adaptive input representations for neural language modeling},
  author={Baevski, Alexei and Auli, Michael},
  journal={arXiv preprint arXiv:1809.10853},
  year={2018}
}


@article{vaswani2017attention,
  title={Attention is all you need},
  author={Vaswani, A},
  journal={Advances in Neural Information Processing Systems},
  year={2017}
}

@article{devlin2018bert,
  title={Bert: Pre-training of deep bidirectional transformers for language understanding},
  author={Devlin, Jacob},
  journal={arXiv preprint arXiv:1810.04805},
  year={2018}
}

@inproceedings{xiong2020layer,
  title={On layer normalization in the transformer architecture},
  author={Xiong, Ruibin and Yang, Yunchang and He, Di and Zheng, Kai and Zheng, Shuxin and Xing, Chen and Zhang, Huishuai and Lan, Yanyan and Wang, Liwei and Liu, Tieyan},
  booktitle={International Conference on Machine Learning},
  pages={10524--10533},
  year={2020},
  organization={PMLR}
}

@article{yang2024qwen2,
  title={Qwen2. 5 Technical Report},
  author={Yang, An and Yang, Baosong and Zhang, Beichen and Hui, Binyuan and Zheng, Bo and Yu, Bowen and Li, Chengyuan and Liu, Dayiheng and Huang, Fei and Wei, Haoran and others},
  journal={arXiv preprint arXiv:2412.15115},
  year={2024}
}

@article{sobolevaslimpajama,
  title={SlimPajama: A 627B token cleaned and deduplicated version of RedPajama, 2023},
  author={Soboleva, Daria and Al-Khateeb, Faisal and Myers, Robert and Steeves, Jacob R and Hestness, Joel and Dey, Nolan},
  journal={URL https://huggingface. co/datasets/cerebras/SlimPajama-627B}
}

@article{fu2024data,
  title={Data engineering for scaling language models to 128k context},
  author={Fu, Yao and Panda, Rameswar and Niu, Xinyao and Yue, Xiang and Hajishirzi, Hannaneh and Kim, Yoon and Peng, Hao},
  journal={arXiv preprint arXiv:2402.10171},
  year={2024}
}

@article{ye2024differential,
  title={Differential transformer},
  author={Ye, Tianzhu and Dong, Li and Xia, Yuqing and Sun, Yutao and Zhu, Yi and Huang, Gao and Wei, Furu},
  journal={arXiv preprint arXiv:2410.05258},
  year={2024}
}

@article{ainslie2023gqa,
  title={Gqa: Training generalized multi-query transformer models from multi-head checkpoints},
  author={Ainslie, Joshua and Lee-Thorp, James and de Jong, Michiel and Zemlyanskiy, Yury and Lebr{\'o}n, Federico and Sanghai, Sumit},
  journal={arXiv preprint arXiv:2305.13245},
  year={2023}
}


@misc{eval-harness,
  author       = {Gao, Leo and Tow, Jonathan and Abbasi, Baber and Biderman, Stella and Black, Sid and DiPofi, Anthony and Foster, Charles and Golding, Laurence and Hsu, Jeffrey and Le Noac'h, Alain and Li, Haonan and McDonell, Kyle and Muennighoff, Niklas and Ociepa, Chris and Phang, Jason and Reynolds, Laria and Schoelkopf, Hailey and Skowron, Aviya and Sutawika, Lintang and Tang, Eric and Thite, Anish and Wang, Ben and Wang, Kevin and Zou, Andy},
  title        = {A framework for few-shot language model evaluation},
  month        = 07,
  year         = 2024,
  publisher    = {Zenodo},
  version      = {v0.4.3},
  doi          = {10.5281/zenodo.12608602},
  url          = {https://zenodo.org/records/12608602}
}

@article{ba2016layer,
  title={Layer normalization},
  author={Ba, Jimmy Lei},
  journal={arXiv preprint arXiv:1607.06450},
  year={2016}
}

@article{dai2019transformer,
  title={Transformer-xl: Attentive language models beyond a fixed-length context},
  author={Dai, Zihang},
  journal={arXiv preprint arXiv:1901.02860},
  year={2019}
}

@article{nguyen2019transformers,
  title={Transformers without tears: Improving the normalization of self-attention},
  author={Nguyen, Toan Q and Salazar, Julian},
  journal={arXiv preprint arXiv:1910.05895},
  year={2019}
}

@article{ding2021cogview,
  title={Cogview: Mastering text-to-image generation via transformers},
  author={Ding, Ming and Yang, Zhuoyi and Hong, Wenyi and Zheng, Wendi and Zhou, Chang and Yin, Da and Lin, Junyang and Zou, Xu and Shao, Zhou and Yang, Hongxia and others},
  journal={Advances in neural information processing systems},
  volume={34},
  pages={19822--19835},
  year={2021}
}

@article{ma2024megalodon,
  title={Megalodon: Efficient llm pretraining and inference with unlimited context length},
  author={Ma, Xuezhe and Yang, Xiaomeng and Xiong, Wenhan and Chen, Beidi and Yu, Lili and Zhang, Hao and May, Jonathan and Zettlemoyer, Luke and Levy, Omer and Zhou, Chunting},
  journal={arXiv preprint arXiv:2404.08801},
  year={2024}
}

@inproceedings{wu2018group,
  title={Group normalization},
  author={Wu, Yuxin and He, Kaiming},
  booktitle={Proceedings of the European conference on computer vision (ECCV)},
  pages={3--19},
  year={2018}
}

@article{takase2023spike,
  title={Spike No More: Stabilizing the Pre-training of Large Language Models},
  author={Takase, Sho and Kiyono, Shun and Kobayashi, Sosuke and Suzuki, Jun},
  journal={arXiv preprint arXiv:2312.16903},
  year={2023}
}
@article{scao2022language,
  title={What language model to train if you have one million gpu hours?},
  author={Scao, Teven Le and Wang, Thomas and Hesslow, Daniel and Saulnier, Lucile and Bekman, Stas and Bari, M Saiful and Biderman, Stella and Elsahar, Hady and Muennighoff, Niklas and Phang, Jason and others},
  journal={arXiv preprint arXiv:2210.15424},
  year={2022}
}

@article{lad2024remarkable,
  title={The Remarkable Robustness of LLMs: Stages of Inference?},
  author={Lad, Vedang and Gurnee, Wes and Tegmark, Max},
  journal={arXiv preprint arXiv:2406.19384},
  year={2024}
}

@article{dou2018exploiting,
  title={Exploiting deep representations for neural machine translation},
  author={Dou, Zi-Yi and Tu, Zhaopeng and Wang, Xing and Shi, Shuming and Zhang, Tong},
  journal={arXiv preprint arXiv:1810.10181},
  year={2018}
}
@article{bapna2018training,
  title={Training deeper neural machine translation models with transparent attention},
  author={Bapna, Ankur and Chen, Mia Xu and Firat, Orhan and Cao, Yuan and Wu, Yonghui},
  journal={arXiv preprint arXiv:1808.07561},
  year={2018}
}

@article{wang2019learning,
  title={Learning deep transformer models for machine translation},
  author={Wang, Qiang and Li, Bei and Xiao, Tong and Zhu, Jingbo and Li, Changliang and Wong, Derek F and Chao, Lidia S},
  journal={arXiv preprint arXiv:1906.01787},
  year={2019}
}

@article{sreenivas2024llm,
  title={LLM Pruning and Distillation in Practice: The Minitron Approach},
  author={Sreenivas, Sharath Turuvekere and Muralidharan, Saurav and Joshi, Raviraj and Chochowski, Marcin and Patwary, Mostofa and Shoeybi, Mohammad and Catanzaro, Bryan and Kautz, Jan and Molchanov, Pavlo},
  journal={arXiv preprint arXiv:2408.11796},
  year={2024}
}


@article{zhong2024blockpruner,
  title={BlockPruner: Fine-grained Pruning for Large Language Models},
  author={Zhong, Longguang and Wan, Fanqi and Chen, Ruijun and Quan, Xiaojun and Li, Liangzhi},
  journal={arXiv preprint arXiv:2406.10594},
  year={2024}
}

@article{siddiqui2024deeper,
  title={A deeper look at depth pruning of LLMs},
  author={Siddiqui, Shoaib Ahmed and Dong, Xin and Heinrich, Greg and Breuel, Thomas and Kautz, Jan and Krueger, David and Molchanov, Pavlo},
  journal={arXiv preprint arXiv:2407.16286},
  year={2024}
}

@article{li2024owlore,
  title={OwLore: Outlier-weighed Layerwise Sampled Low-Rank Projection for Memory-Efficient LLM Fine-tuning},
  author={Li, Pengxiang and Yin, Lu and Gao, Xiaowei and Liu, Shiwei},
  journal={arXiv preprint arXiv:2405.18380},
  year={2024}
}

@article{gromov2024unreasonable,
  title={The unreasonable ineffectiveness of the deeper layers},
  author={Gromov, Andrey and Tirumala, Kushal and Shapourian, Hassan and Glorioso, Paolo and Roberts, Daniel A},
  journal={arXiv preprint arXiv:2403.17887},
  year={2024}
}

@article{takase2022b2t,
  title={B2t connection: Serving stability and performance in deep transformers},
  author={Takase, Sho and Kiyono, Shun and Kobayashi, Sosuke and Suzuki, Jun},
  journal={arXiv preprint arXiv:2206.00330},
  year={2022}
}


@article{liu2020understanding,
  title={Understanding the difficulty of training transformers},
  author={Liu, Liyuan and Liu, Xiaodong and Gao, Jianfeng and Chen, Weizhu and Han, Jiawei},
  journal={arXiv preprint arXiv:2004.08249},
  year={2020}
}

@article{zhao2024galore,
  title={Galore: Memory-efficient llm training by gradient low-rank projection},
  author={Zhao, Jiawei and Zhang, Zhenyu and Chen, Beidi and Wang, Zhangyang and Anandkumar, Anima and Tian, Yuandong},
  journal={arXiv preprint arXiv:2403.03507},
  year={2024}
}

@article{lialin2023stack,
  title={Stack more layers differently: High-rank training through low-rank updates},
  author={Lialin, Vladislav and Shivagunde, Namrata and Muckatira, Sherin and Rumshisky, Anna},
  journal={arXiv preprint arXiv:2307.05695},
  year={2023}
}

@article{raffel2020exploring,
  title={Exploring the limits of transfer learning with a unified text-to-text transformer},
  author={Raffel, Colin and Shazeer, Noam and Roberts, Adam and Lee, Katherine and Narang, Sharan and Matena, Michael and Zhou, Yanqi and Li, Wei and Liu, Peter J},
  journal={Journal of machine learning research},
  volume={21},
  number={140},
  pages={1--67},
  year={2020}
}

@article{wang2024deepnet,
  title={Deepnet: Scaling transformers to 1,000 layers},
  author={Wang, Hongyu and Ma, Shuming and Dong, Li and Huang, Shaohan and Zhang, Dongdong and Wei, Furu},
  journal={IEEE Transactions on Pattern Analysis and Machine Intelligence},
  year={2024},
  publisher={IEEE}
}

@article{yin2023outlier,
  title={Outlier weighed layerwise sparsity (owl): A missing secret sauce for pruning llms to high sparsity},
  author={Yin, Lu and Wu, You and Zhang, Zhenyu and Hsieh, Cheng-Yu and Wang, Yaqing and Jia, Yiling and Pechenizkiy, Mykola and Liang, Yi and Wang, Zhangyang and Liu, Shiwei},
  journal={arXiv preprint arXiv:2310.05175},
  year={2023}
}
@article{zeng2022glm,
  title={Glm-130b: An open bilingual pre-trained model},
  author={Zeng, Aohan and Liu, Xiao and Du, Zhengxiao and Wang, Zihan and Lai, Hanyu and Ding, Ming and Yang, Zhuoyi and Xu, Yifan and Zheng, Wendi and Xia, Xiao and others},
  journal={arXiv preprint arXiv:2210.02414},
  year={2022}
}
@article{liu2019roberta,
  title={Roberta: A robustly optimized bert pretraining approach},
  author={Liu, Yinhan},
  journal={arXiv preprint arXiv:1907.11692},
  volume={364},
  year={2019}
}


@article{singhal2023large,
  title={Large language models encode clinical knowledge},
  author={Singhal, Karan and Azizi, Shekoofeh and Tu, Tao and Mahdavi, S Sara and Wei, Jason and Chung, Hyung Won and Scales, Nathan and Tanwani, Ajay and Cole-Lewis, Heather and Pfohl, Stephen and others},
  journal={Nature},
  volume={620},
  number={7972},
  pages={172--180},
  year={2023},
  publisher={Nature Publishing Group}
}

@article{dodge2021documenting,
  title={Documenting large webtext corpora: A case study on the colossal clean crawled corpus},
  author={Dodge, Jesse and Sap, Maarten and Marasovi{\'c}, Ana and Agnew, William and Ilharco, Gabriel and Groeneveld, Dirk and Mitchell, Margaret and Gardner, Matt},
  journal={arXiv preprint arXiv:2104.08758},
  year={2021}
}

@article{touvron2023llama,
  title={Llama: Open and efficient foundation language models},
  author={Touvron, Hugo and Lavril, Thibaut and Izacard, Gautier and Martinet, Xavier and Lachaux, Marie-Anne and Lacroix, Timoth{\'e}e and Rozi{\`e}re, Baptiste and Goyal, Naman and Hambro, Eric and Azhar, Faisal and others},
  journal={arXiv preprint arXiv:2302.13971},
  year={2023}
}

@article{brown2020language,
  title={Language models are few-shot learners},
  author={Brown, Tom B},
  journal={arXiv preprint arXiv:2005.14165},
  year={2020}
}

@article{Hinton06,
author = {Hinton, Geoffrey E. and Osindero, Simon and Teh, Yee Whye},
journal = {Neural Computation},
pages = {1527--1554},
title = {A Fast Learning Algorithm for Deep Belief Nets},
volume = {18},
year = {2006}
}

@book{goodfellow2016deep,
title={Deep learning},
author={Goodfellow, Ian and Bengio, Yoshua and Courville, Aaron and Bengio, Yoshua},
volume={1},
year={2016},
publisher={MIT Press}
}

@article{fabbri2019multi,
  title={Multi-news: A large-scale multi-document summarization dataset and abstractive hierarchical model},
  author={Fabbri, Alexander R and Li, Irene and She, Tianwei and Li, Suyi and Radev, Dragomir R},
  journal={arXiv preprint arXiv:1906.01749},
  year={2019}
}
@article{narayan1808don,
  title={Don’t give me the details, just the summary},
  author={Narayan, Shashi and Cohen, Shay B and Lapata, Mirella},
  journal={Topic-Aware Convolutional Neural Networks for Extreme Summarization ArXiv, abs},
  year={2018}
}

@inproceedings{cohen2021wikisum,
  title={Wikisum: Coherent summarization dataset for efficient human-evaluation},
  author={Cohen, Nachshon and Kalinsky, Oren and Ziser, Yftah and Moschitti, Alessandro},
  booktitle={Proceedings of the 59th Annual Meeting of the Association for Computational Linguistics and the 11th International Joint Conference on Natural Language Processing (Volume 2: Short Papers)},
  pages={212--219},
  year={2021}
}

@article{yang2019xlnet,
  title={XLNet: Generalized Autoregressive Pretraining for Language Understanding},
  author={Yang, Zhilin},
  journal={arXiv preprint arXiv:1906.08237},
  year={2019}
}


@article{liu2024deepseek,
  title={DeepSeek-V3 Technical Report},
  author={Liu, Aixin and Feng, Bei and Xue, Bing and Wang, Bingxuan and Wu, Bochao and Lu, Chengda and Zhao, Chenggang and Deng, Chengqi and Zhang, Chenyu and Ruan, Chong and others},
  journal={arXiv preprint arXiv:2412.19437},
  year={2024}
}

@article{dong2019unified,
  title={Unified language model pre-training for natural language understanding and generation},
  author={Dong, Li and Yang, Nan and Wang, Wenhui and Wei, Furu and Liu, Xiaodong and Wang, Yu and Gao, Jianfeng and Zhou, Ming and Hon, Hsiao-Wuen},
  journal={Advances in neural information processing systems},
  volume={32},
  year={2019}
}

@article{wang2019bert,
  title={BERT has a mouth, and it must speak: BERT as a Markov random field language model},
  author={Wang, Alex and Cho, Kyunghyun},
  journal={arXiv preprint arXiv:1902.04094},
  year={2019}
}

@article{zhang2024tinyllama,
  title={Tinyllama: An open-source small language model},
  author={Zhang, Peiyuan and Zeng, Guangtao and Wang, Tianduo and Lu, Wei},
  journal={arXiv preprint arXiv:2401.02385},
  year={2024}
}

@article{tay2022ul2,
  title={Ul2: Unifying language learning paradigms},
  author={Tay, Yi and Dehghani, Mostafa and Tran, Vinh Q and Garcia, Xavier and Wei, Jason and Wang, Xuezhi and Chung, Hyung Won and Shakeri, Siamak and Bahri, Dara and Schuster, Tal and others},
  journal={arXiv preprint arXiv:2205.05131},
  year={2022}
}

@article{kamradt2023needle,
  title={Needle in a haystack-pressure testing llms},
  author={Kamradt, Greg},
  journal={Github Repository},
  pages={28},
  year={2023}
}
@article{kwiatkowski2019natural,
  title={Natural questions: a benchmark for question answering research},
  author={Kwiatkowski, Tom and Palomaki, Jennimaria and Redfield, Olivia and Collins, Michael and Parikh, Ankur and Alberti, Chris and Epstein, Danielle and Polosukhin, Illia and Devlin, Jacob and Lee, Kenton and others},
  journal={Transactions of the Association for Computational Linguistics},
  volume={7},
  pages={453--466},
  year={2019},
  publisher={MIT Press One Rogers Street, Cambridge, MA 02142-1209, USA journals-info~…}
}
@article{liu2024lost,
  title={Lost in the middle: How language models use long contexts},
  author={Liu, Nelson F and Lin, Kevin and Hewitt, John and Paranjape, Ashwin and Bevilacqua, Michele and Petroni, Fabio and Liang, Percy},
  journal={Transactions of the Association for Computational Linguistics},
  volume={12},
  pages={157--173},
  year={2024},
  publisher={MIT Press One Broadway, 12th Floor, Cambridge, Massachusetts 02142, USA~…}
}

@article{radford2018improving,
  title={Improving language understanding by generative pre-training},
  author={Radford, Alec},
  year={2018}
}

@article{achiam2023gpt,
  title={Gpt-4 technical report},
  author={Achiam, Josh and Adler, Steven and Agarwal, Sandhini and Ahmad, Lama and Akkaya, Ilge and Aleman, Florencia Leoni and Almeida, Diogo and Altenschmidt, Janko and Altman, Sam and Anadkat, Shyamal and others},
  journal={arXiv preprint arXiv:2303.08774},
  year={2023}
}

@article{team2024gemini,
  title={Gemini 1.5: Unlocking multimodal understanding across millions of tokens of context},
  author={Team, Gemini and Georgiev, Petko and Lei, Ving Ian and Burnell, Ryan and Bai, Libin and Gulati, Anmol and Tanzer, Garrett and Vincent, Damien and Pan, Zhufeng and Wang, Shibo and others},
  journal={arXiv preprint arXiv:2403.05530},
  year={2024}
}

@article{liu2023lost,
  title={Lost in the Middle: How Language Models Use Long Contexts},
  author={Liu, Nelson and Wu, Deming and Liang, Percy},
  journal={arXiv preprint arXiv:2307.03172},
  year={2023}
}

@article{su2024roformer,
  title={RoFormer: Enhanced Transformer with Rotary Position Embedding},
  author={Su, Jianlin and Lu, Yu and Pan, Shengfeng and Wen, Bo and Liu, Yang},
  journal={Neurocomputing},
  year={2024},
  publisher={Elsevier}
}

@article{yaofu2023slimpajama,
  title={SlimPajama: A 627B Token Cleaned and Deduplicated Version of RedPajama},
  author={Yaofu, Chen and Lee, Tianyu and Zhao, Heyang and Wang, Yifan and Ma, Weijian and Gu, Bo and Hao, Jie and Liu, Xingjian},
  journal={arXiv preprint arXiv:2308.15113},
  year={2023}
}

@article{zhou2023lima,
  title={LIMA: Less Is More for Alignment},
  author={Zhou, Chunting and Levy, Omer and Ghazvininejad, Marjan and Zettlemoyer, Luke},
  journal={arXiv preprint arXiv:2305.11206},
  year={2023}
}

@misc{alpaca2023,
  title={Alpaca: A Strong, Replicable Instruction-Following Model},
  author={Taori, Rohan and Gulrajani, Ishaan and Zhang, Tianyi and others},
  year={2023},
  howpublished={\url{https://github.com/tatsu-lab/stanford_alpaca}}
}

@article{dubey2024llama,
  title={The llama 3 herd of models},
  author={Dubey, Abhimanyu and Jauhri, Abhinav and Pandey, Abhinav and Kadian, Abhishek and Al-Dahle, Ahmad and Letman, Aiesha and Mathur, Akhil and Schelten, Alan and Yang, Amy and Fan, Angela and others},
  journal={arXiv preprint arXiv:2407.21783},
  year={2024}
}

@misc{alpaca,
  author = {Rohan Taori and Ishaan Gulrajani and Tianyi Zhang and Yann Dubois and Xuechen Li and Carlos Guestrin and Percy Liang and Tatsunori B. Hashimoto },
  title = {Stanford Alpaca: An Instruction-following LLaMA model},
  year = {2023},
  publisher = {GitHub},
  journal = {GitHub repository},
  howpublished = {\url{https://github.com/tatsu-lab/stanford_alpaca}},
}
@inproceedings{ren2021zero,
  title={$\{$Zero-offload$\}$: Democratizing $\{$billion-scale$\}$ model training},
  author={Ren, Jie and Rajbhandari, Samyam and Aminabadi, Reza Yazdani and Ruwase, Olatunji and Yang, Shuangyan and Zhang, Minjia and Li, Dong and He, Yuxiong},
  booktitle={2021 USENIX Annual Technical Conference (USENIX ATC 21)},
  pages={551--564},
  year={2021}
}

@article{li2024long,
  title={Long-context llms struggle with long in-context learning},
  author={Li, Tianle and Zhang, Ge and Do, Quy Duc and Yue, Xiang and Chen, Wenhu},
  journal={arXiv preprint arXiv:2404.02060},
  year={2024}
}

@article{xiao2023efficient,
  title={Efficient streaming language models with attention sinks},
  author={Xiao, Guangxuan and Tian, Yuandong and Chen, Beidi and Han, Song and Lewis, Mike},
  journal={arXiv preprint arXiv:2309.17453},
  year={2023}
}

@misc{li2024needlebenchllmsretrievalreasoning,
      title={NeedleBench: Can LLMs Do Retrieval and Reasoning in 1 Million Context Window?},
      author={Mo Li and Songyang Zhang and Yunxin Liu and Kai Chen},
      year={2024},
      eprint={2407.11963},
      archivePrefix={arXiv},
      primaryClass={cs.CL},
      url={https://arxiv.org/abs/2407.11963},
}

@misc{2023opencompass,
    title={OpenCompass: A Universal Evaluation Platform for Foundation Models},
    author={OpenCompass Contributors},
    howpublished={\url{https://github.com/open-compass/opencompass}},
    year={2023}
}