@article{Burri25012016,
author = {Burri, Michael and Nikolic, Janosch and Gohl, Pascal and Schneider, Thomas and Rehder, Joern and Omari, Sammy and Achtelik, Markus W and Siegwart, Roland}, 
title = {The EuRoC micro aerial vehicle datasets},
year = {2016}, 
doi = {10.1177/0278364915620033}, 
URL = {http://ijr.sagepub.com/content/early/2016/01/21/0278364915620033.abstract},  
journal = {The International Journal of Robotics Research} 
}

@inproceedings{nister2004visual,
  title={Visual odometry},
  author={Nist{\'e}r, David and Naroditsky, Oleg and Bergen, James},
  booktitle={Proceedings of the 2004 IEEE Computer Society Conference on Computer Vision and Pattern Recognition, 2004. CVPR 2004.},
  volume={1},
  pages={I--I},
  year={2004},
  organization={Ieee}
}

@inproceedings{rublee2011orb,
  title={ORB: An efficient alternative to SIFT or SURF},
  author={Rublee, Ethan and Rabaud, Vincent and Konolige, Kurt and Bradski, Gary},
  booktitle={2011 International conference on computer vision},
  pages={2564--2571},
  year={2011},
  organization={Ieee}
}

@article{engel2017direct,
  title={Direct sparse odometry},
  author={Engel, Jakob and Koltun, Vladlen and Cremers, Daniel},
  journal={IEEE transactions on pattern analysis and machine intelligence},
  volume={40},
  number={3},
  pages={611--625},
  year={2017},
  publisher={IEEE}
}

@inproceedings{gao2018ldso,
  title={LDSO: Direct sparse odometry with loop closure},
  author={Gao, Xiang and Wang, Rui and Demmel, Nikolaus and Cremers, Daniel},
  booktitle={2018 IEEE/RSJ International Conference on Intelligent Robots and Systems (IROS)},
  pages={2198--2204},
  year={2018},
  organization={IEEE}
}

@article{simonyan2014very,
  title={Very deep convolutional networks for large-scale image recognition},
  author={Simonyan, Karen and Zisserman, Andrew},
  journal={arXiv preprint arXiv:1409.1556},
  year={2014}
}


@inproceedings{ester1996density,
  title={Density-based spatial clustering of applications with noise},
  author={Ester, Martin and Kriegel, Hans-Peter and Sander, J{\"o}rg and Xu, Xiaowei},
  booktitle={Int. Conf. knowledge discovery and data mining},
  volume={240},
  number={6},
  year={1996}
}

@inproceedings{newcombe2011dtam,
  title={DTAM: Dense tracking and mapping in real-time},
  author={Newcombe, Richard A and Lovegrove, Steven J and Davison, Andrew J},
  booktitle={2011 international conference on computer vision},
  pages={2320--2327},
  year={2011},
  organization={IEEE}
}

@article{mansouri2020deploying,
  title={Deploying MAVs for autonomous navigation in dark underground mine environments},
  author={Mansouri, Sina Sharif and Kanellakis, Christoforos and Kominiak, Dariusz and Nikolakopoulos, George},
  journal={Robotics and Autonomous Systems},
  volume={126},
  pages={103472},
  year={2020},
  publisher={Elsevier}
}

@inproceedings{forster2014svo,
  title={SVO: Fast semi-direct monocular visual odometry},
  author={Forster, Christian and Pizzoli, Matia and Scaramuzza, Davide},
  booktitle={2014 IEEE international conference on robotics and automation (ICRA)},
  pages={15--22},
  year={2014},
  organization={IEEE}
}

@inproceedings{engel2014lsd,
  title={LSD-SLAM: Large-scale direct monocular SLAM},
  author={Engel, Jakob and Sch{\"o}ps, Thomas and Cremers, Daniel},
  booktitle={European conference on computer vision},
  pages={834--849},
  year={2014},
  organization={Springer}
}

@inproceedings{derr2018signed,
  title={Signed graph convolutional networks},
  author={Derr, Tyler and Ma, Yao and Tang, Jiliang},
  booktitle={2018 IEEE International Conference on Data Mining (ICDM)},
  pages={929--934},
  year={2018},
  organization={IEEE}
}

@article{bajcsy1988active,
  title={Active perception},
  author={Bajcsy, Ruzena},
  journal={Proceedings of the IEEE},
  volume={76},
  number={8},
  pages={966--1005},
  year={1988},
  publisher={IEEE}
}

@inproceedings{eidenberger2010active,
  title={Active perception and scene modeling by planning with probabilistic 6d object poses},
  author={Eidenberger, Robert and Scharinger, Josef},
  booktitle={2010 IEEE/RSJ international conference on intelligent robots and systems},
  pages={1036--1043},
  year={2010},
  organization={IEEE}
}

@inproceedings{stampfer2012information,
  title={Information driven sensor placement for robust active object recognition based on multiple views},
  author={Stampfer, Dennis and Lutz, Matthias and Schlegel, Christian},
  booktitle={2012 IEEE International Conference on Technologies for Practical Robot Applications (TePRA)},
  pages={133--138},
  year={2012},
  organization={IEEE}
}

@article{dionigi2022vat,
  title={E-vat: An asymmetric end-to-end approach to visual active exploration and tracking},
  author={Dionigi, Alberto and Devo, Alessandro and Guiducci, Leonardo and Costante, Gabriele},
  journal={IEEE Robotics and Automation Letters},
  volume={7},
  number={2},
  pages={4259--4266},
  year={2022},
  publisher={IEEE}
}

@inproceedings{bujanca2021robust,
  title={Robust slam systems: Are we there yet?},
  author={Bujanca, Mihai and Shi, Xuesong and Spear, Matthew and Zhao, Pengpeng and Lennox, Barry and Luj{\'a}n, Mikel},
  booktitle={2021 IEEE/RSJ International Conference on Intelligent Robots and Systems (IROS)},
  pages={5320--5327},
  year={2021},
  organization={IEEE}
}

@misc{grupp2017evo,
  title={evo: Python package for the evaluation of odometry and SLAM.},
  author={Grupp, Michael},
  howpublished={\url{https://github.com/MichaelGrupp/evo}},
  year={2017}
}

@article{lu1997robot,
  title={Robot pose estimation in unknown environments by matching 2d range scans},
  author={Lu, Feng and Milios, Evangelos},
  journal={Journal of Intelligent and Robotic systems},
  volume={18},
  pages={249--275},
  year={1997},
  publisher={Springer}
}

@article{wang2020approaches,
  title={Approaches challenges and applications for deep visual odometry toward to complicated and emerging areas},
  author={Wang, Ke and Ma, Sai and Chen, Junlan and Ren, Fan and Lu, Jianbo},
  journal={IEEE Transactions on Cognitive and Developmental Systems},
  year={2020},
  publisher={IEEE}
}

@article{teed2021droid,
  title={Droid-slam: Deep visual slam for monocular, stereo, and rgb-d cameras},
  author={Teed, Zachary and Deng, Jia},
  journal={Advances in Neural Information Processing Systems},
  volume={34},
  pages={16558--16569},
  year={2021}
}

@article{davison2007monoslam,
  title={MonoSLAM: Real-time single camera SLAM},
  author={Davison, Andrew J and Reid, Ian D and Molton, Nicholas D and Stasse, Olivier},
  journal={IEEE transactions on pattern analysis and machine intelligence},
  volume={29},
  number={6},
  pages={1052--1067},
  year={2007},
  publisher={IEEE}
}

@article{dai2020rgb,
  title={Rgb-d slam in dynamic environments using point correlations},
  author={Dai, Weichen and Zhang, Yu and Li, Ping and Fang, Zheng and Scherer, Sebastian},
  journal={IEEE transactions on pattern analysis and machine intelligence},
  volume={44},
  number={1},
  pages={373--389},
  year={2020},
  publisher={IEEE}
}

@article{kazerouni2022survey,
  title={A survey of state-of-the-art on visual SLAM},
  author={Kazerouni, Iman Abaspur and Fitzgerald, Luke and Dooly, Gerard and Toal, Daniel},
  journal={Expert Systems with Applications},
  volume={205},
  pages={117734},
  year={2022},
  publisher={Elsevier}
}

@inproceedings{kasper2019benchmark,
  title={A benchmark for visual-inertial odometry systems employing onboard illumination},
  author={Kasper, Mike and McGuire, Steve and Heckman, Christoffer},
  booktitle={2019 IEEE/RSJ International Conference on Intelligent Robots and Systems (IROS)},
  pages={5256--5263},
  year={2019},
  organization={IEEE}
}

@article{zhang2022visual,
  title={Visual SLAM for underwater vehicles: A survey},
  author={Zhang, Song and Zhao, Shili and An, Dong and Liu, Jincun and Wang, He and Feng, Yu and Li, Daoliang and Zhao, Ran},
  journal={Computer Science Review},
  volume={46},
  pages={100510},
  year={2022},
  publisher={Elsevier}
}

@inproceedings{li2020dxslam,
  title={DXSLAM: A robust and efficient visual SLAM system with deep features},
  author={Li, Dongjiang and Shi, Xuesong and Long, Qiwei and Liu, Shenghui and Yang, Wei and Wang, Fangshi and Wei, Qi and Qiao, Fei},
  booktitle={2020 IEEE/RSJ International Conference on Intelligent Robots and Systems (IROS)},
  pages={4958--4965},
  year={2020},
  organization={IEEE}
}

@article{ORBSLAM3_TRO,
  title={{ORB-SLAM3}: An Accurate Open-Source Library for Visual, Visual-Inertial 
           and Multi-Map {SLAM}},
  author={Campos, Carlos AND Elvira, Richard AND G\'omez, Juan J. AND Montiel, 
          Jos\'e M. M. AND Tard\' os, Juan D.},
  journal={IEEE Transactions on Robotics}, 
  volume={37},
  number={6},
  pages={1874-1890},
  year={2021}
 }

@article{wang2022automated,
  title={Automated camera-exposure control for robust localization in varying illumination environments},
  author={Wang, Yu and Chen, Haoyao and Zhang, Shiwu and Lu, Wencan},
  journal={Autonomous Robots},
  volume={46},
  number={4},
  pages={515--534},
  year={2022},
  publisher={Springer}
}

@article{wang2023active,
  title={Active view planning for visual slam in outdoor environments based on continuous information modeling},
  author={Wang, Zhihao and Chen, Haoyao and Zhang, Shiwu and Lou, Yunjiang},
  journal={IEEE/ASME Transactions on Mechatronics},
  volume={29},
  number={1},
  pages={237--248},
  year={2023},
  publisher={IEEE}
}


@inproceedings{geneva2020openvins,
  title={Openvins: A research platform for visual-inertial estimation},
  author={Geneva, Patrick and Eckenhoff, Kevin and Lee, Woosik and Yang, Yulin and Huang, Guoquan},
  booktitle={2020 IEEE International Conference on Robotics and Automation (ICRA)},
  pages={4666--4672},
  year={2020},
  organization={IEEE}
}

@article{kong2021direct,
  title={Direct near-infrared-depth visual SLAM with active lighting},
  author={Kong, Da and Zhang, Yu and Dai, Weichen},
  journal={IEEE robotics and Automation Letters},
  volume={6},
  number={4},
  pages={7057--7064},
  year={2021},
  publisher={IEEE}
}

@article{mur2017visual,
  title={Visual-inertial monocular SLAM with map reuse},
  author={Mur-Artal, Ra{\'u}l and Tard{\'o}s, Juan D},
  journal={IEEE Robotics and Automation Letters},
  volume={2},
  number={2},
  pages={796--803},
  year={2017},
  publisher={IEEE}
}


@incollection{schmidt1966application,
  title={Application of state-space methods to navigation problems},
  author={Schmidt, Stanley F},
  booktitle={Advances in control systems},
  volume={3},
  pages={293--340},
  year={1966},
  publisher={Elsevier}
}

@article{qin2018vins,
  title={Vins-mono: A robust and versatile monocular visual-inertial state estimator},
  author={Qin, Tong and Li, Peiliang and Shen, Shaojie},
  journal={IEEE Transactions on Robotics},
  volume={34},
  number={4},
  pages={1004--1020},
  year={2018},
  publisher={IEEE}
}

@article{leutenegger2015keyframe,
  title={Keyframe-based visual-inertial odometry using nonlinear optimization},
  author={Leutenegger, Stefan and Lynen, Simon and Bosse, Michael and Siegwart, Roland and Furgale, Paul},
  journal={The International Journal of Robotics Research},
  volume={34},
  number={3},
  pages={314--334},
  year={2015},
  publisher={SAGE Publications Sage UK: London, England}
}

@inproceedings{weidner2017underwater,
  title={Underwater cave mapping using stereo vision},
  author={Weidner, Nick and Rahman, Sharmin and Li, Alberto Quattrini and Rekleitis, Ioannis},
  booktitle={2017 IEEE International Conference on Robotics and Automation (ICRA)},
  pages={5709--5715},
  year={2017},
  organization={IEEE}
}

@article{jiang2021enlightengan,
  title={Enlightengan: Deep light enhancement without paired supervision},
  author={Jiang, Yifan and Gong, Xinyu and Liu, Ding and Cheng, Yu and Fang, Chen and Shen, Xiaohui and Yang, Jianchao and Zhou, Pan and Wang, Zhangyang},
  journal={IEEE transactions on image processing},
  volume={30},
  pages={2340--2349},
  year={2021},
  publisher={IEEE}
}

@inproceedings{mactavish2017night,
  title={Night rider: Visual odometry using headlights},
  author={MacTavish, Kirk and Paton, Michael and Barfoot, Timothy D},
  booktitle={2017 14th Conference on Computer and Robot Vision (CRV)},
  pages={314--320},
  year={2017},
  organization={IEEE}
}

@article{kim2020proactive,
  title={Proactive camera attribute control using bayesian optimization for illumination-resilient visual navigation},
  author={Kim, Joowan and Cho, Younggun and Kim, Ayoung},
  journal={IEEE Transactions on Robotics},
  volume={36},
  number={4},
  pages={1256--1271},
  year={2020},
  publisher={IEEE}
}

@inproceedings{park2017illumination,
  title={Illumination change robustness in direct visual slam},
  author={Park, Seonwook and Sch{\'o}ps, Thomas and Pollefeys, Marc},
  booktitle={2017 IEEE international conference on robotics and automation (ICRA)},
  pages={4523--4530},
  year={2017},
  organization={IEEE}
}

@inproceedings{mourikis2007multi,
  title={A multi-state constraint Kalman filter for vision-aided inertial navigation},
  author={Mourikis, Anastasios I and Roumeliotis, Stergios I},
  booktitle={Proceedings 2007 IEEE international conference on robotics and automation},
  pages={3565--3572},
  year={2007},
  organization={IEEE}
}

@article{dionigi2024d,
  title={D-VAT: End-to-End Visual Active Tracking for Micro Aerial Vehicles},
  author={Dionigi, Alberto and Felicioni, Simone and Leomanni, Mirko and Costante, Gabriele},
  journal={IEEE Robotics and Automation Letters},
  year={2024},
  publisher={IEEE}
}

@article{legittimo2023benchmark,
  title={A benchmark analysis of data-driven and geometric approaches for robot ego-motion estimation},
  author={Legittimo, Marco and Felicioni, Simone and Bagni, Fabio and Tagliavini, Andrea and Dionigi, Alberto and Gatti, Francesco and Verucchi, Micaela and Costante, Gabriele and Bertogna, Marko},
  journal={Journal of Field Robotics},
  volume={40},
  number={3},
  pages={626--654},
  year={2023},
  publisher={Wiley Online Library}
}

@article{mollica2023integrating,
  title={Integrating Sparse Learning-Based Feature Detectors into Simultaneous Localization and Mapping—A Benchmark Study},
  author={Mollica, Giuseppe and Legittimo, Marco and Dionigi, Alberto and Costante, Gabriele and Valigi, Paolo},
  journal={Sensors},
  volume={23},
  number={4},
  pages={2286},
  year={2023},
  publisher={MDPI}
}

@inproceedings{detone2018superpoint,
  title={Superpoint: Self-supervised interest point detection and description},
  author={DeTone, Daniel and Malisiewicz, Tomasz and Rabinovich, Andrew},
  booktitle={Proceedings of the IEEE conference on computer vision and pattern recognition workshops},
  pages={224--236},
  year={2018}
}