@inproceedings{DBLP:conf/acl/MallenAZDKH23,
  author       = {Alex Mallen and
                  Akari Asai and
                  Victor Zhong and
                  Rajarshi Das and
                  Daniel Khashabi and
                  Hannaneh Hajishirzi},
  editor       = {Anna Rogers and
                  Jordan L. Boyd{-}Graber and
                  Naoaki Okazaki},
  title        = {When Not to Trust Language Models: Investigating Effectiveness of
                  Parametric and Non-Parametric Memories},
  booktitle    = {Proceedings of the 61st Annual Meeting of the Association for Computational
                  Linguistics (Volume 1: Long Papers), {ACL} 2023, Toronto, Canada,
                  July 9-14, 2023},
  pages        = {9802--9822},
  publisher    = {Association for Computational Linguistics},
  year         = {2023},
  url          = {https://doi.org/10.18653/v1/2023.acl-long.546},
  doi          = {10.18653/V1/2023.ACL-LONG.546},
  timestamp    = {Thu, 10 Aug 2023 12:35:46 +0200},
  biburl       = {https://dblp.org/rec/conf/acl/MallenAZDKH23.bib},
  bibsource    = {dblp computer science bibliography, https://dblp.org}
}

@inproceedings{DBLP:conf/acl/StranisciDMPRC23,
  author       = {Marco Antonio Stranisci and
                  Rossana Damiano and
                  Enrico Mensa and
                  Viviana Patti and
                  Daniele Paolo Radicioni and
                  Tommaso Caselli},
  editor       = {Anna Rogers and
                  Jordan L. Boyd{-}Graber and
                  Naoaki Okazaki},
  title        = {WikiBio: a Semantic Resource for the Intersectional Analysis of Biographical
                  Events},
  booktitle    = {Proceedings of the 61st Annual Meeting of the Association for Computational
                  Linguistics (Volume 1: Long Papers), {ACL} 2023, Toronto, Canada,
                  July 9-14, 2023},
  pages        = {12370--12384},
  publisher    = {Association for Computational Linguistics},
  year         = {2023},
  url          = {https://doi.org/10.18653/v1/2023.acl-long.691},
  doi          = {10.18653/V1/2023.ACL-LONG.691},
  timestamp    = {Sun, 04 Aug 2024 19:39:33 +0200},
  biburl       = {https://dblp.org/rec/conf/acl/StranisciDMPRC23.bib},
  bibsource    = {dblp computer science bibliography, https://dblp.org}
}

@inproceedings{DBLP:conf/acl/ZhangPTZJSMM24,
  author       = {Xiaoying Zhang and
                  Baolin Peng and
                  Ye Tian and
                  Jingyan Zhou and
                  Lifeng Jin and
                  Linfeng Song and
                  Haitao Mi and
                  Helen Meng},
  editor       = {Lun{-}Wei Ku and
                  Andre Martins and
                  Vivek Srikumar},
  title        = {Self-Alignment for Factuality: Mitigating Hallucinations in LLMs via
                  Self-Evaluation},
  booktitle    = {Proceedings of the 62nd Annual Meeting of the Association for Computational
                  Linguistics (Volume 1: Long Papers), {ACL} 2024, Bangkok, Thailand,
                  August 11-16, 2024},
  pages        = {1946--1965},
  publisher    = {Association for Computational Linguistics},
  year         = {2024},
  url          = {https://doi.org/10.18653/v1/2024.acl-long.107},
  doi          = {10.18653/V1/2024.ACL-LONG.107},
  timestamp    = {Tue, 24 Sep 2024 10:55:51 +0200},
  biburl       = {https://dblp.org/rec/conf/acl/ZhangPTZJSMM24.bib},
  bibsource    = {dblp computer science bibliography, https://dblp.org}
}

@inproceedings{DBLP:conf/emnlp/BehzadZ024,
  author       = {Shabnam Behzad and
                  Amir Zeldes and
                  Nathan Schneider},
  editor       = {Yaser Al{-}Onaizan and
                  Mohit Bansal and
                  Yun{-}Nung Chen},
  title        = {To Ask LLMs about English Grammaticality, Prompt Them in a Different
                  Language},
  booktitle    = {Findings of the Association for Computational Linguistics: {EMNLP}
                  2024, Miami, Florida, USA, November 12-16, 2024},
  pages        = {15622--15634},
  publisher    = {Association for Computational Linguistics},
  year         = {2024},
  url          = {https://aclanthology.org/2024.findings-emnlp.916},
  timestamp    = {Mon, 18 Nov 2024 09:06:00 +0100},
  biburl       = {https://dblp.org/rec/conf/emnlp/BehzadZ024.bib},
  bibsource    = {dblp computer science bibliography, https://dblp.org}
}

@inproceedings{DBLP:conf/emnlp/DasSS22,
  author       = {Souvik Das and
                  Sougata Saha and
                  Rohini K. Srihari},
  editor       = {Yoav Goldberg and
                  Zornitsa Kozareva and
                  Yue Zhang},
  title        = {Diving Deep into Modes of Fact Hallucinations in Dialogue Systems},
  booktitle    = {Findings of the Association for Computational Linguistics: {EMNLP}
                  2022, Abu Dhabi, United Arab Emirates, December 7-11, 2022},
  pages        = {684--699},
  publisher    = {Association for Computational Linguistics},
  year         = {2022},
  url          = {https://doi.org/10.18653/v1/2022.findings-emnlp.48},
  doi          = {10.18653/V1/2022.FINDINGS-EMNLP.48},
  timestamp    = {Thu, 10 Aug 2023 12:35:28 +0200},
  biburl       = {https://dblp.org/rec/conf/emnlp/DasSS22.bib},
  bibsource    = {dblp computer science bibliography, https://dblp.org}
}

@inproceedings{DBLP:conf/emnlp/Peng0S24,
  author       = {Letian Peng and
                  Zilong Wang and
                  Jingbo Shang},
  editor       = {Yaser Al{-}Onaizan and
                  Mohit Bansal and
                  Yun{-}Nung Chen},
  title        = {Incubating Text Classifiers Following User Instruction with Nothing
                  but {LLM}},
  booktitle    = {Proceedings of the 2024 Conference on Empirical Methods in Natural
                  Language Processing, {EMNLP} 2024, Miami, FL, USA, November 12-16,
                  2024},
  pages        = {3753--3766},
  publisher    = {Association for Computational Linguistics},
  year         = {2024},
  url          = {https://aclanthology.org/2024.emnlp-main.220},
  timestamp    = {Thu, 14 Nov 2024 17:20:55 +0100},
  biburl       = {https://dblp.org/rec/conf/emnlp/Peng0S24.bib},
  bibsource    = {dblp computer science bibliography, https://dblp.org}
}

@inproceedings{DBLP:conf/iclr/XiongHLLFHH24,
  author       = {Miao Xiong and
                  Zhiyuan Hu and
                  Xinyang Lu and
                  Yifei Li and
                  Jie Fu and
                  Junxian He and
                  Bryan Hooi},
  title        = {Can LLMs Express Their Uncertainty? An Empirical Evaluation of Confidence
                  Elicitation in LLMs},
  booktitle    = {The Twelfth International Conference on Learning Representations,
                  {ICLR} 2024, Vienna, Austria, May 7-11, 2024},
  publisher    = {OpenReview.net},
  year         = {2024},
  url          = {https://openreview.net/forum?id=gjeQKFxFpZ},
  timestamp    = {Thu, 19 Sep 2024 18:34:24 +0200},
  biburl       = {https://dblp.org/rec/conf/iclr/XiongHLLFHH24.bib},
  bibsource    = {dblp computer science bibliography, https://dblp.org}
}

@inproceedings{DBLP:conf/ijcai/0016SGW000LZC24,
  author       = {Xiang Chen and
                  Duanzheng Song and
                  Honghao Gui and
                  Chenxi Wang and
                  Ningyu Zhang and
                  Yong Jiang and
                  Fei Huang and
                  Chengfei Lyu and
                  Dan Zhang and
                  Huajun Chen},
  title        = {FactCHD: Benchmarking Fact-Conflicting Hallucination Detection},
  booktitle    = {Proceedings of the Thirty-Third International Joint Conference on
                  Artificial Intelligence, {IJCAI} 2024, Jeju, South Korea, August 3-9,
                  2024},
  pages        = {6216--6224},
  publisher    = {ijcai.org},
  year         = {2024},
  url          = {https://www.ijcai.org/proceedings/2024/687},
  timestamp    = {Fri, 18 Oct 2024 20:55:04 +0200},
  biburl       = {https://dblp.org/rec/conf/ijcai/0016SGW000LZC24.bib},
  bibsource    = {dblp computer science bibliography, https://dblp.org}
}

@inproceedings{DBLP:conf/naacl/PagnoniBT21,
  author       = {Artidoro Pagnoni and
                  Vidhisha Balachandran and
                  Yulia Tsvetkov},
  editor       = {Kristina Toutanova and
                  Anna Rumshisky and
                  Luke Zettlemoyer and
                  Dilek Hakkani{-}T{\"{u}}r and
                  Iz Beltagy and
                  Steven Bethard and
                  Ryan Cotterell and
                  Tanmoy Chakraborty and
                  Yichao Zhou},
  title        = {Understanding Factuality in Abstractive Summarization with {FRANK:}
                  {A} Benchmark for Factuality Metrics},
  booktitle    = {Proceedings of the 2021 Conference of the North American Chapter of
                  the Association for Computational Linguistics: Human Language Technologies,
                  {NAACL-HLT} 2021, Online, June 6-11, 2021},
  pages        = {4812--4829},
  publisher    = {Association for Computational Linguistics},
  year         = {2021},
  url          = {https://doi.org/10.18653/v1/2021.naacl-main.383},
  doi          = {10.18653/V1/2021.NAACL-MAIN.383},
  timestamp    = {Fri, 06 Aug 2021 00:41:31 +0200},
  biburl       = {https://dblp.org/rec/conf/naacl/PagnoniBT21.bib},
  bibsource    = {dblp computer science bibliography, https://dblp.org}
}

@inproceedings{DBLP:conf/naacl/ThorneVCM18,
  author       = {James Thorne and
                  Andreas Vlachos and
                  Christos Christodoulopoulos and
                  Arpit Mittal},
  editor       = {Marilyn A. Walker and
                  Heng Ji and
                  Amanda Stent},
  title        = {{FEVER:} a Large-scale Dataset for Fact Extraction and VERification},
  booktitle    = {Proceedings of the 2018 Conference of the North American Chapter of
                  the Association for Computational Linguistics: Human Language Technologies,
                  {NAACL-HLT} 2018, New Orleans, Louisiana, USA, June 1-6, 2018, Volume
                  1 (Long Papers)},
  pages        = {809--819},
  publisher    = {Association for Computational Linguistics},
  year         = {2018},
  url          = {https://doi.org/10.18653/v1/n18-1074},
  doi          = {10.18653/V1/N18-1074},
  timestamp    = {Mon, 29 Nov 2021 15:44:36 +0100},
  biburl       = {https://dblp.org/rec/conf/naacl/ThorneVCM18.bib},
  bibsource    = {dblp computer science bibliography, https://dblp.org}
}

@inproceedings{DBLP:conf/www/ShenLFRBN23,
  author       = {Jiaming Shen and
                  Jialu Liu and
                  Daniel Finnie and
                  Negar Rahmati and
                  Mike Bendersky and
                  Marc Najork},
  editor       = {Ying Ding and
                  Jie Tang and
                  Juan F. Sequeda and
                  Lora Aroyo and
                  Carlos Castillo and
                  Geert{-}Jan Houben},
  title        = {"Why is this misleading?": Detecting News Headline Hallucinations
                  with Explanations},
  booktitle    = {Proceedings of the {ACM} Web Conference 2023, {WWW} 2023, Austin,
                  TX, USA, 30 April 2023 - 4 May 2023},
  pages        = {1662--1672},
  publisher    = {{ACM}},
  year         = {2023},
  url          = {https://doi.org/10.1145/3543507.3583375},
  doi          = {10.1145/3543507.3583375},
  timestamp    = {Mon, 28 Aug 2023 21:17:10 +0200},
  biburl       = {https://dblp.org/rec/conf/www/ShenLFRBN23.bib},
  bibsource    = {dblp computer science bibliography, https://dblp.org}
}

@article{DBLP:journals/corr/abs-2303-08774,
  author       = {OpenAI},
  title        = {{GPT-4} Technical Report},
  journal      = {CoRR},
  volume       = {abs/2303.08774},
  year         = {2023},
  url          = {https://doi.org/10.48550/arXiv.2303.08774},
  doi          = {10.48550/ARXIV.2303.08774},
  eprinttype    = {arXiv},
  eprint       = {2303.08774},
  timestamp    = {Mon, 28 Aug 2023 21:26:19 +0200},
  biburl       = {https://dblp.org/rec/journals/corr/abs-2303-08774.bib},
  bibsource    = {dblp computer science bibliography, https://dblp.org}
}

@article{DBLP:journals/corr/abs-2306-01779,
  author       = {Kevin Ma and
                  Daniele Grandi and
                  Christopher McComb and
                  Kosa Goucher{-}Lambert},
  title        = {Conceptual Design Generation Using Large Language Models},
  journal      = {CoRR},
  volume       = {abs/2306.01779},
  year         = {2023},
  url          = {https://doi.org/10.48550/arXiv.2306.01779},
  doi          = {10.48550/ARXIV.2306.01779},
  eprinttype    = {arXiv},
  eprint       = {2306.01779},
  timestamp    = {Mon, 12 Jun 2023 16:25:59 +0200},
  biburl       = {https://dblp.org/rec/journals/corr/abs-2306-01779.bib},
  bibsource    = {dblp computer science bibliography, https://dblp.org}
}

@article{rabby2024mc,
  title={MC-NEST--Enhancing Mathematical Reasoning in Large Language Models with a Monte Carlo Nash Equilibrium Self-Refine Tree},
  author={Rabby, Gollam and Keya, Farhana and Zamil, Parvez and Auer, S{\"o}ren},
  journal={arXiv preprint arXiv:2411.15645},
  year={2024}
}

