

@inproceedings{DBLP:conf/ijcai/WangSORRE24,
  author       = {Xindi Wang and
                  Mahsa Salmani and
                  Parsa Omidi and
                  Xiangyu Ren and
                  Mehdi Rezagholizadeh and
                  Armaghan Eshaghi},
  title        = {Beyond the Limits: {A} Survey of Techniques to Extend the Context
                  Length in Large Language Models},
  booktitle    = {Proceedings of the Thirty-Third International Joint Conference on
                  Artificial Intelligence, {IJCAI} 2024, Jeju, South Korea, August 3-9,
                  2024},
  pages        = {8299--8307},
  publisher    = {ijcai.org},
  year         = {2024},
  url          = {https://www.ijcai.org/proceedings/2024/917},
  timestamp    = {Fri, 18 Oct 2024 20:55:27 +0200},
  biburl       = {https://dblp.org/rec/conf/ijcai/WangSORRE24.bib},
  bibsource    = {dblp computer science bibliography, https://dblp.org}
}



@inproceedings{DBLP:conf/emnlp/ManakulLG23,
  author       = {Potsawee Manakul and
                  Adian Liusie and
                  Mark J. F. Gales},
  editor       = {Houda Bouamor and
                  Juan Pino and
                  Kalika Bali},
  title        = {SelfCheckGPT: Zero-Resource Black-Box Hallucination Detection for
                  Generative Large Language Models},
  booktitle    = {Proceedings of the 2023 Conference on Empirical Methods in Natural
                  Language Processing, {EMNLP} 2023, Singapore, December 6-10, 2023},
  pages        = {9004--9017},
  publisher    = {Association for Computational Linguistics},
  year         = {2023},
  url          = {https://doi.org/10.18653/v1/2023.emnlp-main.557},
  doi          = {10.18653/V1/2023.EMNLP-MAIN.557},
  timestamp    = {Fri, 12 Apr 2024 13:11:46 +0200},
  biburl       = {https://dblp.org/rec/conf/emnlp/ManakulLG23.bib},
  bibsource    = {dblp computer science bibliography, https://dblp.org}
}



@article{DBLP:journals/corr/abs-2410-02899,
  author       = {Deema Alnuhait and
                  Neeraja Kirtane and
                  Muhammad Khalifa and
                  Hao Peng},
  title        = {FactCheckmate: Preemptively Detecting and Mitigating Hallucinations
                  in LMs},
  journal      = {CoRR},
  volume       = {abs/2410.02899},
  year         = {2024},
  url          = {https://doi.org/10.48550/arXiv.2410.02899},
  doi          = {10.48550/ARXIV.2410.02899},
  eprinttype    = {arXiv},
  eprint       = {2410.02899},
  timestamp    = {Thu, 07 Nov 2024 15:42:49 +0100},
  biburl       = {https://dblp.org/rec/journals/corr/abs-2410-02899.bib},
  bibsource    = {dblp computer science bibliography, https://dblp.org}
}



@inproceedings{DBLP:conf/emnlp/0038GLZPK24,
  author       = {Qing Li and
                  Jiahui Geng and
                  Chenyang Lyu and
                  Derui Zhu and
                  Maxim Panov and
                  Fakhri Karray},
  editor       = {Yaser Al{-}Onaizan and
                  Mohit Bansal and
                  Yun{-}Nung Chen},
  title        = {Reference-free Hallucination Detection for Large Vision-Language Models},
  booktitle    = {Findings of the Association for Computational Linguistics: {EMNLP}
                  2024, Miami, Florida, USA, November 12-16, 2024},
  pages        = {4542--4551},
  publisher    = {Association for Computational Linguistics},
  year         = {2024},
  url          = {https://aclanthology.org/2024.findings-emnlp.262},
  timestamp    = {Mon, 18 Nov 2024 09:05:59 +0100},
  biburl       = {https://dblp.org/rec/conf/emnlp/0038GLZPK24.bib},
  bibsource    = {dblp computer science bibliography, https://dblp.org}
}


@article{hallucinations-leaderboard,
  author       = {Giwon Hong and
                  Aryo Pradipta Gema and
                  Rohit Saxena and
                  Xiaotang Du and
                  Ping Nie and
                  Yu Zhao and
                  Laura Perez{-}Beltrachini and
                  Max Ryabinin and
                  Xuanli He and
                  Cl{\'{e}}mentine Fourrier and
                  Pasquale Minervini},
  title        = {The Hallucinations Leaderboard - An Open Effort to Measure Hallucinations
                  in Large Language Models},
  journal      = {CoRR},
  volume       = {abs/2404.05904},
  year         = {2024},
  url          = {https://doi.org/10.48550/arXiv.2404.05904},
  doi          = {10.48550/ARXIV.2404.05904},
  eprinttype    = {arXiv},
  eprint       = {2404.05904},
  timestamp    = {Wed, 15 May 2024 08:47:08 +0200},
  biburl       = {https://dblp.org/rec/journals/corr/abs-2404-05904.bib},
  bibsource    = {dblp computer science bibliography, https://dblp.org}
}



@inproceedings{DBLP:conf/ijcai/0016SGW000LZC24,
  author       = {Xiang Chen and
                  Duanzheng Song and
                  Honghao Gui and
                  Chenxi Wang and
                  Ningyu Zhang and
                  Yong Jiang and
                  Fei Huang and
                  Chengfei Lyu and
                  Dan Zhang and
                  Huajun Chen},
  title        = {FactCHD: Benchmarking Fact-Conflicting Hallucination Detection},
  booktitle    = {Proceedings of the Thirty-Third International Joint Conference on
                  Artificial Intelligence, {IJCAI} 2024, Jeju, South Korea, August 3-9,
                  2024},
  pages        = {6216--6224},
  publisher    = {ijcai.org},
  year         = {2024},
  url          = {https://www.ijcai.org/proceedings/2024/687},
  timestamp    = {Fri, 18 Oct 2024 20:55:04 +0200},
  biburl       = {https://dblp.org/rec/conf/ijcai/0016SGW000LZC24.bib},
  bibsource    = {dblp computer science bibliography, https://dblp.org}
}



@inproceedings{DBLP:conf/acl/ZhangPTZJSMM24,
  author       = {Xiaoying Zhang and
                  Baolin Peng and
                  Ye Tian and
                  Jingyan Zhou and
                  Lifeng Jin and
                  Linfeng Song and
                  Haitao Mi and
                  Helen Meng},
  editor       = {Lun{-}Wei Ku and
                  Andre Martins and
                  Vivek Srikumar},
  title        = {Self-Alignment for Factuality: Mitigating Hallucinations in LLMs via
                  Self-Evaluation},
  booktitle    = {Proceedings of the 62nd Annual Meeting of the Association for Computational
                  Linguistics (Volume 1: Long Papers), {ACL} 2024, Bangkok, Thailand,
                  August 11-16, 2024},
  pages        = {1946--1965},
  publisher    = {Association for Computational Linguistics},
  year         = {2024},
  url          = {https://doi.org/10.18653/v1/2024.acl-long.107},
  doi          = {10.18653/V1/2024.ACL-LONG.107},
  timestamp    = {Tue, 24 Sep 2024 10:55:51 +0200},
  biburl       = {https://dblp.org/rec/conf/acl/ZhangPTZJSMM24.bib},
  bibsource    = {dblp computer science bibliography, https://dblp.org}
}






@inproceedings{DBLP:conf/www/ShenLFRBN23,
  author       = {Jiaming Shen and
                  Jialu Liu and
                  Daniel Finnie and
                  Negar Rahmati and
                  Mike Bendersky and
                  Marc Najork},
  editor       = {Ying Ding and
                  Jie Tang and
                  Juan F. Sequeda and
                  Lora Aroyo and
                  Carlos Castillo and
                  Geert{-}Jan Houben},
  title        = {"Why is this misleading?": Detecting News Headline Hallucinations
                  with Explanations},
  booktitle    = {Proceedings of the {ACM} Web Conference 2023, {WWW} 2023, Austin,
                  TX, USA, 30 April 2023 - 4 May 2023},
  pages        = {1662--1672},
  publisher    = {{ACM}},
  year         = {2023},
  url          = {https://doi.org/10.1145/3543507.3583375},
  doi          = {10.1145/3543507.3583375},
  timestamp    = {Mon, 28 Aug 2023 21:17:10 +0200},
  biburl       = {https://dblp.org/rec/conf/www/ShenLFRBN23.bib},
  bibsource    = {dblp computer science bibliography, https://dblp.org}
}



@inproceedings{DBLP:conf/naacl/PagnoniBT21,
  author       = {Artidoro Pagnoni and
                  Vidhisha Balachandran and
                  Yulia Tsvetkov},
  editor       = {Kristina Toutanova and
                  Anna Rumshisky and
                  Luke Zettlemoyer and
                  Dilek Hakkani{-}T{\"{u}}r and
                  Iz Beltagy and
                  Steven Bethard and
                  Ryan Cotterell and
                  Tanmoy Chakraborty and
                  Yichao Zhou},
  title        = {Understanding Factuality in Abstractive Summarization with {FRANK:}
                  {A} Benchmark for Factuality Metrics},
  booktitle    = {Proceedings of the 2021 Conference of the North American Chapter of
                  the Association for Computational Linguistics: Human Language Technologies,
                  {NAACL-HLT} 2021, Online, June 6-11, 2021},
  pages        = {4812--4829},
  publisher    = {Association for Computational Linguistics},
  year         = {2021},
  url          = {https://doi.org/10.18653/v1/2021.naacl-main.383},
  doi          = {10.18653/V1/2021.NAACL-MAIN.383},
  timestamp    = {Fri, 06 Aug 2021 00:41:31 +0200},
  biburl       = {https://dblp.org/rec/conf/naacl/PagnoniBT21.bib},
  bibsource    = {dblp computer science bibliography, https://dblp.org}
}



@inproceedings{DBLP:conf/emnlp/DasSS22,
  author       = {Souvik Das and
                  Sougata Saha and
                  Rohini K. Srihari},
  editor       = {Yoav Goldberg and
                  Zornitsa Kozareva and
                  Yue Zhang},
  title        = {Diving Deep into Modes of Fact Hallucinations in Dialogue Systems},
  booktitle    = {Findings of the Association for Computational Linguistics: {EMNLP}
                  2022, Abu Dhabi, United Arab Emirates, December 7-11, 2022},
  pages        = {684--699},
  publisher    = {Association for Computational Linguistics},
  year         = {2022},
  url          = {https://doi.org/10.18653/v1/2022.findings-emnlp.48},
  doi          = {10.18653/V1/2022.FINDINGS-EMNLP.48},
  timestamp    = {Thu, 10 Aug 2023 12:35:28 +0200},
  biburl       = {https://dblp.org/rec/conf/emnlp/DasSS22.bib},
  bibsource    = {dblp computer science bibliography, https://dblp.org}
}



@inproceedings{DBLP:conf/acl/MallenAZDKH23,
  author       = {Alex Mallen and
                  Akari Asai and
                  Victor Zhong and
                  Rajarshi Das and
                  Daniel Khashabi and
                  Hannaneh Hajishirzi},
  editor       = {Anna Rogers and
                  Jordan L. Boyd{-}Graber and
                  Naoaki Okazaki},
  title        = {When Not to Trust Language Models: Investigating Effectiveness of
                  Parametric and Non-Parametric Memories},
  booktitle    = {Proceedings of the 61st Annual Meeting of the Association for Computational
                  Linguistics (Volume 1: Long Papers), {ACL} 2023, Toronto, Canada,
                  July 9-14, 2023},
  pages        = {9802--9822},
  publisher    = {Association for Computational Linguistics},
  year         = {2023},
  url          = {https://doi.org/10.18653/v1/2023.acl-long.546},
  doi          = {10.18653/V1/2023.ACL-LONG.546},
  timestamp    = {Thu, 10 Aug 2023 12:35:46 +0200},
  biburl       = {https://dblp.org/rec/conf/acl/MallenAZDKH23.bib},
  bibsource    = {dblp computer science bibliography, https://dblp.org}
}

@article{rabby2024mc,
  title={MC-NEST--Enhancing Mathematical Reasoning in Large Language Models with a Monte Carlo Nash Equilibrium Self-Refine Tree},
  author={Rabby, Gollam and Keya, Farhana and Zamil, Parvez and Auer, S{\"o}ren},
  journal={arXiv preprint arXiv:2411.15645},
  year={2024}
}



@inproceedings{DBLP:conf/acl/StranisciDMPRC23,
  author       = {Marco Antonio Stranisci and
                  Rossana Damiano and
                  Enrico Mensa and
                  Viviana Patti and
                  Daniele Paolo Radicioni and
                  Tommaso Caselli},
  editor       = {Anna Rogers and
                  Jordan L. Boyd{-}Graber and
                  Naoaki Okazaki},
  title        = {WikiBio: a Semantic Resource for the Intersectional Analysis of Biographical
                  Events},
  booktitle    = {Proceedings of the 61st Annual Meeting of the Association for Computational
                  Linguistics (Volume 1: Long Papers), {ACL} 2023, Toronto, Canada,
                  July 9-14, 2023},
  pages        = {12370--12384},
  publisher    = {Association for Computational Linguistics},
  year         = {2023},
  url          = {https://doi.org/10.18653/v1/2023.acl-long.691},
  doi          = {10.18653/V1/2023.ACL-LONG.691},
  timestamp    = {Sun, 04 Aug 2024 19:39:33 +0200},
  biburl       = {https://dblp.org/rec/conf/acl/StranisciDMPRC23.bib},
  bibsource    = {dblp computer science bibliography, https://dblp.org}
}



@inproceedings{DBLP:conf/naacl/ThorneVCM18,
  author       = {James Thorne and
                  Andreas Vlachos and
                  Christos Christodoulopoulos and
                  Arpit Mittal},
  editor       = {Marilyn A. Walker and
                  Heng Ji and
                  Amanda Stent},
  title        = {{FEVER:} a Large-scale Dataset for Fact Extraction and VERification},
  booktitle    = {Proceedings of the 2018 Conference of the North American Chapter of
                  the Association for Computational Linguistics: Human Language Technologies,
                  {NAACL-HLT} 2018, New Orleans, Louisiana, USA, June 1-6, 2018, Volume
                  1 (Long Papers)},
  pages        = {809--819},
  publisher    = {Association for Computational Linguistics},
  year         = {2018},
  url          = {https://doi.org/10.18653/v1/n18-1074},
  doi          = {10.18653/V1/N18-1074},
  timestamp    = {Mon, 29 Nov 2021 15:44:36 +0100},
  biburl       = {https://dblp.org/rec/conf/naacl/ThorneVCM18.bib},
  bibsource    = {dblp computer science bibliography, https://dblp.org}
}




@article{DBLP:journals/corr/abs-2303-08774,
  author       = {OpenAI},
  title        = {{GPT-4} Technical Report},
  journal      = {CoRR},
  volume       = {abs/2303.08774},
  year         = {2023},
  url          = {https://doi.org/10.48550/arXiv.2303.08774},
  doi          = {10.48550/ARXIV.2303.08774},
  eprinttype    = {arXiv},
  eprint       = {2303.08774},
  timestamp    = {Mon, 28 Aug 2023 21:26:19 +0200},
  biburl       = {https://dblp.org/rec/journals/corr/abs-2303-08774.bib},
  bibsource    = {dblp computer science bibliography, https://dblp.org}
}



@inproceedings{DBLP:conf/iclr/XiongHLLFHH24,
  author       = {Miao Xiong and
                  Zhiyuan Hu and
                  Xinyang Lu and
                  Yifei Li and
                  Jie Fu and
                  Junxian He and
                  Bryan Hooi},
  title        = {Can LLMs Express Their Uncertainty? An Empirical Evaluation of Confidence
                  Elicitation in LLMs},
  booktitle    = {The Twelfth International Conference on Learning Representations,
                  {ICLR} 2024, Vienna, Austria, May 7-11, 2024},
  publisher    = {OpenReview.net},
  year         = {2024},
  url          = {https://openreview.net/forum?id=gjeQKFxFpZ},
  timestamp    = {Thu, 19 Sep 2024 18:34:24 +0200},
  biburl       = {https://dblp.org/rec/conf/iclr/XiongHLLFHH24.bib},
  bibsource    = {dblp computer science bibliography, https://dblp.org}
}



@inproceedings{DBLP:conf/emnlp/BehzadZ024,
  author       = {Shabnam Behzad and
                  Amir Zeldes and
                  Nathan Schneider},
  editor       = {Yaser Al{-}Onaizan and
                  Mohit Bansal and
                  Yun{-}Nung Chen},
  title        = {To Ask LLMs about English Grammaticality, Prompt Them in a Different
                  Language},
  booktitle    = {Findings of the Association for Computational Linguistics: {EMNLP}
                  2024, Miami, Florida, USA, November 12-16, 2024},
  pages        = {15622--15634},
  publisher    = {Association for Computational Linguistics},
  year         = {2024},
  url          = {https://aclanthology.org/2024.findings-emnlp.916},
  timestamp    = {Mon, 18 Nov 2024 09:06:00 +0100},
  biburl       = {https://dblp.org/rec/conf/emnlp/BehzadZ024.bib},
  bibsource    = {dblp computer science bibliography, https://dblp.org}
}



@article{DBLP:journals/corr/abs-2306-01779,
  author       = {Kevin Ma and
                  Daniele Grandi and
                  Christopher McComb and
                  Kosa Goucher{-}Lambert},
  title        = {Conceptual Design Generation Using Large Language Models},
  journal      = {CoRR},
  volume       = {abs/2306.01779},
  year         = {2023},
  url          = {https://doi.org/10.48550/arXiv.2306.01779},
  doi          = {10.48550/ARXIV.2306.01779},
  eprinttype    = {arXiv},
  eprint       = {2306.01779},
  timestamp    = {Mon, 12 Jun 2023 16:25:59 +0200},
  biburl       = {https://dblp.org/rec/journals/corr/abs-2306-01779.bib},
  bibsource    = {dblp computer science bibliography, https://dblp.org}
}





@inproceedings{DBLP:conf/acl/LinHE22,
  author       = {Stephanie Lin and
                  Jacob Hilton and
                  Owain Evans},
  editor       = {Smaranda Muresan and
                  Preslav Nakov and
                  Aline Villavicencio},
  title        = {TruthfulQA: Measuring How Models Mimic Human Falsehoods},
  booktitle    = {Proceedings of the 60th Annual Meeting of the Association for Computational
                  Linguistics (Volume 1: Long Papers), {ACL} 2022, Dublin, Ireland,
                  May 22-27, 2022},
  pages        = {3214--3252},
  publisher    = {Association for Computational Linguistics},
  year         = {2022},
  url          = {https://doi.org/10.18653/v1/2022.acl-long.229},
  doi          = {10.18653/V1/2022.ACL-LONG.229},
  timestamp    = {Mon, 01 Aug 2022 16:27:45 +0200},
  biburl       = {https://dblp.org/rec/conf/acl/LinHE22.bib},
  bibsource    = {dblp computer science bibliography, https://dblp.org}
}



@inproceedings{DBLP:conf/emnlp/LiCZNW23,
  author       = {Junyi Li and
                  Xiaoxue Cheng and
                  Xin Zhao and
                  Jian{-}Yun Nie and
                  Ji{-}Rong Wen},
  editor       = {Houda Bouamor and
                  Juan Pino and
                  Kalika Bali},
  title        = {HaluEval: {A} Large-Scale Hallucination Evaluation Benchmark for Large
                  Language Models},
  booktitle    = {Proceedings of the 2023 Conference on Empirical Methods in Natural
                  Language Processing, {EMNLP} 2023, Singapore, December 6-10, 2023},
  pages        = {6449--6464},
  publisher    = {Association for Computational Linguistics},
  year         = {2023},
  url          = {https://doi.org/10.18653/v1/2023.emnlp-main.397},
  doi          = {10.18653/V1/2023.EMNLP-MAIN.397},
  timestamp    = {Fri, 12 Apr 2024 13:11:50 +0200},
  biburl       = {https://dblp.org/rec/conf/emnlp/LiCZNW23.bib},
  bibsource    = {dblp computer science bibliography, https://dblp.org}
}



@inproceedings{DBLP:conf/acl/LiuZBMSCD22,
  author       = {Tianyu Liu and
                  Yizhe Zhang and
                  Chris Brockett and
                  Yi Mao and
                  Zhifang Sui and
                  Weizhu Chen and
                  Bill Dolan},
  editor       = {Smaranda Muresan and
                  Preslav Nakov and
                  Aline Villavicencio},
  title        = {A Token-level Reference-free Hallucination Detection Benchmark for
                  Free-form Text Generation},
  booktitle    = {Proceedings of the 60th Annual Meeting of the Association for Computational
                  Linguistics (Volume 1: Long Papers), {ACL} 2022, Dublin, Ireland,
                  May 22-27, 2022},
  pages        = {6723--6737},
  publisher    = {Association for Computational Linguistics},
  year         = {2022},
  url          = {https://doi.org/10.18653/v1/2022.acl-long.464},
  doi          = {10.18653/V1/2022.ACL-LONG.464},
  timestamp    = {Sun, 06 Oct 2024 20:55:32 +0200},
  biburl       = {https://dblp.org/rec/conf/acl/LiuZBMSCD22.bib},
  bibsource    = {dblp computer science bibliography, https://dblp.org}
}






@inproceedings{DBLP:conf/nips/DettmersPHZ23,
  author       = {Tim Dettmers and
                  Artidoro Pagnoni and
                  Ari Holtzman and
                  Luke Zettlemoyer},
  editor       = {Alice Oh and
                  Tristan Naumann and
                  Amir Globerson and
                  Kate Saenko and
                  Moritz Hardt and
                  Sergey Levine},
  title        = {QLoRA: Efficient Finetuning of Quantized LLMs},
  booktitle    = {Advances in Neural Information Processing Systems 36: Annual Conference
                  on Neural Information Processing Systems 2023, NeurIPS 2023, New Orleans,
                  LA, USA, December 10 - 16, 2023},
  year         = {2023},
  url          = {http://papers.nips.cc/paper\_files/paper/2023/hash/1feb87871436031bdc0f2beaa62a049b-Abstract-Conference.html},
  timestamp    = {Fri, 01 Mar 2024 16:26:19 +0100},
  biburl       = {https://dblp.org/rec/conf/nips/DettmersPHZ23.bib},
  bibsource    = {dblp computer science bibliography, https://dblp.org}
}




@inproceedings{DBLP:conf/naacl/WilliamsNB18,
  author       = {Adina Williams and
                  Nikita Nangia and
                  Samuel R. Bowman},
  editor       = {Marilyn A. Walker and
                  Heng Ji and
                  Amanda Stent},
  title        = {A Broad-Coverage Challenge Corpus for Sentence Understanding through
                  Inference},
  booktitle    = {Proceedings of the 2018 Conference of the North American Chapter of
                  the Association for Computational Linguistics: Human Language Technologies,
                  {NAACL-HLT} 2018, New Orleans, Louisiana, USA, June 1-6, 2018, Volume
                  1 (Long Papers)},
  pages        = {1112--1122},
  publisher    = {Association for Computational Linguistics},
  year         = {2018},
  url          = {https://doi.org/10.18653/v1/n18-1101},
  doi          = {10.18653/V1/N18-1101},
  timestamp    = {Fri, 06 Aug 2021 00:41:32 +0200},
  biburl       = {https://dblp.org/rec/conf/naacl/WilliamsNB18.bib},
  bibsource    = {dblp computer science bibliography, https://dblp.org}
}





@inproceedings{DBLP:conf/emnlp/Peng0S24,
  author       = {Letian Peng and
                  Zilong Wang and
                  Jingbo Shang},
  editor       = {Yaser Al{-}Onaizan and
                  Mohit Bansal and
                  Yun{-}Nung Chen},
  title        = {Incubating Text Classifiers Following User Instruction with Nothing
                  but {LLM}},
  booktitle    = {Proceedings of the 2024 Conference on Empirical Methods in Natural
                  Language Processing, {EMNLP} 2024, Miami, FL, USA, November 12-16,
                  2024},
  pages        = {3753--3766},
  publisher    = {Association for Computational Linguistics},
  year         = {2024},
  url          = {https://aclanthology.org/2024.emnlp-main.220},
  timestamp    = {Thu, 14 Nov 2024 17:20:55 +0100},
  biburl       = {https://dblp.org/rec/conf/emnlp/Peng0S24.bib},
  bibsource    = {dblp computer science bibliography, https://dblp.org}
}










@inproceedings{DBLP:journals/corr/abs-1301-3781,
  author       = {Tom{\'{a}}s Mikolov and
                  Kai Chen and
                  Greg Corrado and
                  Jeffrey Dean},
  editor       = {Yoshua Bengio and
                  Yann LeCun},
  title        = {Efficient Estimation of Word Representations in Vector Space},
  booktitle    = {1st International Conference on Learning Representations, {ICLR} 2013,
                  Scottsdale, Arizona, USA, May 2-4, 2013, Workshop Track Proceedings},
  year         = {2013},
  url          = {http://arxiv.org/abs/1301.3781},
  timestamp    = {Mon, 28 Dec 2020 11:31:01 +0100},
  biburl       = {https://dblp.org/rec/journals/corr/abs-1301-3781.bib},
  bibsource    = {dblp computer science bibliography, https://dblp.org}
}



@article{DBLP:journals/corr/abs-2303-10420,
  author       = {Junjie Ye and
                  Xuanting Chen and
                  Nuo Xu and
                  Can Zu and
                  Zekai Shao and
                  Shichun Liu and
                  Yuhan Cui and
                  Zeyang Zhou and
                  Chao Gong and
                  Yang Shen and
                  Jie Zhou and
                  Siming Chen and
                  Tao Gui and
                  Qi Zhang and
                  Xuanjing Huang},
  title        = {A Comprehensive Capability Analysis of {GPT-3} and {GPT-3.5} Series
                  Models},
  journal      = {CoRR},
  volume       = {abs/2303.10420},
  year         = {2023},
  url          = {https://doi.org/10.48550/arXiv.2303.10420},
  doi          = {10.48550/ARXIV.2303.10420},
  eprinttype    = {arXiv},
  eprint       = {2303.10420},
  timestamp    = {Tue, 19 Mar 2024 16:27:55 +0100},
  biburl       = {https://dblp.org/rec/journals/corr/abs-2303-10420.bib},
  bibsource    = {dblp computer science bibliography, https://dblp.org}
}

@article{abdin2024phi,
  title={Phi-3 technical report: A highly capable language model locally on your phone},
  author={Abdin, Marah and Aneja, Jyoti and Awadalla, Hany and Awadallah, Ahmed and Awan, Ammar Ahmad and Bach, Nguyen and Bahree, Amit and Bakhtiari, Arash and Bao, Jianmin and Behl, Harkirat and others},
  journal={arXiv preprint arXiv:2404.14219},
  year={2024}
}






@article{dubey2024llama,
  title={The llama 3 herd of models},
  author={Dubey, Abhimanyu and Jauhri, Abhinav and Pandey, Abhinav and Kadian, Abhishek and Al-Dahle, Ahmad and Letman, Aiesha and Mathur, Akhil and Schelten, Alan and Yang, Amy and Fan, Angela and others},
  journal={arXiv preprint arXiv:2407.21783},
  year={2024}
}




@article{jiang2023mistral,
  title={Mistral 7B},
  author={Jiang, Albert Q and Sablayrolles, Alexandre and Mensch, Arthur and Bamford, Chris and Chaplot, Devendra Singh and Casas, Diego de las and Bressand, Florian and Lengyel, Gianna and Lample, Guillaume and Saulnier, Lucile and others},
  journal={arXiv preprint arXiv:2310.06825},
  year={2023}
}



@article{team2024gemma,
  title={Gemma: Open models based on gemini research and technology},
  author={Team, Gemma and Mesnard, Thomas and Hardin, Cassidy and Dadashi, Robert and Bhupatiraju, Surya and Pathak, Shreya and Sifre, Laurent and Rivi{\`e}re, Morgane and Kale, Mihir Sanjay and Love, Juliette and others},
  journal={arXiv preprint arXiv:2403.08295},
  year={2024}
}

