@incollection{anandarajan2019sentiment,
  title={Sentiment analysis of movie reviews using R},
  author={Anandarajan, Murugan and Hill, Chelsey and Nolan, Thomas},
  booktitle={Practical Text Analytics},
  pages={193--220},
  year={2019},
  publisher={Springer}
}

@article{baid2017sentiment,
  title={Sentiment analysis of movie reviews using machine learning techniques},
  author={Baid, Palak and Gupta, Apoorva and Chaplot, Neelam},
  journal={International Journal of Computer Applications},
  volume={179},
  number={7},
  pages={45--49},
  year={2017}
}

@article{bodapati2019sentiment,
  title={Sentiment Analysis from Movie Reviews Using LSTMs.},
  author={Bodapati, Jyostna Devi and Veeranjaneyulu, Naralasetti and Shaik, Shareef},
  journal={Ingenierie des Systemes d'Information},
  pages={1--5},
  volume={24},
  number={1},
  year={2019}
}

@article{daeli2020sentiment,
  title={Sentiment analysis on movie reviews using Information gain and K-nearest neighbor},
  author={Daeli, Novelty Octaviani Faomasi and Adiwijaya, Adiwijaya},
  journal={Journal of Data Science and Its Applications},
  volume={3},
  number={1},
  pages={1--7},
  year={2020}
}

@article{gao2019target,
  title={Target-dependent sentiment classification with BERT},
  author={Gao, Zhengjie and Feng, Ao and Song, Xinyu and Wu, Xi},
  journal={Ieee Access},
  volume={7},
  pages={154290--154299},
  year={2019},
  publisher={IEEE}
}

@article{mesnil2014ensemble,
  title={Ensemble of generative and discriminative techniques for sentiment analysis of movie reviews},
  author={Mesnil, Gr{\'e}goire and Mikolov, Tomas and Ranzato, Marc'Aurelio and Bengio, Yoshua},
  journal={arXiv preprint arXiv:1412.5335},
  year={2014}
}

@inproceedings{munikar2019fine,
  title={Fine-grained sentiment classification using bert},
  author={Munikar, Manish and Shakya, Sushil and Shrestha, Aakash},
  booktitle={2019 Artificial Intelligence for Transforming Business and Society (AITB)},
  volume={1},
  pages={1--5},
  year={2019},
  organization={IEEE}
}

@article{rusch2020coupled,
  title={Coupled oscillatory recurrent neural network (coRNN): An accurate and (gradient) stable architecture for learning long time dependencies},
  author={Rusch, T Konstantin and Mishra, Siddhartha},
  journal={arXiv preprint arXiv:2010.00951},
  year={2020}
}

@incollection{shirani2014applications,
  title={Applications of deep learning to sentiment analysis of movie reviews},
  author={Shirani-Mehr, Houshmand},
  booktitle={Technical report},
  year={2014},
  publisher={Stanford University}
}

@article{singh2020revisiting,
  title={Revisiting LSTM Networks for Semi-Supervised Text Classification via Mixed Objective Function},
  author={Singh Sachan, Devendra and Zaheer, Manzil and Salakhutdinov, Ruslan},
  journal={arXiv e-prints},
  pages={arXiv--2009},
  year={2020}
}

@inproceedings{sousa2019bert,
  title={BERT for stock market sentiment analysis},
  author={Sousa, Matheus Gomes and Sakiyama, Kenzo and de Souza Rodrigues, Lucas and Moraes, Pedro Henrique and Fernandes, Eraldo Rezende },
  booktitle={2019 IEEE 31st International Conference on Tools with Artificial Intelligence (ICTAI)},
  pages={1597--1601},
  year={2019},
  organization={IEEE}
}

@inproceedings{thongtan2019sentiment,
  title={Sentiment classification using document embeddings trained with cosine similarity},
  author={Thongtan, Tan and Phienthrakul, Tanasanee},
  booktitle={Proceedings of the 57th Annual Meeting of the Association for Computational Linguistics: Student Research Workshop},
  pages={407--414},
  year={2019}
}

