@article{baid2017sentiment,
  title={Sentiment analysis of movie reviews using machine learning techniques},
  author={Baid, Palak and Gupta, Apoorva and Chaplot, Neelam},
  journal={International Journal of Computer Applications},
  volume={179},
  number={7},
  pages={45--49},
  year={2017}
}

@article{mesnil2014ensemble,
  title={Ensemble of generative and discriminative techniques for sentiment analysis of movie reviews},
  author={Mesnil, Gr{\'e}goire and Mikolov, Tomas and Ranzato, Marc'Aurelio and Bengio, Yoshua},
  journal={arXiv preprint arXiv:1412.5335},
  year={2014}
}

@article{devlin2018bert,
  title={Bert: Pre-training of deep bidirectional transformers for language understanding},
  author={Devlin, Jacob and Chang, Ming-Wei and Lee, Kenton and Toutanova, Kristina},
  journal={arXiv preprint arXiv:1810.04805},
  year={2018}
}

@inproceedings{arasteh2021will,
  title={How Will Your Tweet Be Received? Predicting the Sentiment Polarity of Tweet Replies},
  author={Arasteh, Soroosh Tayebi and Monajem, Mehrpad and Christlein, Vincent and Heinrich, Philipp and Nicolaou, Anguelos},
  booktitle={2021 IEEE 15th International Conference on Semantic Computing (ICSC)},
  pages={370--373},
  year={2021},
  organization={IEEE}
}

@article{pouransari2014deep,
  title={Deep learning for sentiment analysis of movie reviews},
  author={Pouransari, Hadi and Ghili, Saman},
  journal={CS224N Proj},
  pages={1--8},
  year={2014}
}

@incollection{shirani2014applications,
  title={Applications of deep learning to sentiment analysis of movie reviews},
  author={Shirani-Mehr, Houshmand},
  booktitle={Technical report},
  year={2014},
  publisher={Stanford University}
}

@article{bodapati2019sentiment,
  title={Sentiment Analysis from Movie Reviews Using LSTMs.},
  author={Bodapati, Jyostna Devi and Veeranjaneyulu, Naralasetti and Shaik, Shareef},
  journal={Ingenierie des Systemes d'Information},
  pages={1--5},
  volume={24},
  number={1},
  year={2019}
}

@article{daeli2020sentiment,
  title={Sentiment analysis on movie reviews using Information gain and K-nearest neighbor},
  author={Daeli, Novelty Octaviani Faomasi and Adiwijaya, Adiwijaya},
  journal={Journal of Data Science and Its Applications},
  volume={3},
  number={1},
  pages={1--7},
  year={2020}
}

@incollection{anandarajan2019sentiment,
  title={Sentiment analysis of movie reviews using R},
  author={Anandarajan, Murugan and Hill, Chelsey and Nolan, Thomas},
  booktitle={Practical Text Analytics},
  pages={193--220},
  year={2019},
  publisher={Springer}
}

@inproceedings{thongtan2019sentiment,
  title={Sentiment classification using document embeddings trained with cosine similarity},
  author={Thongtan, Tan and Phienthrakul, Tanasanee},
  booktitle={Proceedings of the 57th Annual Meeting of the Association for Computational Linguistics: Student Research Workshop},
  pages={407--414},
  year={2019}
}

@article{singh2020revisiting,
  title={Revisiting LSTM Networks for Semi-Supervised Text Classification via Mixed Objective Function},
  author={Singh Sachan, Devendra and Zaheer, Manzil and Salakhutdinov, Ruslan},
  journal={arXiv e-prints},
  pages={arXiv--2009},
  year={2020}
}

@article{rusch2020coupled,
  title={Coupled oscillatory recurrent neural network (coRNN): An accurate and (gradient) stable architecture for learning long time dependencies},
  author={Rusch, T Konstantin and Mishra, Siddhartha},
  journal={arXiv preprint arXiv:2010.00951},
  year={2020}
}

@inproceedings{munikar2019fine,
  title={Fine-grained sentiment classification using bert},
  author={Munikar, Manish and Shakya, Sushil and Shrestha, Aakash},
  booktitle={2019 Artificial Intelligence for Transforming Business and Society (AITB)},
  volume={1},
  pages={1--5},
  year={2019},
  organization={IEEE}
}

@inproceedings{guo2020detext,
  title={Detext: A deep text ranking framework with bert},
  author={Guo, Weiwei and Liu, Xiaowei and Wang, Sida and Gao, Huiji and Sankar, Ananth},
  booktitle={Proceedings of the 29th ACM International Conference on Information \& Knowledge Management},
  pages={2509--2516},
  year={2020}
}

@article{liu2019fine,
  title={Fine-tune BERT for extractive summarization},
  author={Liu, Yang},
  journal={arXiv preprint arXiv:1903.10318},
  year={2019}
}

@article{he2020infusing,
  title={Infusing disease knowledge into BERT for health question answering, medical inference and disease name recognition},
  author={He, Yun and Zhu, Ziwei and Zhang, Yin and Chen, Qin and Caverlee, James},
  journal={arXiv preprint arXiv:2010.03746},
  year={2020}
}

@article{yang2019data,
  title={Data augmentation for bert fine-tuning in open-domain question answering},
  author={Yang, Wei and Xie, Yuqing and Tan, Luchen and Xiong, Kun and Li, Ming},
  journal={arXiv preprint arXiv:1904.06652},
  year={2019}
}

@incollection{gadekallu2019application,
  title={Application of sentiment analysis in movie reviews},
  author={Gadekallu, ThippaReddy and Soni, Akshat and Sarkar, Deeptanu and Kuruva, Lakshmanna},
  booktitle={Sentiment Analysis and Knowledge Discovery in Contemporary Business},
  pages={77--90},
  year={2019},
  publisher={IGI global}
}

@incollection{mola1992two,
  title={A two-stage predictive splitting algorithm in binary segmentation},
  author={Mola, Francesco and Siciliano, Roberta},
  booktitle={Computational statistics},
  pages={179--184},
  year={1992},
  publisher={Springer}
}

@inproceedings{rosenthal2017semeval,
  title={SemEval-2017 task 4: Sentiment analysis in Twitter},
  author={Rosenthal, Sara and Farra, Noura and Nakov, Preslav},
  booktitle={Proceedings of the 11th international workshop on semantic evaluation (SemEval-2017)},
  pages={502--518},
  year={2017}
}

@inproceedings{socher2013recursive,
  title={Recursive deep models for semantic compositionality over a sentiment treebank},
  author={Socher, Richard and Perelygin, Alex and Wu, Jean and Chuang, Jason and Manning, Christopher D},
  booktitle={Proceedings of the 2013 conference on empirical methods in natural language processing},
  pages={1631--1642},
  year={2013}
}

@inproceedings{maas2011learning,
  title={Learning word vectors for sentiment analysis},
  author={Maas, Andrew and Daly, Raymond E and Pham, Peter T and Huang, Dan and Ng, Andrew Y},
  booktitle={Proceedings of the 49th annual meeting of the association for computational linguistics: Human language technologies},
  pages={142--150},
  year={2011}
}

@article{pang2005seeing,
  title={Seeing stars: Exploiting class relationships for sentiment categorization with respect to rating scales},
  author={Pang, Bo and Lee, Lillian},
  journal={arXiv preprint cs/0506075},
  year={2005}
}

@inproceedings{he2016ups,
  title={Ups and downs: Modeling the visual evolution of fashion trends with one-class collaborative filtering},
  author={He, Ruining and McAuley, Julian},
  booktitle={proceedings of the 25th international conference on world wide web},
  pages={507--517},
  year={2016}
}

@book{ketkar2017deep,
  title={Deep learning with Python},
  author={Ketkar, Nikhil and Santana, Eder},
  volume={1},
  year={2017},
  publisher={Springer}
}
@book{chollet2021deep,
  title={Deep learning with Python},
  author={Chollet, Francois},
  year={2021},
  publisher={Simon and Schuster}
}

@inproceedings{semwal2018practitioners,
  title={A practitioners' guide to transfer learning for text classification using convolutional neural networks},
  author={Semwal, Tushar and Yenigalla, Promod and Mathur, Gaurav and Nair, Shivashankar B},
  booktitle={Proceedings of the 2018 SIAM international conference on data mining},
  pages={513--521},
  year={2018},
  organization={SIAM}
}

@inproceedings{chilkuri2021parallelizing,
  title={Parallelizing legendre memory unit training},
  author={Chilkuri, Narsimha Reddy and Eliasmith, Chris},
  booktitle={International Conference on Machine Learning},
  pages={1898--1907},
  year={2021},
  organization={PMLR}
}

@inproceedings{sachan2019revisiting,
  title={Revisiting lstm networks for semi-supervised text classification via mixed objective function},
  author={Sachan, Devendra Singh and Zaheer, Manzil and Salakhutdinov, Ruslan},
  booktitle={Proceedings of the AAAI Conference on Artificial Intelligence},
  volume={33},
  number={01},
  pages={6940--6948},
  year={2019}
}

@article{wang2021entailment,
  title={Entailment as few-shot learner},
  author={Wang, Sinong and Fang, Han and Khabsa, Madian and Mao, Hanzi and Ma, Hao},
  journal={arXiv preprint arXiv:2104.14690},
  year={2021}
}

@article{yadav2021enhancing,
  title={Enhancing Interpretable Clauses Semantically using Pretrained Word Representation},
  author={Yadav, Rohan Kumar and Jiao, Lei and Granmo, Ole-Christoffer and Goodwin, Morten},
  journal={arXiv preprint arXiv:2104.06901},
  year={2021}
}

@article{shin2019pupil,
  title={The pupil has become the master: Teacher-student model-based word embedding distillation with ensemble learning},
  author={Shin, Bonggun and Yang, Hao and Choi, Jinho D},
  journal={arXiv preprint arXiv:1906.00095},
  year={2019}
}

@inproceedings{wang2018sentiment,
  title={Sentiment analysis by capsules},
  author={Wang, Yequan and Sun, Aixin and Han, Jialong and Liu, Ying and Zhu, Xiaoyan},
  booktitle={Proceedings of the 2018 world wide web conference},
  pages={1165--1174},
  year={2018}
}

@article{lei2018multi,
  title={A multi-sentiment-resource enhanced attention network for sentiment classification},
  author={Lei, Zeyang and Yang, Yujiu and Yang, Min and Liu, Yi},
  journal={arXiv preprint arXiv:1807.04990},
  year={2018}
}

@article{tay2021charformer,
  title={Charformer: Fast character transformers via gradient-based subword tokenization},
  author={Tay, Yi and Tran, Vinh Q and Ruder, Sebastian and Gupta, Jai and Chung},
  journal={arXiv preprint arXiv:2106.12672},
  year={2021}
}

@article{chen2022dual,
  title={Dual Contrastive Learning: Text Classification via Label-Aware Data Augmentation},
  author={Chen, Qianben and Zhang, Richong and Zheng, Yaowei and Mao, Yongyi},
  journal={arXiv preprint arXiv:2201.08702},
  year={2022}
}

@article{clark2020electra,
  title={Electra: Pre-training text encoders as discriminators rather than generators},
  author={Clark, Kevin and Luong, Minh-Thang and Le, Quoc V and Manning, Christopher D},
  journal={arXiv preprint arXiv:2003.10555},
  year={2020}
}

@article{jiang2019smart,
  title={Smart: Robust and efficient fine-tuning for pre-trained natural language models through principled regularized optimization},
  author={Jiang, Haoming and He, Pengcheng and Chen, Weizhu and Liu, Xiaodong and Gao, Jianfeng},
  journal={arXiv preprint arXiv:1911.03437},
  year={2019}
}
@article{sun2020self,
  title={Self-explaining structures improve nlp models},
  author={Sun, Zijun and Fan, Chun and Han, Qinghong and Sun, Xiaofei and Meng, Yuxian},
  journal={arXiv preprint arXiv:2012.01786},
  year={2020}
}

@article{guo2019star,
  title={Star-transformer},
  author={Guo, Qipeng and Qiu, Xipeng and Liu, Pengfei and Shao, Yunfan and Xue, Xiangyang },
  journal={arXiv preprint arXiv:1902.09113},
  year={2019}
}

@article{ilic2018deep,
  title={Deep contextualized word representations for detecting sarcasm and irony},
  author={Ili{\'c}, Suzana and Marrese-Taylor, Edison and Balazs, Jorge A and Matsuo, Yutaka},
  journal={arXiv preprint arXiv:1809.09795},
  year={2018}
}

@article{brahma2018improved,
  title={Improved sentence modeling using suffix bidirectional lstm},
  author={Brahma, Siddhartha},
  journal={arXiv preprint arXiv:1805.07340},
  year={2018}
}

@inproceedings{wang2018disconnected,
  title={Disconnected recurrent neural networks for text categorization},
  author={Wang, Baoxin},
  booktitle={Proceedings of the 56th Annual Meeting of the Association for Computational Linguistics (Volume 1: Long Papers)},
  pages={2311--2320},
  year={2018}
}

@article{xie2020unsupervised,
  title={Unsupervised data augmentation for consistency training},
  author={Xie, Qizhe and Dai, Zihang and Hovy, Eduard and Luong, Thang and Le, Quoc},
  journal={Advances in Neural Information Processing Systems},
  volume={33},
  pages={6256--6268},
  year={2020}
}

@article{xie2020unsupervised,
  title={Unsupervised data augmentation for consistency training},
  author={Xie, Qizhe and Dai, Zihang and Hovy, Eduard and Luong, Thang and Le, Quoc},
  journal={Advances in Neural Information Processing Systems},
  volume={33},
  pages={6256--6268},
  year={2020}
}

@article{yu2018sliced,
  title={Sliced recurrent neural networks},
  author={Yu, Zeping and Liu, Gongshen},
  journal={arXiv preprint arXiv:1807.02291},
  year={2018}
}

@inproceedings{johnson2017deep,
  title={Deep pyramid convolutional neural networks for text categorization},
  author={Johnson, Rie and Zhang, Tong},
  booktitle={Proceedings of the 55th Annual Meeting of the Association for Computational Linguistics (Volume 1: Long Papers)},
  pages={562--570},
  year={2017}
}

@inproceedings{rizos2019augment,
  title={Augment to prevent: short-text data augmentation in deep learning for hate-speech classification},
  author={Rizos, Georgios and Hemker, Konstantin and Schuller, Bj{\"o}rn},
  booktitle={Proceedings of the 28th ACM International Conference on Information and Knowledge Management},
  pages={991--1000},
  year={2019}
}

@article{chawla2002smote,
  title={SMOTE: synthetic minority over-sampling technique},
  author={Chawla, Nitesh V and Bowyer, Kevin W and Hall, Lawrence O and Kegelmeyer, W Philip},
  journal={Journal of artificial intelligence research},
  volume={16},
  pages={321--357},
  year={2002}
}

@article{greff2016lstm,
  title={LSTM: A search space odyssey},
  author={Greff, Klaus and Srivastava, Rupesh K and Koutn{\'\i}k, Jan and Steunebrink, Bas R and Schmidhuber, J{\"u}rgen},
  journal={IEEE transactions on neural networks and learning systems},
  volume={28},
  number={10},
  pages={2222--2232},
  year={2016},
  publisher={IEEE}
}

@article{graves2005framewise,
  title={Framewise phoneme classification with bidirectional LSTM and other neural network architectures},
  author={Graves, Alex and Schmidhuber, J{\"u}rgen},
  journal={Neural networks},
  volume={18},
  number={5-6},
  pages={602--610},
  year={2005},
  publisher={Elsevier}
}

@inproceedings{sousa2019bert,
  title={BERT for stock market sentiment analysis},
  author={Sousa, Matheus Gomes and Sakiyama, Kenzo and de Souza Rodrigues, Lucas and Moraes, Pedro Henrique and Fernandes, Eraldo Rezende },
  booktitle={2019 IEEE 31st International Conference on Tools with Artificial Intelligence (ICTAI)},
  pages={1597--1601},
  year={2019},
  organization={IEEE}
}

@article{gao2019target,
  title={Target-dependent sentiment classification with BERT},
  author={Gao, Zhengjie and Feng, Ao and Song, Xinyu and Wu, Xi},
  journal={Ieee Access},
  volume={7},
  pages={154290--154299},
  year={2019},
  publisher={IEEE}
}

@article{fang2015sentiment,
  title={Sentiment analysis using product review data},
  author={Fang, Xing and Zhan, Justin},
  journal={Journal of Big Data},
  volume={2},
  number={1},
  pages={1--14},
  year={2015},
  publisher={Springer}
}

@misc{bcode,
  
  howpublished = "\url{https://github.com/gnkhata1/Finetuning-BERT-on-Movie-Reviews-Sentiment-Analysis}",
  year = {2022}, 
  note = "[Online; accessed March-15-2022]"
}