@article{akhtar2018threat,
  title={Threat of adversarial attacks on deep learning in computer vision: A survey},
  author={Akhtar, Naveed and Mian, Ajmal},
  journal={Ieee Access},
  volume={6},
  pages={14410--14430},
  year={2018},
  publisher={IEEE}
}

@article{amin2019brain,
  title={Brain tumor detection using statistical and machine learning method},
  author={Amin, Javaria and Sharif, Muhammad and Raza, Mudassar and Saba, Tanzila and Anjum, Muhammad Almas},
  journal={Computer methods and programs in biomedicine},
  volume={177},
  pages={69--79},
  year={2019},
  publisher={Elsevier}
}

@article{azad2024medical,
  title={Medical image segmentation review: The success of u-net},
  author={Azad, Reza and Aghdam, Ehsan Khodapanah and Rauland, Amelie and Jia, Yiwei and Avval, Atlas Haddadi and Bozorgpour, Afshin and Karimijafarbigloo, Sanaz and Cohen, Joseph Paul and Adeli, Ehsan and Merhof, Dorit},
  journal={IEEE Transactions on Pattern Analysis and Machine Intelligence},
  year={2024},
  publisher={IEEE}
}

@article{bakas2018identifying,
  title={Identifying the best machine learning algorithms for brain tumor segmentation, progression assessment, and overall survival prediction in the BRATS challenge},
  author={Bakas, Spyridon and Reyes, Mauricio and Jakab, Andras and Bauer, Stefan and Rempfler, Markus and Crimi, Alessandro and Shinohara, Russell Takeshi and Berger, Christoph and Ha, Sung Min and Rozycki, Martin and others},
  journal={arXiv preprint arXiv:1811.02629},
  year={2018}
}

@article{blystad2012synthetic,
  title={Synthetic MRI of the brain in a clinical setting},
  author={Blystad, Ida and Warntjes, Jan Bertus Marcel and Smedby, O and Landtblom, Anne-Marie and Lundberg, Peter and Larsson, Elna-Marie},
  journal={Acta radiologica},
  volume={53},
  number={10},
  pages={1158--1163},
  year={2012},
  publisher={Sage Publications Sage UK: London, England}
}

@article{bortsova2021adversarial,
  title={Adversarial attack vulnerability of medical image analysis systems: Unexplored factors},
  author={Bortsova, Gerda and Gonz{\'a}lez-Gonzalo, Cristina and Wetstein, Suzanne C and Dubost, Florian and Katramados, Ioannis and Hogeweg, Laurens and Liefers, Bart and van Ginneken, Bram and Pluim, Josien PW and Veta, Mitko and others},
  journal={Medical Image Analysis},
  volume={73},
  pages={102141},
  year={2021},
  publisher={Elsevier}
}

@article{chakraborty2021survey,
  title={A survey on adversarial attacks and defences},
  author={Chakraborty, Anirban and Alam, Manaar and Dey, Vishal and Chattopadhyay, Anupam and Mukhopadhyay, Debdeep},
  journal={CAAI Transactions on Intelligence Technology},
  volume={6},
  number={1},
  pages={25--45},
  year={2021},
  publisher={Wiley Online Library}
}

@article{chen2022csu,
  title={CSU-Net: A CNN-transformer parallel network for multimodal brain tumour segmentation},
  author={Chen, Yu and Yin, Ming and Li, Yu and Cai, Qian},
  journal={Electronics},
  volume={11},
  number={14},
  pages={2226},
  year={2022},
  publisher={MDPI}
}

@article{choi2025beyond,
  title={Beyond the Conventional Structural MRI: Clinical Application of Deep Learning Image Reconstruction and Synthetic MRI of the Brain},
  author={Choi, Yangsean and Ko, Ji Su and Park, Ji Eun and Jeong, Geunu and Seo, Minkook and Jun, Yohan and Fujita, Shohei and Bilgic, Berkin},
  journal={Investigative Radiology},
  volume={60},
  number={1},
  pages={27--42},
  year={2025},
  publisher={LWW}
}

@inproceedings{fan2022survey,
  title={A survey on data poisoning attacks and defenses},
  author={Fan, Jiaxin and Yan, Qi and Li, Mohan and Qu, Guanqun and Xiao, Yang},
  booktitle={2022 7th IEEE International Conference on Data Science in Cyberspace (DSC)},
  pages={48--55},
  year={2022},
  organization={IEEE}
}

@article{fu2024poisonbench,
  title={PoisonBench: Assessing Large Language Model Vulnerability to Data Poisoning},
  author={Fu, Tingchen and Sharma, Mrinank and Torr, Philip and Cohen, Shay B and Krueger, David and Barez, Fazl},
  journal={arXiv preprint arXiv:2410.08811},
  year={2024}
}

@article{ghazouani2024efficient,
  title={Efficient brain tumor segmentation using Swin transformer and enhanced local self-attention},
  author={Ghazouani, Fethi and Vera, Pierre and Ruan, Su},
  journal={International Journal of Computer Assisted Radiology and Surgery},
  volume={19},
  number={2},
  pages={273--281},
  year={2024},
  publisher={Springer}
}

@article{goldblum2022dataset,
  title={Dataset security for machine learning: Data poisoning, backdoor attacks, and defenses},
  author={Goldblum, Micah and Tsipras, Dimitris and Xie, Chulin and Chen, Xinyun and Schwarzschild, Avi and Song, Dawn and Madry, Aleksander and Li, Bo and Goldstein, Tom},
  journal={IEEE Transactions on Pattern Analysis and Machine Intelligence},
  volume={45},
  number={2},
  pages={1563--1580},
  year={2022},
  publisher={IEEE}
}

@article{goodfellow2014generative,
  title={Generative adversarial nets},
  author={Goodfellow, Ian and Pouget-Abadie, Jean and Mirza, Mehdi and Xu, Bing and Warde-Farley, David and Ozair, Sherjil and Courville, Aaron and Bengio, Yoshua},
  journal={Advances in neural information processing systems},
  volume={27},
  year={2014}
}

@article{goodfellow2020generative,
  title={Generative adversarial networks},
  author={Goodfellow, Ian and Pouget-Abadie, Jean and Mirza, Mehdi and Xu, Bing and Warde-Farley, David and Ozair, Sherjil and Courville, Aaron and Bengio, Yoshua},
  journal={Communications of the ACM},
  volume={63},
  number={11},
  pages={139--144},
  year={2020},
  publisher={ACM New York, NY, USA}
}

@article{gordillo2013state,
  title={State of the art survey on MRI brain tumor segmentation},
  author={Gordillo, Nelly and Montseny, Eduard and Sobrevilla, Pilar},
  journal={Magnetic resonance imaging},
  volume={31},
  number={8},
  pages={1426--1438},
  year={2013},
  publisher={Elsevier}
}

@article{hamghalam2024medical,
  title={Medical image synthesis via conditional GANs: Application to segmenting brain tumours},
  author={Hamghalam, Mohammad and Simpson, Amber L},
  journal={Computers in Biology and Medicine},
  volume={170},
  pages={107982},
  year={2024},
  publisher={Elsevier}
}

@inproceedings{han2018gan,
  title={GAN-based synthetic brain MR image generation},
  author={Han, Changhee and Hayashi, Hideaki and Rundo, Leonardo and Araki, Ryosuke and Shimoda, Wataru and Muramatsu, Shinichi and Furukawa, Yujiro and Mauri, Giancarlo and Nakayama, Hideki},
  booktitle={2018 IEEE 15th international symposium on biomedical imaging (ISBI 2018)},
  pages={734--738},
  year={2018},
  organization={IEEE}
}

@article{hasan2019combining,
  title={Combining deep and handcrafted image features for MRI brain scan classification},
  author={Hasan, Ali M and Jalab, Hamid A and Meziane, Farid and Kahtan, Hasan and Al-Ahmad, Ahmad Salah},
  journal={IEEE Access},
  volume={7},
  pages={79959--79967},
  year={2019},
  publisher={IEEE}
}

@article{havaei2017brain,
  title={Brain tumor segmentation with deep neural networks},
  author={Havaei, Mohammad and Davy, Axel and Warde-Farley, David and Biard, Antoine and Courville, Aaron and Bengio, Yoshua and Pal, Chris and Jodoin, Pierre-Marc and Larochelle, Hugo},
  journal={Medical image analysis},
  volume={35},
  pages={18--31},
  year={2017},
  publisher={Elsevier}
}

@article{huang2022transformer,
  title={A transformer-based generative adversarial network for brain tumor segmentation},
  author={Huang, Liqun and Zhu, Enjun and Chen, Long and Wang, Zhaoyang and Chai, Senchun and Zhang, Baihai},
  journal={Frontiers in Neuroscience},
  volume={16},
  pages={1054948},
  year={2022},
  publisher={Frontiers Media SA}
}

@article{ji2022synthetic,
  title={Synthetic MRI: technologies and applications in neuroradiology},
  author={Ji, Sooyeon and Yang, Dongjin and Lee, Jongho and Choi, Seung Hong and Kim, Hyeonjin and Kang, Koung Mi},
  journal={Journal of Magnetic Resonance Imaging},
  volume={55},
  number={4},
  pages={1013--1025},
  year={2022},
  publisher={Wiley Online Library}
}

@inproceedings{jia2021bitr,
  title={Bitr-unet: a cnn-transformer combined network for mri brain tumor segmentation},
  author={Jia, Qiran and Shu, Hai},
  booktitle={International MICCAI Brainlesion Workshop},
  pages={3--14},
  year={2021},
  organization={Springer}
}

@article{jiang2022swinbts,
  title={SwinBTS: A method for 3D multimodal brain tumor segmentation using swin transformer},
  author={Jiang, Yun and Zhang, Yuan and Lin, Xin and Dong, Jinkun and Cheng, Tongtong and Liang, Jing},
  journal={Brain sciences},
  volume={12},
  number={6},
  pages={797},
  year={2022},
  publisher={MDPI}
}

@article{kang2024multimodal,
  title={A Multimodal Feature Distillation with CNN-Transformer Network for Brain Tumor Segmentation with Incomplete Modalities},
  author={Kang, Ming and Ting, Fung Fung and Phan, Rapha{\"e}l C-W and Ge, Zongyuan and Ting, Chee-Ming},
  journal={arXiv preprint arXiv:2404.14019},
  year={2024}
}

@article{khan2020cascading,
  title={Cascading handcrafted features and Convolutional Neural Network for IoT-enabled brain tumor segmentation},
  author={Khan, Hikmat and Shah, Pir Masoom and Shah, Munam Ali and ul Islam, Saif and Rodrigues, Joel JPC},
  journal={Computer communications},
  volume={153},
  pages={196--207},
  year={2020},
  publisher={Elsevier}
}

@article{kingma2013auto,
  title={Auto-encoding variational bayes},
  author={Kingma, Diederik P},
  journal={arXiv preprint arXiv:1312.6114},
  year={2013}
}

@article{koetzier2024generating,
  title={Generating synthetic data for medical imaging},
  author={Koetzier, Lennart R and Wu, Jie and Mastrodicasa, Domenico and Lutz, Aline and Chung, Matthew and Koszek, W Adam and Pratap, Jayanth and Chaudhari, Akshay S and Rajpurkar, Pranav and Lungren, Matthew P and others},
  journal={Radiology},
  volume={312},
  number={3},
  pages={e232471},
  year={2024},
  publisher={Radiological Society of North America}
}

@article{laptev2021generative,
  title={Generative models based on VAE and GAN for new medical data synthesis},
  author={Laptev, Vladislav V and Gerget, Olga M and Markova, Nataliia A},
  journal={Society 5.0: Cyberspace for advanced human-centered society},
  pages={217--226},
  year={2021},
  publisher={Springer}
}

@article{li2021survey,
  title={A survey of convolutional neural networks: analysis, applications, and prospects},
  author={Li, Zewen and Liu, Fan and Yang, Wenjie and Peng, Shouheng and Zhou, Jun},
  journal={IEEE transactions on neural networks and learning systems},
  volume={33},
  number={12},
  pages={6999--7019},
  year={2021},
  publisher={IEEE}
}

@article{li2024scisafeeval,
  title={Scisafeeval: a comprehensive benchmark for safety alignment of large language models in scientific tasks},
  author={Li, Tianhao and Lu, Jingyu and Chu, Chuangxin and Zeng, Tianyu and Zheng, Yujia and Li, Mei and Huang, Haotian and Wu, Bin and Liu, Zuoxian and Ma, Kai and others},
  journal={arXiv preprint arXiv:2410.03769},
  year={2024}
}

@inproceedings{lin2021active,
  title={Active learning under malicious mislabeling and poisoning attacks},
  author={Lin, Jing and Luley, Ryan and Xiong, Kaiqi},
  booktitle={2021 IEEE global communications conference (GLOBECOM)},
  pages={1--6},
  year={2021},
  organization={IEEE}
}

@article{liu2024transsea,
  title={TransSea: Hybrid CNN-Transformer with Semantic Awareness for 3D Brain Tumor Segmentation},
  author={Liu, Yu and Ma, Yize and Zhu, Zhiqin and Cheng, Juan and Chen, Xun},
  journal={IEEE Transactions on Instrumentation and Measurement},
  year={2024},
  publisher={IEEE}
}

@inproceedings{martinelli2023data,
  title={Data Poisoning Attacks over Diabetic Retinopathy Images Classification},
  author={Martinelli, Fabio and Mercaldo, Francesco and Di Giammarco, Marcello and Santone, Antonella},
  booktitle={2023 IEEE International Conference on Big Data (BigData)},
  pages={3698--3703},
  year={2023},
  organization={IEEE}
}

@article{mecheter2022deep,
  title={Deep learning with multiresolution handcrafted features for brain MRI segmentation},
  author={Mecheter, Imene and Abbod, Maysam and Amira, Abbes and Zaidi, Habib},
  journal={Artificial intelligence in medicine},
  volume={131},
  pages={102365},
  year={2022},
  publisher={Elsevier}
}

@article{mirza2014conditional,
  title={Conditional generative adversarial nets},
  author={Mirza, Mehdi},
  journal={arXiv preprint arXiv:1411.1784},
  year={2014}
}

@article{pani2024synthetic,
  title={Synthetic MRI in action: A novel framework in data augmentation strategies for robust multi-modal brain tumor segmentation},
  author={Pani, Kaliprasad and Chawla, Indu},
  journal={Computers in Biology and Medicine},
  volume={183},
  pages={109273},
  year={2024},
  publisher={Elsevier}
}

@article{pereira2016brain,
  title={Brain tumor segmentation using convolutional neural networks in MRI images},
  author={Pereira, S{\'e}rgio and Pinto, Adriano and Alves, Victor and Silva, Carlos A},
  journal={IEEE transactions on medical imaging},
  volume={35},
  number={5},
  pages={1240--1251},
  year={2016},
  publisher={IEEE}
}

@incollection{pinheiro2021variational,
  title={Variational autoencoder},
  author={Pinheiro Cinelli, Lucas and Ara{\'u}jo Marins, Matheus and Barros da Silva, Eduardo Ant{\'u}nio and Lima Netto, S{\'e}rgio},
  booktitle={Variational Methods for Machine Learning with Applications to Deep Networks},
  pages={111--149},
  year={2021},
  publisher={Springer}
}

@inproceedings{ronneberger2015u,
  title={U-net: Convolutional networks for biomedical image segmentation},
  author={Ronneberger, Olaf and Fischer, Philipp and Brox, Thomas},
  booktitle={Medical image computing and computer-assisted intervention--MICCAI 2015: 18th international conference, Munich, Germany, October 5-9, 2015, proceedings, part III 18},
  pages={234--241},
  year={2015},
  organization={Springer}
}

@inproceedings{schwarzschild2021just,
  title={Just how toxic is data poisoning? a unified benchmark for backdoor and data poisoning attacks},
  author={Schwarzschild, Avi and Goldblum, Micah and Gupta, Arjun and Dickerson, John P and Goldstein, Tom},
  booktitle={International Conference on Machine Learning},
  pages={9389--9398},
  year={2021},
  organization={PMLR}
}

@article{siddique2021u,
  title={U-net and its variants for medical image segmentation: A review of theory and applications},
  author={Siddique, Nahian and Paheding, Sidike and Elkin, Colin P and Devabhaktuni, Vijay},
  journal={IEEE access},
  volume={9},
  pages={82031--82057},
  year={2021},
  publisher={IEEE}
}

@inproceedings{singkorapoom2023pre,
  title={Pre-trained Model Robustness Against GAN-Based Poisoning Attack in Medical Imaging Analysis},
  author={Singkorapoom, Pakpoom and Phoomvuthisarn, Suronapee},
  booktitle={IFIP International Conference on Artificial Intelligence Applications and Innovations},
  pages={302--313},
  year={2023},
  organization={Springer}
}

@article{soomro2022image,
  title={Image segmentation for MR brain tumor detection using machine learning: a review},
  author={Soomro, Toufique A and Zheng, Lihong and Afifi, Ahmed J and Ali, Ahmed and Soomro, Shafiullah and Yin, Ming and Gao, Junbin},
  journal={IEEE Reviews in Biomedical Engineering},
  volume={16},
  pages={70--90},
  year={2022},
  publisher={IEEE}
}

@article{szegedy2013intriguing,
  title={Intriguing properties of neural networks},
  author={Szegedy, C},
  journal={arXiv preprint arXiv:1312.6199},
  year={2013}
}

@article{tavse2022systematic,
  title={A systematic literature review on applications of GAN-synthesized images for brain MRI},
  author={Tavse, Sampada and Varadarajan, Vijayakumar and Bachute, Mrinal and Gite, Shilpa and Kotecha, Ketan},
  journal={Future Internet},
  volume={14},
  number={12},
  pages={351},
  year={2022},
  publisher={MDPI}
}

@article{tiwari2025review,
  title={A Review of GAN-Synthesized Brain MR Image Applications},
  author={Tiwari, Ankita and Tavse, Sampada and Bachute, Mrinal and Bhola, Abhishek},
  journal={Revolutionizing AI with Brain-Inspired Technology: Neuromorphic Computing},
  pages={99--154},
  year={2025},
  publisher={IGI Global Scientific Publishing}
}

@inproceedings{tolpegin2020data,
  title={Data poisoning attacks against federated learning systems},
  author={Tolpegin, Vale and Truex, Stacey and Gursoy, Mehmet Emre and Liu, Ling},
  booktitle={Computer security--ESORICs 2020: 25th European symposium on research in computer security, ESORICs 2020, guildford, UK, September 14--18, 2020, proceedings, part i 25},
  pages={480--501},
  year={2020},
  organization={Springer}
}

@article{wadhwa2019review,
  title={A review on brain tumor segmentation of MRI images},
  author={Wadhwa, Anjali and Bhardwaj, Anuj and Verma, Vivek Singh},
  journal={Magnetic resonance imaging},
  volume={61},
  pages={247--259},
  year={2019},
  publisher={Elsevier}
}

@article{wang2023vision,
  title={Vision transformers in multi-modal brain tumor MRI segmentation: A review},
  author={Wang, Pengyu and Yang, Qiushi and He, Zhibin and Yuan, Yixuan},
  journal={Meta-Radiology},
  pages={100004},
  year={2023},
  publisher={Elsevier}
}

@article{wei2024physical,
  title={Physical adversarial attack meets computer vision: A decade survey},
  author={Wei, Hui and Tang, Hao and Jia, Xuemei and Wang, Zhixiang and Yu, Hanxun and Li, Zhubo and Satoh, Shin'ichi and Van Gool, Luc and Wang, Zheng},
  journal={IEEE Transactions on Pattern Analysis and Machine Intelligence},
  year={2024},
  publisher={IEEE}
}

@article{yerlikaya2022data,
  title={Data poisoning attacks against machine learning algorithms},
  author={Yerlikaya, Fahri An{\i}l and Bahtiyar, {\c{S}}erif},
  journal={Expert Systems with Applications},
  volume={208},
  pages={118101},
  year={2022},
  publisher={Elsevier}
}

@inproceedings{zhu2017unpaired,
  title={Unpaired image-to-image translation using cycle-consistent adversarial networks},
  author={Zhu, Jun-Yan and Park, Taesung and Isola, Phillip and Efros, Alexei A},
  booktitle={Proceedings of the IEEE international conference on computer vision},
  pages={2223--2232},
  year={2017}
}

