@inproceedings{apr_cl,
  author       = {Sichong Hao and
                  Xianjun Shi and
                  Hongwei Liu and
                  Yanjun Shu},
  title        = {Enhancing Code Language Models for Program Repair by Curricular Fine-tuning
                  Framework},
  booktitle    = {ICSME},
  pages        = {136--146},
  publisher    = {IEEE},
  address = {NJ, USA},
  year         = {2023}
}

@article{assetorliability,
  author       = {Arghavan Moradi Dakhel and
                  Vahid Majdinasab and
                  Amin Nikanjam and
                  Foutse Khomh and
                  Michel C. Desmarais and
                  Zhen Ming (Jack) Jiang},
  title        = {GitHub Copilot {AI} pair programmer: Asset or Liability?},
  journal      = {J. Syst. Softw.},
  volume       = {203},
  pages        = {111734},
  year         = {2023}
}

@article{bugfixwild,
  author       = {Michele Tufano and
                  Cody Watson and
                  Gabriele Bavota and
                  Massimiliano Di Penta and
                  Martin White and
                  Denys Poshyvanyk},
  title        = {An Empirical Study on Learning Bug-Fixing Patches in the Wild via
                  Neural Machine Translation},
  journal      = {TOSEM},
  publisher    = {ACM},
  address = {New York, NY, USA},
  volume       = {28},
  number       = {4},
  pages        = {19:1--19:29},
  year         = {2019}
}

@inproceedings{clbengio,
  author       = {Yoshua Bengio and
                  J{\'{e}}r{\^{o}}me Louradour and
                  Ronan Collobert and
                  Jason Weston},
  title        = {Curriculum learning},
  booktitle    = {ICML},
  volume       = {382},
  pages        = {41--48},
  publisher    = {ACM},
  address = {New York, NY, USA},
  year         = {2009}
}

@inproceedings{codet5,
  author       = {Yue Wang and
                  Weishi Wang and
                  Shafiq R. Joty and
                  Steven C. H. Hoi},
  title        = {CodeT5: Identifier-aware Unified Pre-trained Encoder-Decoder Models
                  for Code Understanding and Generation},
  booktitle    = {EMNLP},
  pages        = {8696--8708},
  publisher    = {ACL},
  year         = {2021}
}

@inproceedings{codexglue,
  author       = {Shuai Lu and
                  Daya Guo and
                  Shuo Ren and
                  Junjie Huang and
                  Alexey Svyatkovskiy and
                  Ambrosio Blanco and
                  Colin B. Clement and
                  Dawn Drain and
                  Daxin Jiang and
                  Duyu Tang and
                  Ge Li and
                  Lidong Zhou and
                  Linjun Shou and
                  Long Zhou and
                  Michele Tufano and
                  Ming Gong and
                  Ming Zhou and
                  Nan Duan and
                  Neel Sundaresan and
                  Shao Kun Deng and
                  Shengyu Fu and
                  Shujie Liu},
  title        = {CodeXGLUE: {A} Machine Learning Benchmark Dataset for Code Understanding
                  and Generation},
  booktitle    = {NeurIPS Datasets and Benchmarks},
  year         = {2021}
}

@inproceedings{curriccode,
  author       = {Marwa Na{\"{\i}}r and
                  Kamel Mohammed Yamani and
                  Lynda Said L'Hadj and
                  Riyadh Baghdadi},
  title        = {Curriculum Learning for Small Code Language Models},
  booktitle    = {ACL - Student Research Workshop},
  pages        = {531--542},
  year         = {2024}
}

@inproceedings{curricnmt,
  author       = {Emmanouil Antonios Platanios and
                  Otilia Stretcu and
                  Graham Neubig and
                  Barnab{\'{a}}s P{\'{o}}czos and
                  Tom M. Mitchell},
  title        = {Competence-based Curriculum Learning for Neural Machine Translation},
  booktitle    = {NAACL-HLT},
  pages        = {1162--1172},
  publisher    = {ACL},
  year         = {2019}
}

@inproceedings{curricnn,
  author       = {Alex Graves and
                  Marc G. Bellemare and
                  Jacob Menick and
                  R{\'{e}}mi Munos and
                  Koray Kavukcuoglu},
  title        = {Automated Curriculum Learning for Neural Networks},
  booktitle    = {ICML},
  volume       = {70},
  pages        = {1311--1320},
  publisher    = {PMLR},
  year         = {2017}
}

@article{curricsurvey,
  author       = {Xin Wang and
                  Yudong Chen and
                  Wenwu Zhu},
  title        = {A Survey on Curriculum Learning},
  journal      = {TPAMI},
  publisher    = {IEEE},
  address = {NJ, USA},
  volume       = {44},
  number       = {9},
  pages        = {4555--4576},
  year         = {2022}
}

@inproceedings{iyer2016summarizing,
  author       = {Srinivasan Iyer and
                  Ioannis Konstas and
                  Alvin Cheung and
                  Luke Zettlemoyer},
  title        = {Summarizing Source Code using a Neural Attention Model},
  booktitle    = {ACL},
  year         = {2016}
}

@inproceedings{linevul,
  author       = {Michael Fu and
                  Chakkrit Tantithamthavorn},
  title        = {LineVul: {A} Transformer-based Line-Level Vulnerability Prediction},
  booktitle    = {MSR},
  pages        = {608--620},
  publisher    = {ACM},
  address = {New York, NY, USA},
  year         = {2022}
}

@inproceedings{liu-etal-2023-code,
  author       = {Chenxiao Liu and
                  Shuai Lu and
                  Weizhu Chen and
                  Daxin Jiang and
                  Alexey Svyatkovskiy and
                  Shengyu Fu and
                  Neel Sundaresan and
                  Nan Duan},
  title        = {Code Execution with Pre-trained Language Models},
  booktitle    = {ACL},
  pages        = {4984--4999},
  year         = {2023}
}

@inproceedings{mou2016,
  author       = {Lili Mou and
                  Ge Li and
                  Lu Zhang and
                  Tao Wang and
                  Zhi Jin},
  title        = {Convolutional Neural Networks over Tree Structures for Programming
                  Language Processing},
  booktitle    = {AAAI},
  pages        = {1287--1293},
  publisher    = {{AAAI} Press},
  year         = {2016}
}

@inproceedings{wangcl,
  author       = {Deze Wang and
                  Zhouyang Jia and
                  Shanshan Li and
                  Yue Yu and
                  Yun Xiong and
                  Wei Dong and
                  Xiangke Liao},
  title        = {Bridging Pre-trained Models and Downstream Tasks for Source Code Understanding},
  booktitle    = {ICSE},
  pages        = {287--298},
  publisher    = {ACM},
  address = {New York, NY, USA},
  year         = {2022}
}

