@inproceedings{linevul,
  author       = {Michael Fu and
                  Chakkrit Tantithamthavorn},
  title        = {LineVul: {A} Transformer-based Line-Level Vulnerability Prediction},
  booktitle    = {MSR},
  pages        = {608--620},
  publisher    = {ACM},
  address = {New York, NY, USA},
  year         = {2022}
}

@article{bugfixwild,
  author       = {Michele Tufano and
                  Cody Watson and
                  Gabriele Bavota and
                  Massimiliano Di Penta and
                  Martin White and
                  Denys Poshyvanyk},
  title        = {An Empirical Study on Learning Bug-Fixing Patches in the Wild via
                  Neural Machine Translation},
  journal      = {TOSEM},
  publisher    = {ACM},
  address = {New York, NY, USA},
  volume       = {28},
  number       = {4},
  pages        = {19:1--19:29},
  year         = {2019}
}

@inproceedings{codexglue,
  author       = {Shuai Lu and
                  Daya Guo and
                  Shuo Ren and
                  Junjie Huang and
                  Alexey Svyatkovskiy and
                  Ambrosio Blanco and
                  Colin B. Clement and
                  Dawn Drain and
                  Daxin Jiang and
                  Duyu Tang and
                  Ge Li and
                  Lidong Zhou and
                  Linjun Shou and
                  Long Zhou and
                  Michele Tufano and
                  Ming Gong and
                  Ming Zhou and
                  Nan Duan and
                  Neel Sundaresan and
                  Shao Kun Deng and
                  Shengyu Fu and
                  Shujie Liu},
  title        = {CodeXGLUE: {A} Machine Learning Benchmark Dataset for Code Understanding
                  and Generation},
  booktitle    = {NeurIPS Datasets and Benchmarks},
  year         = {2021}
}

@inproceedings{codestruct,
  author       = {Hong Yi Lin and
                  Patanamon Thongtanunam},
  title        = {Towards Automated Code Reviews: Does Learning Code Structure Help?},
  booktitle    = {SANER},
  pages        = {703--707},
  publisher    = {IEEE},
  address = {NJ, USA},
  year         = {2023}
}

@article{austin2021program,
  author       = {Jacob Austin and
                  Augustus Odena and
                  Maxwell I. Nye and
                  Maarten Bosma and
                  Henryk Michalewski and
                  David Dohan and
                  Ellen Jiang and
                  Carrie J. Cai and
                  Michael Terry and
                  Quoc V. Le and
                  Charles Sutton},
  title        = {Program Synthesis with Large Language Models},
  journal      = {CoRR},
  volume       = {abs/2108.07732},
  year         = {2021},
  eprinttype    = {arXiv},
  eprint       = {2108.07732}
}

@inproceedings{zengslr,
  author       = {Zhengran Zeng and
                  Hanzhuo Tan and
                  Haotian Zhang and
                  Jing Li and
                  Yuqun Zhang and
                  Lingming Zhang},
  title        = {An extensive study on pre-trained models for program understanding
                  and generation},
  booktitle    = {ISSTA},
  pages        = {39--51},
  publisher    = {ACM},
  address = {New York, NY, USA},
  year         = {2022}
}

@inproceedings{clbengio,
  author       = {Yoshua Bengio and
                  J{\'{e}}r{\^{o}}me Louradour and
                  Ronan Collobert and
                  Jason Weston},
  title        = {Curriculum learning},
  booktitle    = {ICML},
  volume       = {382},
  pages        = {41--48},
  publisher    = {ACM},
  address = {New York, NY, USA},
  year         = {2009}
}

@article{curricsurvey,
  author       = {Xin Wang and
                  Yudong Chen and
                  Wenwu Zhu},
  title        = {A Survey on Curriculum Learning},
  journal      = {TPAMI},
  publisher    = {IEEE},
  address = {NJ, USA},
  volume       = {44},
  number       = {9},
  pages        = {4555--4576},
  year         = {2022}
}

@inproceedings{curriccode,
  author       = {Marwa Na{\"{\i}}r and
                  Kamel Mohammed Yamani and
                  Lynda Said L'Hadj and
                  Riyadh Baghdadi},
  title        = {Curriculum Learning for Small Code Language Models},
  booktitle    = {ACL - Student Research Workshop},
  pages        = {531--542},
  year         = {2024}
}

@inproceedings{mou2016,
  author       = {Lili Mou and
                  Ge Li and
                  Lu Zhang and
                  Tao Wang and
                  Zhi Jin},
  title        = {Convolutional Neural Networks over Tree Structures for Programming
                  Language Processing},
  booktitle    = {AAAI},
  pages        = {1287--1293},
  publisher    = {{AAAI} Press},
  year         = {2016}
}

@inproceedings{iyer2016summarizing,
  author       = {Srinivasan Iyer and
                  Ioannis Konstas and
                  Alvin Cheung and
                  Luke Zettlemoyer},
  title        = {Summarizing Source Code using a Neural Attention Model},
  booktitle    = {ACL},
  year         = {2016}
}

@inproceedings{codet5,
  author       = {Yue Wang and
                  Weishi Wang and
                  Shafiq R. Joty and
                  Steven C. H. Hoi},
  title        = {CodeT5: Identifier-aware Unified Pre-trained Encoder-Decoder Models
                  for Code Understanding and Generation},
  booktitle    = {EMNLP},
  pages        = {8696--8708},
  publisher    = {ACL},
  year         = {2021}
}

@article{assetorliability,
  author       = {Arghavan Moradi Dakhel and
                  Vahid Majdinasab and
                  Amin Nikanjam and
                  Foutse Khomh and
                  Michel C. Desmarais and
                  Zhen Ming (Jack) Jiang},
  title        = {GitHub Copilot {AI} pair programmer: Asset or Liability?},
  journal      = {J. Syst. Softw.},
  volume       = {203},
  pages        = {111734},
  year         = {2023}
}

@inproceedings{curricnn,
  author       = {Alex Graves and
                  Marc G. Bellemare and
                  Jacob Menick and
                  R{\'{e}}mi Munos and
                  Koray Kavukcuoglu},
  title        = {Automated Curriculum Learning for Neural Networks},
  booktitle    = {ICML},
  volume       = {70},
  pages        = {1311--1320},
  publisher    = {PMLR},
  year         = {2017}
}

@inproceedings{curricnmt,
  author       = {Emmanouil Antonios Platanios and
                  Otilia Stretcu and
                  Graham Neubig and
                  Barnab{\'{a}}s P{\'{o}}czos and
                  Tom M. Mitchell},
  title        = {Competence-based Curriculum Learning for Neural Machine Translation},
  booktitle    = {NAACL-HLT},
  pages        = {1162--1172},
  publisher    = {ACL},
  year         = {2019}
}

@article{codenaturalness,
  author       = {Miltiadis Allamanis and
                  Earl T. Barr and
                  Premkumar T. Devanbu and
                  Charles Sutton},
  title        = {A Survey of Machine Learning for Big Code and Naturalness},
  journal      = {CSUR},
  volume       = {51},
  number       = {4},
  pages        = {81:1--81:37},
  year         = {2018}
}

@article{complexitymeasure,
  author       = {Thomas J. McCabe},
  title        = {A Complexity Measure},
  journal      = {TSE.},
  volume       = {2},
  number       = {4},
  pages        = {308--320},
  year         = {1976}
}

@article{cyccritiq,
  author       = {Martin J. Shepperd},
  title        = {A critique of cyclomatic complexity as a software metric},
  journal      = {Softw. Eng. J.},
  volume       = {3},
  number       = {2},
  pages        = {30--36},
  year         = {1988}
}

@inproceedings{metricthresholds,
  author       = {Tiago L. Alves and
                  Christiaan Ypma and
                  Joost Visser},
  title        = {Deriving metric thresholds from benchmark data},
  booktitle    = {ICSM},
  pages        = {1--10},
  publisher    = {IEEE},
  address = {NJ, USA},
  year         = {2010}
}

@inproceedings{bleu,
  author       = {Kishore Papineni and
                  Salim Roukos and
                  Todd Ward and
                  Wei{-}Jing Zhu},
  title        = {Bleu: a Method for Automatic Evaluation of Machine Translation},
  booktitle    = {ACL},
  pages        = {311--318},
  year         = {2002}
}

@inproceedings{bertscore,
  author       = {Tianyi Zhang and
                  Varsha Kishore and
                  Felix Wu and
                  Kilian Q. Weinberger and
                  Yoav Artzi},
  title        = {BERTScore: Evaluating Text Generation with {BERT}},
  booktitle    = {ICLR},
  year         = {2020}
}

@article{clcontinual,
  author       = {Cuong V. Nguyen and
                  Alessandro Achille and
                  Michael Lam and
                  Tal Hassner and
                  Vijay Mahadevan and
                  Stefano Soatto},
  title        = {Toward Understanding Catastrophic Forgetting in Continual Learning},
  journal      = {CoRR},
  volume       = {abs/1908.01091},
  year         = {2019},
  eprinttype    = {arXiv},
  eprint       = {1908.01091}
}

@article{shortcutlearning,
  author       = {Mengnan Du and
                  Fengxiang He and
                  Na Zou and
                  Dacheng Tao and
                  Xia Hu},
  title        = {Shortcut Learning of Large Language Models in Natural Language Understanding},
  journal      = {Commun.},
  publisher    = {ACM},
  address = {New York, NY, USA},
  volume       = {67},
  number       = {1},
  pages        = {110--120},
  year         = {2024}
}

@article{long_context,
  author       = {Nelson F. Liu and
                  Kevin Lin and
                  John Hewitt and
                  Ashwin Paranjape and
                  Michele Bevilacqua and
                  Fabio Petroni and
                  Percy Liang},
  title        = {Lost in the Middle: How Language Models Use Long Contexts},
  journal      = {TACL},
  volume       = {12},
  pages        = {157--173},
  year         = {2024}
}

@inproceedings{llm_ccd,
  author       = {Mohamad Khajezade and
                  Jie JW Wu and
                  Fatemeh Hendijani Fard and
                  Gema Rodr{\'{\i}}guez{-}P{\'{e}}rez and
                  Mohamed Sami Shehata},
  title        = {Investigating the Efficacy of Large Language Models for Code Clone
                  Detection},
  booktitle    = {ICPC},
  pages        = {161--165},
  publisher    = {ACM},
  address = {New York, NY, USA},
  year         = {2024}
}

@inproceedings{liu-etal-2023-code,
  author       = {Chenxiao Liu and
                  Shuai Lu and
                  Weizhu Chen and
                  Daxin Jiang and
                  Alexey Svyatkovskiy and
                  Shengyu Fu and
                  Neel Sundaresan and
                  Nan Duan},
  title        = {Code Execution with Pre-trained Language Models},
  booktitle    = {ACL},
  pages        = {4984--4999},
  year         = {2023}
}

@inproceedings{wangcl,
  author       = {Deze Wang and
                  Zhouyang Jia and
                  Shanshan Li and
                  Yue Yu and
                  Yun Xiong and
                  Wei Dong and
                  Xiangke Liao},
  title        = {Bridging Pre-trained Models and Downstream Tasks for Source Code Understanding},
  booktitle    = {ICSE},
  pages        = {287--298},
  publisher    = {ACM},
  address = {New York, NY, USA},
  year         = {2022}
}

@inproceedings{apr_cl,
  author       = {Sichong Hao and
                  Xianjun Shi and
                  Hongwei Liu and
                  Yanjun Shu},
  title        = {Enhancing Code Language Models for Program Repair by Curricular Fine-tuning
                  Framework},
  booktitle    = {ICSME},
  pages        = {136--146},
  publisher    = {IEEE},
  address = {NJ, USA},
  year         = {2023}
}