@article{malik2012systematic,
  title={A systematic mapping study on software engineering education},
  author={Malik, Bushra and Zafar, Saad},
  journal={Int. Journal of Educational and Pedagogical Sciences},
  volume={6},
  number={11},
  pages={3343--3353},
  year={2012}
}


@article{su2016effects,
  title={The effects of students' motivation, cognitive load and learning anxiety in gamification software engineering education: a structural equation modeling study},
  author={Su, Chung-Ho},
  journal={Multimedia Tools and Applications},
  volume={75},
  pages={10013--10036},
  year={2016}
}

@incollection{yu2016developing,
  title={Developing soft skills by applying problem-based learning in software engineering education},
  author={Yu, Liguo and Adaikkalavan, Raman},
  booktitle={Handbook of research on applied learning theory and design in modern education},
  year={2016},
  publisher={IGI Global}
}

@article{jones2018desired,
  title={Desired skills for entry level IS positions: Identification and assessment},
  author={Jones, Kiku and Leonard, Lori NK and Lang, Guido},
  journal={Journal of Computer Information Systems},
  volume={58},
  number={3},
  pages={214--220},
  year={2018}
}

@book{bolton2009people,
  title={People skills},
  author={Bolton, Robert},
  year={2009},
  publisher={Simon and Schuster}
}

@inproceedings{fioravanti2023software,
  title={Software Engineering Education Through Experiential Learning for Fostering Soft Skills},
  author={Fioravanti, Maria Lydia and Romeiro, Bruna Oliveira and Paschoal, Leo Natan and Oliveira, Brauner and De Souza, Simone RS and Barbosa, Ellen Francine and Moreno, Ana M},
  booktitle={Frontiers in Education Conference (FIE)},
  pages={1--8},
  year={2023}
}

@article{bradberry2019learning,
  title={Learning by doing: The long-term impact of experiential learning programs on student success},
  author={Bradberry, Leigh A and De Maio, Jennifer},
  journal={Journal of Political Science Education},
  volume={15},
  number={1},
  pages={94--111},
  year={2019}
}

@inproceedings{maxim2017use,
  title={Use of role-play and gamification in a software project course},
  author={Maxim, Bruce R and Brunvand, Stein and Decker, Adrienne},
  booktitle={Frontiers in Education Conference (FIE)},
  pages={1--5},
  year={2017}
}

@article{garcia2020effects,
  title={The effects of game-based learning in the acquisition of “soft skills” on undergraduate software engineering courses: A systematic literature review},
  author={Garcia, Ivan and Pacheco, Carla and M{\'e}ndez, Francisco and Calvo-Manzano, Jose A},
  journal={Computer Applications in Engineering Education},
  year={2020},
  publisher={Wiley Online Library}
}

@article{lehtinen1995long,
  title={Long-term development of learning activity: Motivational, cognitive, and social interaction},
  author={Lehtinen, Erno and Vauras, Marja and Salonen, Pekka and Olkinuora, Erkki and Kinnunen, Riitta},
  journal={Educational psychologist},
  volume={30},
  number={1},
  pages={21--35},
  year={1995}
}

@inproceedings{steglich2021online,
  title={An online educational hackathon to foster professional skills and intense collaboration on software engineering students},
  author={Steglich, Caio and Marczak, Sabrina and Guerra, Luiz and Trindade, C{\'a}ssio and Dutra, Alessandra and Bacelo, Ana},
  booktitle={XXXV Brazilian Symposium on Software Engineering},
  year={2021}
}

@inproceedings{steglich2020hackathons,
  title={Hackathons as a pedagogical strategy to engage students to learn and to adopt software engineering practices},
  author={Steglich, Caio and Salerno, Larissa and Fernandes, Tha{\'\i}s and Marczak, Sabrina and Dutra, Alessandra and Bacelo, Ana Paula and Trindade, C{\'a}ssio},
  booktitle={XXXIV Brazilian Symposium on Software Engineering},
  year={2020}
}

@inproceedings{kumalakov2018hackathon,
  title={Hackathon as a Project Based Teaching Tool: Employing Programming Challenge in the Class},
  author={Kumalakov, Bolatzhan and Kim, Alla and Mukhtarova, Salima and Shukurova, Assel and Khon, Natalya},
  booktitle={Int. Conf. on Application of {ICT}},
  pages={1--5},
  year={2018}
}

@inproceedings{sadovykh2020hackathons,
  title={Hackathons as a part of software engineering education: Case in tools example},
  author={Sadovykh, Andrey and Beketova, Maria and Khazeev, Mansur},
  booktitle={Frontiers in Software Engineering Education},
  pages={232--245},
  year={2020}
}

@article{towhidi2022hackathons,
  title={Hackathons for experiential learning in IS higher education.},
  author={Towhidi, Gelareh and Pridmore, Jeannie},
  journal={Issues In Information Systems},
  volume={23},
  number={1},
  year={2022}
}

@inproceedings{sadovykh4hackathon,
  title={Hackathon Approach for Students Evaluation at a Software Engineering Preliminary Results Course},
  author={Sadovykh, Andrey and Aslam, Hamna and Marouf, Rabab and Naumcheva, Maria and Mazzara, Manuel and Bobrov, Evgenii},
  booktitle={26th Int. Conf. on Interactive Collaborative Learning},
  volume={4},
  pages={213},
  year={2023}
}


@inproceedings{yuen2021designing,
  title={Designing an effective hackathon via university-industry collaboration for data science education},
  author={Yuen, Kevin Kam Fung and Wong, Amy Ooi Mei},
  booktitle={Int. Conf. on Engineering, Technology \& Education (TALE)},
  pages={1--6},
  year={2021}
}


@inproceedings{gama2018hackathon,
  title={A hackathon methodology for undergraduate course projects},
  author={Gama, Kiev and Alencar, Breno and Calegario, Filipe and Neves, Andr{\'e} and Alessio, Pedro},
  booktitle={Frontiers in Education Conference (FIE)},
  pages={1--9},
  year={2018}
}

@inproceedings{porras2019code,
  title={Code camps and hackathons in education-literature review and lessons learned},
  author={Porras, Jari and Knutas, Antti and Ikonen, Jouni and Happonen, Ari and Khakurel, Jayden and Herala, Antti},
  booktitle={Proceedings of the 52nd Hawaii Int. Conf. on System Sciences (HICSS)},
  year={2019}
}

@inproceedings{porras2018hackathons,
  title={Hackathons in software engineering education: lessons learned from a decade of events},
  author={Porras, Jari and Khakurel, Jayden and Ikonen, Jouni and Happonen, Ari and Knutas, Antti and Herala, Antti and Dr{\"o}gehorn, Olaf},
  booktitle={Int. Workshop on Software Engineering Education for Millennials},
  year={2018}
}



@inproceedings{la2020wip,
  title={WIP: Building a bridge between hackathons and software engineering capstones through adaptive expertise},
  author={La Place, Cecilia and Jordan, Shawn S},
  booktitle={Virtual Annual Conference Content Access},
  year={2020}
}

@inproceedings{la2022adapting,
  title={Adapting hackathon-honed skills toward software engineering capstone},
  author={La Place, Cecilia and Jordan, Shawn},
  booktitle={ASEE Annual Conf. \& Expo.},
  year={2022}
}

@article{afshar2022hackathon,
  title={Hackathon as an Effective Learning and Assessment Tool: An Analysis of Student Proficiency against Bloom's Taxonomy},
  author={Afshar, Yalda and Bahrehvar, Majid and Moshirpour, Mohammad and Behjat, Laleh},
  journal={Proceedings of the Canadian Engineering Education Association (CEEA)},
  year={2022}
}

@article{vallerand1993assessment,
  title={On the assessment of intrinsic, extrinsic, and amotivation in education: Evidence on the concurrent and construct validity of the Academic Motivation Scale},
  author={Vallerand, Robert J and Pelletier, Luc G and Blais, Marc R and Bri{\`e}re, Nathalie M and Senecal, Caroline and Valli{\`e}res, {\'E}velyne F},
  journal={Educational and psychological measurement},
  volume={53},
  number={1},
  pages={159--172},
  year={1993}
}

@article{vallerand1992academic,
  title={The Academic Motivation Scale: A measure of intrinsic, extrinsic, and amotivation in education},
  author={Vallerand, Robert J and Pelletier, Luc G and Blais, Marc R and Briere, Nathalie M and Senecal, Caroline and Vallieres, Evelyne F},
  journal={Educational and psychological measurement},
  volume={52},
  number={4},
  pages={1003--1017},
  year={1992}
}

@article{davoglio2016validaccao,
  title={Valida{\c{c}}{\~a}o da Escala de Motiva{\c{c}}{\~a}o Acad{\^e}mica em universit{\'a}rios brasileiros},
  author={Davoglio, T{\'a}rcia Rita and Santos, Bettina Steren dos and Lettnin, Carla da Concei{\c{c}}{\~a}o},
  journal={Ensaio: Avalia{\c{c}}{\~a}o e Pol{\'\i}ticas P{\'u}blicas em Educa{\c{c}}{\~a}o},
  volume={24},
  pages={522--545},
  year={2016}
}


@article{fairchild2005evaluating,
  title={Evaluating existing and new validity evidence for the Academic Motivation Scale},
  author={Fairchild, Amanda J and Horst, S Jeanne and Finney, Sara J and Barron, Kenneth E},
  journal={Contemporary Educational Psychology},
  volume={30},
  number={3},
  pages={331--358},
  year={2005}
}

@article{ralph2021acm,
  title={ACM SIGSOFT empirical standards released},
  author={Ralph, Paul},
  journal={ACM SIGSOFT Software Engineering Notes},
  volume={46},
  number={1},
  pages={19--19},
  year={2021}
}

@article{szymanska2020effects,
  title={The effects of hackathons on the entrepreneurial skillset and perceived self-efficacy as factors shaping entrepreneurial intentions},
  author={Szymanska, Izabela and Sesti, Tom and Motley, Hali and Puia, George},
  journal={Administrative Sciences},
  volume={10},
  number={3},
  pages={73},
  year={2020}
}

@article{garcia2023fostering,
  title={Fostering an innovation culture in the education sector: A scoping review and bibliometric analysis of hackathon research},
  author={Garcia, Manuel B},
  journal={Innovative Higher Education},
  volume={48},
  number={4},
  pages={739--762},
  year={2023}
}


@misc{repo,
  author       = {Araújo, Allysson Allex and Kalinowski, Marcos and Baldasarre, Maria Teresa},
  title        = {{Supporting repository}},
  month        = sep,
  year         = 2024,
  publisher    = {Zenodo},
  doi          = {https://doi.org/10.5281/zenodo.11409735},
  url          = { https://doi.org/10.5281/zenodo.11409735}
}

@article{runeson2009guidelines,
  title={Guidelines for conducting and reporting case study research in software engineering},
  author={Runeson, Per and H{\"o}st, Martin},
  journal={Empirical software engineering},
  volume={14},
  pages={131--164},
  year={2009}
}

@inproceedings{feldt2008towards,
  title={Towards individualized software engineering: empirical studies should collect psychometrics},
  author={Feldt, Robert and Torkar, Richard and Angelis, Lefteris and Samuelsson, Maria},
  booktitle={Int. Workshop on Cooperative and Human Aspects of Software Engineering (CHASE)},
  pages={49--52},
  year={2008}
}


@inproceedings{figas2013furtherance,
  title={The furtherance of motivation in the context of teaching software engineering},
  author={Figas, Paula and Hagel, Georg and Bartel, Alexander},
  booktitle={Global Engineering Education Conference (EDUCON)},
  pages={1299--1304},
  year={2013}
}

@article{garousi2019closing,
  title={Closing the gap between software engineering education and industrial needs},
  author={Garousi, Vahid and Giray, Gorkem and Tuzun, Eray and Catal, Cagatay and Felderer, Michael},
  journal={IEEE software},
  volume={37},
  number={2},
  pages={68--77},
  year={2019}
}


@article{burke2012social,
  title={Social cognitive theory, metacognition, and simulation learning in nursing education},
  author={Burke, Helen and Mancuso, Lorraine},
  journal={Journal of Nursing Education},
  volume={51},
  number={10},
  pages={543--548},
  year={2012}
}

@article{stajkovic1997business,
  title={Business ethics across cultures: A social cognitive model},
  author={Stajkovic, Alexander D and Luthans, Fred},
  journal={Journal of World Business},
  volume={32},
  number={1},
  pages={17--34},
  year={1997}
}

@article{monteiro2021changing,
  title={Changing Software Engineers' Self-Efficacy with Bootcamps: A Research Proposal},
  author={Monteiro Ribeiro, Danilo and Souza, Alberto and Santiago, Victor and Lucena, Danilo and Gomes, Geraldo and Pinto, Gustavo},
  journal={arXiv e-prints},
  pages={arXiv--2110},
  year={2021}
}

@book{miles2018qualitative,
  title={Qualitative data analysis: A methods sourcebook},
  author={Miles, Matthew B and Huberman, A Michael and Salda{\~n}a, Johnny},
  year={2018},
  publisher={Sage publications}
}

@inproceedings{cruzes2011recommended,
  title={Recommended steps for thematic synthesis in software engineering},
  author={Cruzes, Daniela S and Dyba, Tore},
  booktitle={Int. symposium on empirical software engineering and measurement (ESEM)},
  pages={275--284},
  year={2011}
}

@inproceedings{rabelo2022role,
  title={The Role of Non-Technical Skills in the Software Development Market},
  author={Rabelo, Dannilo and Lopes, Albert and Mendes, Wendy and de Souza, Cleidson and Gama, Kiev and Monteiro, Danilo and Pinto, Gustavo},
  booktitle={Proceedings of the XXXVI Brazilian Symposium on Software Engineering},
  pages={31--40},
  year={2022}
}

@book{patton1990qualitative,
  title={Qualitative evaluation and research methods},
  author={Patton, Michael Quinn},
  year={1990},
  publisher={SAGE Publications, inc}
}

@book{ritchie2013qualitative,
  title={Qualitative research practice: A guide for social science students and researchers},
  author={Ritchie, Jane and Lewis, Jane and Nicholls, Carol McNaughton and Ormston, Rachel and others},
  year={2013},
  publisher={Sage}
}

@article{legard2003depth,
  title={In-depth interviews},
  author={Legard, Robin and Keegan, Jill and Ward, Kit},
  journal={Qualitative research practice: A guide for social science students and researchers},
  volume={6},
  number={1},
  pages={138--169},
  year={2003}
}

@article{boyce2006conducting,
  title={Conducting in-depth interviews: A guide for designing and conducting in-depth interviews for evaluation input},
  author={Boyce, Carolyn and Neale, Palena},
  year={2006},
  publisher={Pathfinder International Watertown, MA}
}

@article{bardin1979analise,
  title={An{\'a}lise de conte{\'u}do},
  author={Bardin, Laurence},
  journal={São Paulo:Edições 70},
  year={2011}
}

@book{riessman2008narrative,
  title={Narrative methods for the human sciences},
  author={Riessman, Catherine Kohler},
  year={2008},
  publisher={Sage}
}

@article{murray2003narrative,
  title={Narrative psychology},
  author={Murray, Michael},
  journal={Qualitative psychology: a practical guide to research methods. Sage, 111{\'A}/31},
  year={2003},
  publisher={Wiley Online Library}
}

@article{lenberg2017qualitative,
  title={Qualitative software engineering research--reflections and guidelines},
  author={Lenberg, Per and Feldt, Robert and Gren, Lucas and Tengberg, Lars G{\"o}ran Wallgren and Tidefors, Inga and Graziotin, Daniel},
  journal={arXiv preprint arXiv:1712.08341},
  year={2017}
}

@article{storey2020software,
  title={The who, what, how of software engineering research: a socio-technical framework},
  author={Storey, Margaret-Anne and Ernst, Neil A and Williams, Courtney and Kalliamvakou, Eirini},
  journal={Empirical Software Engineering},
  volume={25},
  number={5},
  pages={4097--4129},
  year={2020}
}

@article{williams2019methodology,
  title={Methodology matters: How we study socio-technical aspects in software engineering},
  author={Williams, Courtney and Storey, Margaret-Anne and Ernst, Neil A and Zagalsky, Alexey and Kalliamvakou, Eirini},
  journal={arXiv preprint arXiv:1905.12841},
  year={2019}
}

@article{matturro2019systematic,
  title={A Systematic Mapping Study on Soft Skills in Software Engineering.},
  author={Matturro, Gerardo and Raschetti, Florencia and Font{\'a}n, Carina},
  journal={J. Univers. Comput. Sci.},
  volume={25},
  number={1},
  pages={16--41},
  year={2019}
}

@misc{faheemsoft,
  title={Soft Skills and Software Development: A Reflection from Software Industry Int. Journal of Information Processing and Management (IJIPM). 2013; 4 (3): 171-91},
  author={Faheem, A and Capretz, LF and Campbell, P and others},
  publisher={ISSN}
}

@article{bates2004use,
  title={Use of narrative interviewing in everyday information behavior research},
  author={Bates, Jessica A},
  journal={Library \& information science research},
  volume={26},
  number={1},
  pages={15--28},
  year={2004}
}

@article{flick2000episodic,
  title={Episodic interviewing},
  author={Flick, Uwe and others},
  journal={Qualitative researching with text, image and sound},
  pages={75--92},
  year={2000}
}

@article{mueller2019episodic,
  title={Episodic narrative interview: Capturing stories of experience with a methods fusion},
  author={Mueller, Robin Alison},
  journal={Int. Journal of Qualitative Methods},
  volume={18},
  pages={1609406919866044},
  year={2019}
}

@article{ahmed2012evaluating,
  title={Evaluating the demand for soft skills in software development},
  author={Ahmed, Faheem and Capretz, Luiz Fernando and Campbell, Piers},
  journal={IT Professional},
  year={2012}
}

@inproceedings{gonzalez2011teaching,
  title={Teaching “Soft” skills in software engineering},
  author={Gonz{\'a}lez-Morales, Daniel and De Antonio, Luz Marina Moreno and Garc{\'\i}a, Jos{\'e} Luis Roda},
  booktitle={Global Engineering Education Conference (EDUCON)},
  pages={630--637},
  year={2011}
}

@article{miranda2019organizar,
  title={O organizar de pr{\'a}ticas cooperativas no contexto de um ambiente de est{\'a}gio em desevolvimento de software},
  author={Miranda, Ari{\'a}dna Maria Carreiro de},
  year={2019}
}

@article{miranda2021compreendendo,
  title={Compreendendo as Soft Skills enquanto Feixe de Pr{\'a}ticas Cooperativas no Desenvolvimento de Software: Reflex{\~o}es sobre um Ambiente de Est{\'a}gio},
  author={Miranda, Ari{\'a}dna and Ara{\'u}jo, Allysson Allex and Coutinho, Emanuel and Souza, Jerffeson},
  journal={iSys-Brazilian Journal of Information Systems},
  volume={14},
  number={3},
  pages={98--125},
  year={2021}
}

@inproceedings{capretz2018call,
  title={A Call to Promote Soft Skills in Software Engineering},
  author={Capretz, Luiz Fernando and Ahmed, Faheem},
  booktitle={Psychology and Cognitive Sciences},
  year={2018}
}

@inproceedings{matturro2013soft,
  title={Soft skills in software engineering: A study of its demand by software companies in Uruguay},
  author={Matturro, Gerardo},
  booktitle={Int. Workshop on Cooperative and Human Aspects of Software Engineering (CHASE)},
  pages={133--136},
  year={2013}
}

@inproceedings{varava2021soft,
  title={Soft skills in software engineering technicians education},
  author={Varava, Iryna Pavlivna and Bohinska, Antonina P and Vakaliuk, Tetiana A and Mintii, IS},
  booktitle={Journal of physics: Conference series},
  volume={1946},
  number={1},
  pages={012012},
  year={2021},
  organization={IOP Publishing}
}

@inproceedings{matturro2015soft,
  title={Soft skills in software development teams: A survey of the points of view of team leaders and team members},
  author={Matturro, Gerardo and Raschetti, Florencia and Font{\'a}n, Carina},
  booktitle={Int. Workshop on Cooperative and Human Aspects of Software Engineering (CHASE)},
  pages={101--104},
  year={2015}
}

@incollection{kuhrmann2018controlled,
  title={Controlled experiments as means to teach soft skills in software engineering},
  author={Kuhrmann, Marco and Femmer, Henning and Eckhardt, Jonas},
  booktitle={Computer Systems and Software Engineering: Concepts, Methodologies, Tools, and Applications},
  pages={1355--1373},
  year={2018},
  publisher={IGI Global}
}

@article{bandura2001social,
  title={Social cognitive theory: An agentic perspective},
  author={Bandura, Albert},
  journal={Annual review of psychology},
  volume={52},
  number={1},
  pages={1--26},
  year={2001},
  publisher={Annual Reviews 4139 El Camino Way, PO Box 10139, Palo Alto, CA 94303-0139, USA}
}

@article{burck2005comparing,
  title={Comparing qualitative research methodologies for systemic research: The use of grounded theory, discourse analysis and narrative analysis},
  author={Burck, Charlotte},
  journal={Journal of family therapy},
  volume={27},
  number={3},
  pages={237--262},
  year={2005},
  publisher={Wiley Online Library}
}

@book{squire2014narrative,
  title={What is narrative research?},
  author={Squire, Corinne and Andrews, Molly and Davis, Mark and Esin, Cigdem and Harrison, Barbara and Hyd{\'e}n, Lars-Christer and Hyd{\'e}n, Margareta},
  year={2014},
  publisher={Bloomsbury Academic}
}

@book{chou2013fast,
  title={Fast-tracking Your Career: Soft Skills for Engineering and IT Professionals},
  author={Chou, Wushow},
  year={2013},
  publisher={John Wiley \& Sons}
}


@inproceedings{galster2022soft,
  title={What Soft Skills Does the Software Industry* Really* Want? An Exploratory Study of Software Positions in New Zealand},
  author={Galster, Matthias and Mitrovic, Antonija and Malinen, Sanna and Holland, Jay},
  booktitle={Int. Symposium on Empirical Software Engineering and Measurement (ESEM)},
  pages={272--282},
  year={2022}
}

@book{kechagias2011teaching,
  title={Teaching and assessing soft skills},
  author={Kechagias, Konstantinos},
  year={2011},
  booktitle={Measuring and Assessing Soft Skills},
  publisher={SCST}
}

@article{groeneveld2019software,
  title={Software Engineering Education Beyond the Technical: A Systematic Literature Review},
  author={Wouter Groeneveld and Joost Vennekens and Kris Aerts},
  journal={ArXiv},
  year={2019},
  volume={abs/1910.09865},
  url={https://api.semanticscholar.org/CorpusID:204823766}
}


@article{hanna2014reducing,
  title={Reducing the gap between software engineering curricula and software industry in Jordan},
  author={Hanna, Samer and Jaber, Hayat and Almasalmeh, Ayad and Jaber, Fawze Abu and others},
  journal={Journal of Software Engineering and Applications},
  volume={7},
  number={07},
  pages={602},
  year={2014},
  publisher={Scientific Research Publishing}
}

@article{garousi2019closing,
  title={Closing the gap between software engineering education and industrial needs},
  author={Garousi, Vahid and Giray, Gorkem and Tuzun, Eray and Catal, Cagatay and Felderer, Michael},
  journal={IEEE software},
  volume={37},
  number={2},
  pages={68--77},
  year={2019}
}

@inproceedings{marques2020stimulating,
  title={Stimulating the development of soft skills in Software Engineering Education through Design Thinking},
  author={Marques, Anna B and Ferreira, Bruna and Lopes, Adriana and Silva, Williamson},
  booktitle={Proceedings of the 34th Brazilian Symposium on Software Engineering},
  pages={690--699},
  year={2020}
}

@article{schunk2020motivation,
  title={Motivation and social cognitive theory},
  author={Schunk, Dale H and DiBenedetto, Maria K},
  journal={Contemporary Educational Psychology},
  volume={60},
  pages={101832},
  year={2020},
  publisher={Elsevier}
}

@incollection{wright2015educational,
title = {Educational Learning Theory},
editor = {James D. Wright},
booktitle = {Int. Encyclopedia of the Social & Behavioral Sciences (Second Edition)},
publisher = {Elsevier},
edition = {Second Edition},
address = {Oxford},
pages = {238-245},
year = {2015},
isbn = {978-0-08-097087-5},
doi = {https://doi.org/10.1016/B978-0-08-097086-8.92150-0},
url = {https://www.sciencedirect.com/science/article/pii/B9780080970868921500},
author = {Kelly Y.L. Ku and Sivanes Phillipson and Shane N. Phillipson},
keywords = {Behaviorism, Bioecological system, Cognitivism, Constructivism, Educational psychology, Epistemology, Information processing theory, Learning, Metacognition, Social cognitive theory, Sociocultural theory},
abstract = {A broad orientation to the principles and mechanisms underlying three major views of learning, namely, the behavioral perspective, the cognitive perspective, and the sociocultural perspective are presented. The focuses are on how these perspectives differ in their grounding assumptions and beliefs on how learning occurs and what constitutes the results or products of learning, as well as their impacts on research, practices, and educational policies.}
}

@article{bundura1986social,
  title={Social foundations of thought and action: A social cognitive theory},
  author={Bundura, A},
  journal={Englewood, NJ: Prenticc II. all},
  year={1986}
}

@article{bandura1986prentice,
  title={Prentice-Hall series in social learning theory. Social foundations of thought and action: A social cognitive theory},
  author={Bandura, Albert and others},
  journal={Englewood Cliffs, NJ},
  year={1986}
}

@article{schunk2012social,
  title={Social cognitive theory.},
  author={Schunk, Dale H},
  year={2012},
  publisher={American Psychological Association}
}

@article{bandura1990some,
  title={Some reflections on reflections},
  author={Bandura, Albert},
  journal={Psychological inquiry},
  volume={1},
  number={1},
  pages={101--105},
  year={1990},
  publisher={Taylor \& Francis}
}


@article{bandura1986prentice,
  title={Prentice-Hall series in social learning theory. Social foundations of thought and action: A social cognitive theory},
  author={Bandura, Albert and others},
  journal={Englewood Cliffs, NJ},
  year={1986}
}

@article{bergman2019agency,
  title={Agency and Bandura’s model of Triadic Reciprocal Causation: An exploratory mobility study among Metrorail commuters in the Western Cape, South Africa},
  author={Bergman, Zinette and Bergman, Manfred Max and Thatcher, Andrew},
  journal={Frontiers in psychology},
  volume={10},
  pages={411},
  year={2019},
  publisher={Frontiers Media SA}
}

@article{hadar2018privacy,
  title={Privacy by designers: software developers’ privacy mindset},
  author={Hadar, Irit and Hasson, Tomer and Ayalon, Oshrat and Toch, Eran and Birnhack, Michael and Sherman, Sofia and Balissa, Arod},
  journal={Empirical Software Engineering},
  volume={23},
  pages={259--289},
  year={2018}
}

@article{anwar2019investigation,
  title={Investigation of knowledge sharing behavior in global software development organizations using social cognitive theory},
  author={Anwar, Rayhab and Rehman, Mobashar and Wang, Khor Siak and Hashmani, Manzoor Ahmed and Shamim, Amjad},
  journal={IEEE Access},
  volume={7},
  pages={71286--71298},
  year={2019}
}

@inproceedings{madampe2020towards,
  title={Towards better understanding of agile teams through behavior change models},
  author={Madampe, Kashumi and Hoda, Rashina and Grundy, John},
  booktitle={Int. Conf. on Automated Software Engineering Workshops},
  pages={53--56},
  year={2020}
}

@article{ambrose2010socio,
  title={A socio-cognitive interpretation of the potential effects of downsizing on software quality performance},
  author={Ambrose, Paul J and Chiravuri, Ananth},
  journal={Information Systems Journal},
  volume={20},
  number={3},
  pages={239--265},
  year={2010},
  publisher={Wiley Online Library}
}

@incollection{sedelmaier2014practicing,
  title={Practicing soft skills in software engineering: A project-based didactical approach},
  author={Sedelmaier, Yvonne and Landes, Dieter},
  booktitle={Overcoming Challenges in Software Engineering Education},
  pages={161--179},
  year={2014}
}

@misc{faheemsoft,
  title={Soft Skills and Software Development: A Reflection from Software Industry Int. Journal of Information Processing and Management (IJIPM). 2013; 4 (3): 171-91},
  author={Faheem, A and Capretz, LF and Campbell, P and others},
  publisher={ISSN}
}

@article{ahmed2015soft,
  title={Soft skills and software development: A reflection from the software industry},
  author={Ahmed, Faheem and Capretz, Luiz Fernando and Bouktif, Salah and Campbell, Piers},
  journal={arXiv preprint arXiv:1507.06873},
  year={2015}
}

@article{krishnamurthy2017breezing,
  title={Breezing my way as a solution architect: A retrospective on skill development and use},
  author={Krishnamurthy, Raghuraman},
  journal={IEEE Software},
  volume={34},
  number={3},
  pages={9--13},
  year={2017}
}

@inproceedings{james2017perception,
  title={What is the perception of female and male software professionals on performance, team dynamics and job satisfaction? Insights from the trenches},
  author={James, Toni and Galster, Matthias and Blincoe, Kelly and Miller, Grant},
  booktitle={Int. Conf. on Software Engineering: Software Engineering in Practice Track (ICSE-SEIP)},
  pages={13--22},
  year={2017}
}

@article{dubey2016systematic,
  title={A Systematic Review On Relevent Soft Skills In Software Engineering Curricula},
  author={Dubey, R Singh and Tewari, Vijaishri},
  journal={EDULEARN16 Proceedings},
  year={2016},
  publisher={IATED}
}

@article{groeneveldsoftware,
  title={Software Engineering Education Beyond the Technical},
  author={Groeneveld, Wouter and Vennekens, Joost and Aerts, Kris}
}

@article{akdur2022analysis,
  title={Analysis of software engineering skills gap in the industry},
  author={Akdur, Deniz},
  journal={ACM Transactions on Computing Education},
  volume={23},
  number={1},
  year={2022}
}
%pages={1--28},

@article{caeiro2021teaching,
  title={Teaching soft skills in engineering education: An European perspective},
  author={Caeiro-Rodr{\'\i}guez, Manuel and Manso-V{\'a}zquez, Mario and Mikic-Fonte, Fernando A and Llamas-Nistal, Mart{\'\i}n and Fern{\'a}ndez-Iglesias, Manuel J and Tsalapatas, Hariklia and Heidmann, Olivier and De Carvalho, Carlos Vaz and Jesmin, Triinu and Terasmaa, Jaanus and others},
  journal={IEEE Access},
  volume={9},
  pages={29222--29242},
  year={2021}
}

@misc{gustafsson2017single,
  title={Single case studies vs. multiple case studies: A comparative study},
  author={Gustafsson, Johanna},
  year={2017}
}

@inproceedings{martins2007role,
  title={The role of hard and soft skills on engineering education},
  author={Martins, J{\'u}lio and Duarte, Marinho and Reis Cunha, S and Almada Lobo, Bernardo and Torres Marques, A and Magalh{\~a}es, Barbedo},
  booktitle={Proceedings of the Int. Conf. on Engineering Education (ICEE)},
  pages={1--6},
  year={2007},
  organization={Citeseer}
}

@book{runeson2012case,
  title={Case study research in software engineering: Guidelines and examples},
  author={Runeson, Per and Host, Martin and Rainer, Austen and Regnell, Bjorn},
  year={2012},
  publisher={John Wiley \& Sons}
}

@article{gagne2022understanding,
  title={Understanding and shaping the future of work with self-determination theory},
  author={Gagn{\'e}, Maryl{\`e}ne and Parker, Sharon K and Griffin, Mark A and Dunlop, Patrick D and Knight, Caroline and Klonek, Florian E and Parent-Rocheleau, Xavier},
  journal={Nature Reviews Psychology},
  volume={1},
  number={7},
  year={2022},
  publisher={Nature Publishing Group US New York}
}

@article{lamnina2019developing,
  title={Developing a thirst for knowledge: How uncertainty in the classroom influences curiosity, affect, learning, and transfer},
  author={Lamnina, Marianna and Chase, Catherine C},
  journal={Contemporary Educational Psychology},
  volume={59},
  pages={101785},
  year={2019},
  publisher={Elsevier}
}

@article{griffin2007new,
  title={A new model of work role performance: Positive behavior in uncertain and interdependent contexts},
  author={Griffin, Mark A and Neal, Andrew and Parker, Sharon K},
  journal={Academy of management journal},
  volume={50},
  number={2},
  year={2007},
  publisher={Academy of Management Briarcliff Manor, NY 10510}
}

@article{deci2012self,
  title={Self-determination theory},
  author={Deci, Edward L and Ryan, Richard M},
  journal={Handbook of theories of social psychology},
  volume={1},
  number={20},
  pages={416--436},
  year={2012},
  publisher={Sage Publications Ltd}
}

@incollection{ryan2022self,
  title={Self-determination theory},
  author={Ryan, Richard M and Deci, Edward L},
  booktitle={Encyclopedia of quality of life and well-being research},
  pages={1--7},
  year={2022}
}

@article{guay2022applying,
  title={Applying self-determination theory to education: Regulations types, psychological needs, and autonomy supporting behaviors},
  author={Guay, Fr{\'e}d{\'e}ric},
  journal={Canadian Journal of School Psychology},
  volume={37},
  number={1},
  pages={75--92},
  year={2022},
  publisher={Sage Publications Sage CA: Los Angeles, CA}
}

@incollection{ryan2023self,
  title={Self-determination theory},
  author={Ryan, Richard M and Vansteenkiste, Maarten},
  booktitle={The Oxford Handbook of Self-Determination Theory},
  year={2023},
  publisher={Oxford}
}

@inproceedings{araujo2024can,
  title={Can participation in a hackathon impact the motivation of software engineering students? A preliminary case study analysis},
  author={Ara{\'u}jo, Allysson Allex and Kalinowski, Marcos and Baldassarre, Maria Teresa},
  booktitle={Int. Conf. on Cooperative and Human Aspects of Software Engineering (CHASE)},
  pages={103--108},
  year={2024}
}


@article{wang2019competence,
  title={Competence, autonomy, and relatedness in the classroom: understanding students’ motivational processes using the self-determination theory},
  author={Wang, CK John and Liu, Woon Chia and Kee, Ying Hwa and Chian, Lit Khoon},
  journal={Heliyon},
  volume={5},
  number={7},
  year={2019},
  publisher={Elsevier}
}

@article{deci2000and,
  title={The" what" and" why" of goal pursuits: Human needs and the self-determination of behavior},
  author={Deci, Edward L and Ryan, Richard M},
  journal={Psychological inquiry},
  volume={11},
  number={4},
  pages={227--268},
  year={2000},
  publisher={Taylor \& Francis}
}

@incollection{alkema2017agile,
  title={Agile and hackathons: a case study of emergent practices at the FNB codefest},
  author={Alkema, Peter John and Levitt, Stephen Phillip and Chen, Jeff Yu-Jen},
  booktitle={South African Institute of Computer Scientists and IT},
  pages={1--10},
  year={2017}
}

@inproceedings{mhlongo2020effectiveness,
  title={The effectiveness of collaboration using the hackathon to promote computer programming skills},
  author={Mhlongo, Sakhumuzi and Oyetade, Kayode Emmanuel and Zuva, Tranos},
  booktitle={Int. Multidisciplinary Information Technology and Engineering Conference},
  pages={1--6},
  year={2020}
}

@article{lifshitz2021minimal,
  title={Minimal and adaptive coordination: How hackathons’ projects accelerate innovation without killing it},
  author={Lifshitz-Assaf, Hila and Lebovitz, Sarah and Zalmanson, Lior},
  journal={Academy of Management Journal},
  year={2021},
  publisher={Academy of Management Briarcliff Manor, NY}
}
%  volume={64},
  number={3},
  pages={684--715},

@inproceedings{moshirpour2023multidisciplinary,
  title={Multidisciplinary Hackathons: Towards Developing Practical Software Engineering Skills},
  author={Moshirpour, Mojgan and Al Shoura, Tariq and Duffett-Leger, Linda and Moshirpour, Mohammad},
  booktitle={Frontiers in Education Conference (FIE)},
  pages={01--09},
  year={2023}
}


@incollection{reeve2002self,
  author    = {Reeve, Johnmarshall},
  title     = {Self-determination theory applied to educational settings},
  booktitle = {Handbook of Self-Determination Research},
  editor    = {Deci, Edward L. and Ryan, Richard M.},
  publisher = {University of Rochester Press},
  year      = {2002},
  pages     = {183--203}
}

@inproceedings{lohrasbinasab2020bizdevops,
  title={BizDevOps: a multivocal literature review},
  author={Lohrasbinasab, Iraj and Acharya, Prameet Bhakta and Colomo-Palacios, Ricardo},
  booktitle={Int. Conf. on Computational Science and Its Applications (ICCSA)},
  pages={698--713},
  year={2020}
}

@article{moreira2023analyzing,
  title={Analyzing the BizDev interface in an enterprise context: a case of developers acting in business},
  author={Moreira, Caique G and de Fran{\c{c}}a, Breno BN and Conte, Tayana U},
  journal={Empirical Software Engineering},
  year={2023}
}

@inproceedings{haque2022effectiveness,
  title={Effectiveness of hackathons in software engineering education},
  author={Haque, Risat and Salmani, Ali and Raessinejad, Niyousha and Moshirpour, Mohammad},
  booktitle={Frontiers in Education Conference (FIE)},
  pages={1--8},
  year={2022}
}