@article{afshar2022hackathon,
  title={Hackathon as an Effective Learning and Assessment Tool: An Analysis of Student Proficiency against Bloom's Taxonomy},
  author={Afshar, Yalda and Bahrehvar, Majid and Moshirpour, Mohammad and Behjat, Laleh},
  journal={Proceedings of the Canadian Engineering Education Association (CEEA)},
  year={2022}
}

@article{ahmed2012evaluating,
  title={Evaluating the demand for soft skills in software development},
  author={Ahmed, Faheem and Capretz, Luiz Fernando and Campbell, Piers},
  journal={IT Professional},
  year={2012}
}

@book{bolton2009people,
  title={People skills},
  author={Bolton, Robert},
  year={2009},
  publisher={Simon and Schuster}
}

@article{bradberry2019learning,
  title={Learning by doing: The long-term impact of experiential learning programs on student success},
  author={Bradberry, Leigh A and De Maio, Jennifer},
  journal={Journal of Political Science Education},
  volume={15},
  number={1},
  pages={94--111},
  year={2019}
}

@inproceedings{capretz2018call,
  title={A Call to Promote Soft Skills in Software Engineering},
  author={Capretz, Luiz Fernando and Ahmed, Faheem},
  booktitle={Psychology and Cognitive Sciences},
  year={2018}
}

@inproceedings{fioravanti2023software,
  title={Software Engineering Education Through Experiential Learning for Fostering Soft Skills},
  author={Fioravanti, Maria Lydia and Romeiro, Bruna Oliveira and Paschoal, Leo Natan and Oliveira, Brauner and De Souza, Simone RS and Barbosa, Ellen Francine and Moreno, Ana M},
  booktitle={Frontiers in Education Conference (FIE)},
  pages={1--8},
  year={2023}
}

@inproceedings{galster2022soft,
  title={What Soft Skills Does the Software Industry* Really* Want? An Exploratory Study of Software Positions in New Zealand},
  author={Galster, Matthias and Mitrovic, Antonija and Malinen, Sanna and Holland, Jay},
  booktitle={Int. Symposium on Empirical Software Engineering and Measurement (ESEM)},
  pages={272--282},
  year={2022}
}

@inproceedings{gama2018hackathon,
  title={A hackathon methodology for undergraduate course projects},
  author={Gama, Kiev and Alencar, Breno and Calegario, Filipe and Neves, Andr{\'e} and Alessio, Pedro},
  booktitle={Frontiers in Education Conference (FIE)},
  pages={1--9},
  year={2018}
}

@article{garcia2020effects,
  title={The effects of game-based learning in the acquisition of “soft skills” on undergraduate software engineering courses: A systematic literature review},
  author={Garcia, Ivan and Pacheco, Carla and M{\'e}ndez, Francisco and Calvo-Manzano, Jose A},
  journal={Computer Applications in Engineering Education},
  year={2020},
  publisher={Wiley Online Library}
}

@article{garcia2023fostering,
  title={Fostering an innovation culture in the education sector: A scoping review and bibliometric analysis of hackathon research},
  author={Garcia, Manuel B},
  journal={Innovative Higher Education},
  volume={48},
  number={4},
  pages={739--762},
  year={2023}
}

@inproceedings{gonzalez2011teaching,
  title={Teaching “Soft” skills in software engineering},
  author={Gonz{\'a}lez-Morales, Daniel and De Antonio, Luz Marina Moreno and Garc{\'\i}a, Jos{\'e} Luis Roda},
  booktitle={Global Engineering Education Conference (EDUCON)},
  pages={630--637},
  year={2011}
}

@inproceedings{haque2022effectiveness,
  title={Effectiveness of hackathons in software engineering education},
  author={Haque, Risat and Salmani, Ali and Raessinejad, Niyousha and Moshirpour, Mohammad},
  booktitle={Frontiers in Education Conference (FIE)},
  pages={1--8},
  year={2022}
}

@book{kechagias2011teaching,
  title={Teaching and assessing soft skills},
  author={Kechagias, Konstantinos},
  year={2011},
  booktitle={Measuring and Assessing Soft Skills},
  publisher={SCST}
}

@inproceedings{kumalakov2018hackathon,
  title={Hackathon as a Project Based Teaching Tool: Employing Programming Challenge in the Class},
  author={Kumalakov, Bolatzhan and Kim, Alla and Mukhtarova, Salima and Shukurova, Assel and Khon, Natalya},
  booktitle={Int. Conf. on Application of {ICT}},
  pages={1--5},
  year={2018}
}

@inproceedings{la2020wip,
  title={WIP: Building a bridge between hackathons and software engineering capstones through adaptive expertise},
  author={La Place, Cecilia and Jordan, Shawn S},
  booktitle={Virtual Annual Conference Content Access},
  year={2020}
}

@inproceedings{la2022adapting,
  title={Adapting hackathon-honed skills toward software engineering capstone},
  author={La Place, Cecilia and Jordan, Shawn},
  booktitle={ASEE Annual Conf. \& Expo.},
  year={2022}
}

@inproceedings{martins2007role,
  title={The role of hard and soft skills on engineering education},
  author={Martins, J{\'u}lio and Duarte, Marinho and Reis Cunha, S and Almada Lobo, Bernardo and Torres Marques, A and Magalh{\~a}es, Barbedo},
  booktitle={Proceedings of the Int. Conf. on Engineering Education (ICEE)},
  pages={1--6},
  year={2007},
  organization={Citeseer}
}

@inproceedings{matturro2013soft,
  title={Soft skills in software engineering: A study of its demand by software companies in Uruguay},
  author={Matturro, Gerardo},
  booktitle={Int. Workshop on Cooperative and Human Aspects of Software Engineering (CHASE)},
  pages={133--136},
  year={2013}
}

@inproceedings{matturro2015soft,
  title={Soft skills in software development teams: A survey of the points of view of team leaders and team members},
  author={Matturro, Gerardo and Raschetti, Florencia and Font{\'a}n, Carina},
  booktitle={Int. Workshop on Cooperative and Human Aspects of Software Engineering (CHASE)},
  pages={101--104},
  year={2015}
}

@article{matturro2019systematic,
  title={A Systematic Mapping Study on Soft Skills in Software Engineering.},
  author={Matturro, Gerardo and Raschetti, Florencia and Font{\'a}n, Carina},
  journal={J. Univers. Comput. Sci.},
  volume={25},
  number={1},
  pages={16--41},
  year={2019}
}

@article{miranda2021compreendendo,
  title={Compreendendo as Soft Skills enquanto Feixe de Pr{\'a}ticas Cooperativas no Desenvolvimento de Software: Reflex{\~o}es sobre um Ambiente de Est{\'a}gio},
  author={Miranda, Ari{\'a}dna and Ara{\'u}jo, Allysson Allex and Coutinho, Emanuel and Souza, Jerffeson},
  journal={iSys-Brazilian Journal of Information Systems},
  volume={14},
  number={3},
  pages={98--125},
  year={2021}
}

@inproceedings{porras2018hackathons,
  title={Hackathons in software engineering education: lessons learned from a decade of events},
  author={Porras, Jari and Khakurel, Jayden and Ikonen, Jouni and Happonen, Ari and Knutas, Antti and Herala, Antti and Dr{\"o}gehorn, Olaf},
  booktitle={Int. Workshop on Software Engineering Education for Millennials},
  year={2018}
}

@inproceedings{porras2019code,
  title={Code camps and hackathons in education-literature review and lessons learned},
  author={Porras, Jari and Knutas, Antti and Ikonen, Jouni and Happonen, Ari and Khakurel, Jayden and Herala, Antti},
  booktitle={Proceedings of the 52nd Hawaii Int. Conf. on System Sciences (HICSS)},
  year={2019}
}

@inproceedings{sadovykh2020hackathons,
  title={Hackathons as a part of software engineering education: Case in tools example},
  author={Sadovykh, Andrey and Beketova, Maria and Khazeev, Mansur},
  booktitle={Frontiers in Software Engineering Education},
  pages={232--245},
  year={2020}
}

@inproceedings{sadovykh4hackathon,
  title={Hackathon Approach for Students Evaluation at a Software Engineering Preliminary Results Course},
  author={Sadovykh, Andrey and Aslam, Hamna and Marouf, Rabab and Naumcheva, Maria and Mazzara, Manuel and Bobrov, Evgenii},
  booktitle={26th Int. Conf. on Interactive Collaborative Learning},
  volume={4},
  pages={213},
  year={2023}
}

@incollection{sedelmaier2014practicing,
  title={Practicing soft skills in software engineering: A project-based didactical approach},
  author={Sedelmaier, Yvonne and Landes, Dieter},
  booktitle={Overcoming Challenges in Software Engineering Education},
  pages={161--179},
  year={2014}
}

@inproceedings{steglich2020hackathons,
  title={Hackathons as a pedagogical strategy to engage students to learn and to adopt software engineering practices},
  author={Steglich, Caio and Salerno, Larissa and Fernandes, Tha{\'\i}s and Marczak, Sabrina and Dutra, Alessandra and Bacelo, Ana Paula and Trindade, C{\'a}ssio},
  booktitle={XXXIV Brazilian Symposium on Software Engineering},
  year={2020}
}

@inproceedings{steglich2021online,
  title={An online educational hackathon to foster professional skills and intense collaboration on software engineering students},
  author={Steglich, Caio and Marczak, Sabrina and Guerra, Luiz and Trindade, C{\'a}ssio and Dutra, Alessandra and Bacelo, Ana},
  booktitle={XXXV Brazilian Symposium on Software Engineering},
  year={2021}
}

@article{szymanska2020effects,
  title={The effects of hackathons on the entrepreneurial skillset and perceived self-efficacy as factors shaping entrepreneurial intentions},
  author={Szymanska, Izabela and Sesti, Tom and Motley, Hali and Puia, George},
  journal={Administrative Sciences},
  volume={10},
  number={3},
  pages={73},
  year={2020}
}

@incollection{yu2016developing,
  title={Developing soft skills by applying problem-based learning in software engineering education},
  author={Yu, Liguo and Adaikkalavan, Raman},
  booktitle={Handbook of research on applied learning theory and design in modern education},
  year={2016},
  publisher={IGI Global}
}

@inproceedings{yuen2021designing,
  title={Designing an effective hackathon via university-industry collaboration for data science education},
  author={Yuen, Kevin Kam Fung and Wong, Amy Ooi Mei},
  booktitle={Int. Conf. on Engineering, Technology \& Education (TALE)},
  pages={1--6},
  year={2021}
}

