@misc{audiobox,
      title={Audiobox: Unified Audio Generation with Natural Language Prompts}, 
      author={Apoorv Vyas and Bowen Shi and Matthew Le and Andros Tjandra and Yi-Chiao Wu and Baishan Guo and Jiemin Zhang and Xinyue Zhang and Robert Adkins and William Ngan and Jeff Wang and Ivan Cruz and Bapi Akula and Akinniyi Akinyemi and Brian Ellis and Rashel Moritz and Yael Yungster and Alice Rakotoarison and Liang Tan and Chris Summers and Carleigh Wood and Joshua Lane and Mary Williamson and Wei-Ning Hsu},
      year={2023},
      eprint={2312.15821},
      archivePrefix={arXiv},
      primaryClass={cs.SD},
      url={https://arxiv.org/abs/2312.15821}, 
}

@misc{cvlora,
      title={Continual Diffusion: Continual Customization of Text-to-Image Diffusion with C-LoRA}, 
      author={James Seale Smith and Yen-Chang Hsu and Lingyu Zhang and Ting Hua and Zsolt Kira and Yilin Shen and Hongxia Jin},
      year={2024},
      eprint={2304.06027},
      archivePrefix={arXiv},
      primaryClass={cs.CV},
      url={https://arxiv.org/abs/2304.06027}, 
}

@misc{cvlora2,
      title={LCM-LoRA: A Universal Stable-Diffusion Acceleration Module}, 
      author={Simian Luo and Yiqin Tan and Suraj Patil and Daniel Gu and Patrick von Platen and Apolinário Passos and Longbo Huang and Jian Li and Hang Zhao},
      year={2023},
      eprint={2311.05556},
      archivePrefix={arXiv},
      primaryClass={cs.CV},
      url={https://arxiv.org/abs/2311.05556}, 
}

@misc{speechadapt1,
      title={AdaSpeech: Adaptive Text to Speech for Custom Voice}, 
      author={Mingjian Chen and Xu Tan and Bohan Li and Yanqing Liu and Tao Qin and Sheng Zhao and Tie-Yan Liu},
      year={2021},
      eprint={2103.00993},
      archivePrefix={arXiv},
      primaryClass={eess.AS},
      url={https://arxiv.org/abs/2103.00993}, 
}

@misc{speechadapt2,
      title={Sample Efficient Adaptive Text-to-Speech}, 
      author={Yutian Chen and Yannis Assael and Brendan Shillingford and David Budden and Scott Reed and Heiga Zen and Quan Wang and Luis C. Cobo and Andrew Trask and Ben Laurie and Caglar Gulcehre and Aäron van den Oord and Oriol Vinyals and Nando de Freitas},
      year={2019},
      eprint={1809.10460},
      archivePrefix={arXiv},
      primaryClass={cs.LG},
      url={https://arxiv.org/abs/1809.10460}, 
}

@inproceedings{tlsvmttss,
 author = {Jia, Ye and Zhang, Yu and Weiss, Ron and Wang, Quan and Shen, Jonathan and Ren, Fei and Chen, zhifeng and Nguyen, Patrick and Pang, Ruoming and Lopez Moreno, Ignacio and Wu, Yonghui},
 booktitle = {Advances in Neural Information Processing Systems},
 editor = {S. Bengio and H. Wallach and H. Larochelle and K. Grauman and N. Cesa-Bianchi and R. Garnett},
 pages = {},
 publisher = {Curran Associates, Inc.},
 title = {Transfer Learning from Speaker Verification to Multispeaker Text-To-Speech Synthesis},
 url = {https://proceedings.neurips.cc/paper_files/paper/2018/file/6832a7b24bc06775d02b7406880b93fc-Paper.pdf},
 volume = {31},
 year = {2018}
}

@misc{voiceboxadapt,
      title={Learning Fine-Grained Controllability on Speech Generation via Efficient Fine-Tuning}, 
      author={Chung-Ming Chien and Andros Tjandra and Apoorv Vyas and Matt Le and Bowen Shi and Wei-Ning Hsu},
      year={2024},
      eprint={2406.06251},
      archivePrefix={arXiv},
      primaryClass={eess.AS},
      url={https://arxiv.org/abs/2406.06251}, 
}

