@article{r18,
  title={The importance of phase in signals},
  author={Oppenheim, Alan V and Lim, Jae S},
  journal={Proceedings of the IEEE},
  volume={69},
  number={5},
  pages={529--541},
  year={1981},
  publisher={IEEE}
}

@inproceedings{r23,
  title={Fda: Fourier domain adaptation for semantic segmentation},
  author={Yang, Yanchao and Soatto, Stefano},
  booktitle={Proceedings of the IEEE/CVF conference on computer vision and pattern recognition},
  pages={4085--4095},
  year={2020}
}

@inproceedings{r24,
  title={A fourier-based framework for domain generalization},
  author={Xu, Qinwei and Zhang, Ruipeng and Zhang, Ya and Wang, Yanfeng and Tian, Qi},
  booktitle={Proceedings of the IEEE/CVF Conference on Computer Vision and Pattern Recognition},
  pages={14383--14392},
  year={2021}
}

@article{r4,
  title={Cross-domain augmentation diagnosis: An adversarial domain-augmented generalization method for fault diagnosis under unseen working conditions},
  author={Li, Qi and Chen, Liang and Kong, Lin and Wang, Dong and Xia, Min and Shen, Changqing},
  journal={Reliability Engineering \& System Safety},
  volume={234},
  pages={109171},
  year={2023},
  publisher={Elsevier}
}

@inproceedings{r41,
  title={Deep frequency filtering for domain generalization},
  author={Lin, Shiqi and Zhang, Zhizheng and Huang, Zhipeng and Lu, Yan and Lan, Cuiling and Chu, Peng and You, Quanzeng and Wang, Jiang and Liu, Zicheng and Parulkar, Amey and others},
  booktitle={Proceedings of the IEEE/CVF conference on computer vision and pattern recognition},
  pages={11797--11807},
  year={2023}
}

@article{r42,
  title={Deep mixed domain generalization network for intelligent fault diagnosis under unseen conditions},
  author={Fan, Zhenhua and Xu, Qifa and Jiang, Cuixia and Ding, Steven X},
  journal={IEEE Transactions on Industrial Electronics},
  volume={71},
  number={1},
  pages={965--974},
  year={2023},
  publisher={IEEE}
}

@article{r45,
  title={Intra-domain self generalization network for intelligent fault diagnosis of bearings under unseen working conditions},
  author={Huang, Kai and Ren, Zhijun and Zhu, Linbo and Lin, Tantao and Zhu, Yongsheng and Zeng, Li and Wan, Jin},
  journal={Advanced Engineering Informatics},
  volume={64},
  pages={102997},
  year={2025},
  publisher={Elsevier}
}

@article{r46,
  title={Imbalanced domain generalization via Semantic-Discriminative augmentation for intelligent fault diagnosis},
  author={Zhao, Chao and Shen, Weiming},
  journal={Advanced Engineering Informatics},
  volume={59},
  pages={102262},
  year={2024},
  publisher={Elsevier}
}

@article{r55,
  title={Distance Aware Risk Minimization for Domain Generalization in Machine Fault Diagnosis},
  author={Mo, Zhenling and Zhang, Zijun and Tsui, Kwok-Leung},
  journal={IEEE Internet of Things Journal},
  year={2024},
  publisher={IEEE}
}

@article{r56,  
  title={A domain generalization network combing invariance and specificity towards real-time intelligent fault diagnosis},  
  author={Zhao, Chao and Shen, Weiming},  
  journal={Mechanical Systems and Signal Processing},  
  volume={173},  
  pages={108990},  
  year={2022},  
  publisher={Elsevier}  
}

@article{r57,
  title={Conditional contrastive domain generalization for fault diagnosis},
  author={Ragab, Mohamed and Chen, Zhenghua and Zhang, Wenyu and Eldele, Emadeldeen and Wu, Min and Kwoh, Chee-Keong and Li, Xiaoli},
  journal={IEEE Transactions on Instrumentation and Measurement},
  volume={71},
  pages={1--12},
  year={2022},
  publisher={IEEE}
}

@article{r9,
  title={Conditional contrastive domain generalization for fault diagnosis},
  author={Ragab, Mohamed and Chen, Zhenghua and Zhang, Wenyu and Eldele, Emadeldeen and Wu, Min and Kwoh, Chee-Keong and Li, Xiaoli},
  journal={IEEE Transactions on Instrumentation and Measurement},
  volume={71},
  pages={1--12},
  year={2022},
  publisher={IEEE}
}

