@article{r1,
  title={Deep adversarial subdomain adaptation network for intelligent fault diagnosis},
  author={Liu, Yanxu and Wang, Yu and Chow, Tommy WS and Li, Baotong},
  journal={IEEE Transactions on Industrial Informatics},
  volume={18},
  number={9},
  pages={6038--6046},
  year={2022},
  publisher={IEEE}
}

@article{r2,
  title={On paradigm of industrial big data analytics: From evolution to revolution},
  author={Yang, Zeyu and Ge, Zhiqiang},
  journal={IEEE Transactions on Industrial Informatics},
  volume={18},
  number={12},
  pages={8373--8388},
  year={2022},
  publisher={IEEE}
}

@inproceedings{r3,
  title={Deep fourier-based exposure correction network with spatial-frequency interaction},
  author={Huang, Jie and Liu, Yajing and Zhao, Feng and Yan, Keyu and Zhang, Jinghao and Huang, Yukun and Zhou, Man and Xiong, Zhiwei},
  booktitle={European Conference on Computer Vision},
  pages={163--180},
  year={2022},
  organization={Springer}
}

@article{r4,
  title={Cross-domain augmentation diagnosis: An adversarial domain-augmented generalization method for fault diagnosis under unseen working conditions},
  author={Li, Qi and Chen, Liang and Kong, Lin and Wang, Dong and Xia, Min and Shen, Changqing},
  journal={Reliability Engineering \& System Safety},
  volume={234},
  pages={109171},
  year={2023},
  publisher={Elsevier}
}


@article{r7,
  title={Domain-adversarial training of neural networks},
  author={Ganin, Yaroslav and Ustinova, Evgeniya and Ajakan, Hana and Germain, Pascal and Larochelle, Hugo and Laviolette, Fran{\c{c}}ois and Marchand, Mario and Lempitsky, Victor},
  journal={The journal of machine learning research},
  volume={17},
  number={1},
  pages={2096--2030},
  year={2016},
  publisher={JMLR. org}
}



@article{r8,
  title={Maximum mean square discrepancy: a new discrepancy representation metric for mechanical fault transfer diagnosis},
  author={Qian, Quan and Wang, Yi and Zhang, Taisheng and Qin, Yi},
  journal={Knowledge-Based Systems},
  volume={276},
  pages={110748},
  year={2023},
  publisher={Elsevier}
}

@article{r9,
  title={Conditional contrastive domain generalization for fault diagnosis},
  author={Ragab, Mohamed and Chen, Zhenghua and Zhang, Wenyu and Eldele, Emadeldeen and Wu, Min and Kwoh, Chee-Keong and Li, Xiaoli},
  journal={IEEE Transactions on Instrumentation and Measurement},
  volume={71},
  pages={1--12},
  year={2022},
  publisher={IEEE}
}



@inproceedings{r11,
  title={Out-of-distribution generalization via risk extrapolation (rex)},
  author={Krueger, David and Caballero, Ethan and Jacobsen, Joern-Henrik and Zhang, Amy and Binas, Jonathan and Zhang, Dinghuai and Le Priol, Remi and Courville, Aaron},
  booktitle={International Conference on Machine Learning},
  pages={5815--5826},
  year={2021},
  organization={PMLR}
}



@inproceedings{r13,
  title={Multi-adversarial discriminative deep domain generalization for face presentation attack detection},
  author={Shao, Rui and Lan, Xiangyuan and Li, Jiawei and Yuen, Pong C},
  booktitle={Proceedings of the IEEE/CVF conference on computer vision and pattern recognition},
  pages={10023--10031},
  year={2019}
}

@inproceedings{r14,
  title={Deep domain generalization via conditional invariant adversarial networks},
  author={Li, Ya and Tian, Xinmei and Gong, Mingming and Liu, Yajing and Liu, Tongliang and Zhang, Kun and Tao, Dacheng},
  booktitle={Proceedings of the European conference on computer vision (ECCV)},
  pages={624--639},
  year={2018}
}

@inproceedings{r15,
  title={Feature-critic networks for heterogeneous domain generalization},
  author={Li, Yiying and Yang, Yongxin and Zhou, Wei and Hospedales, Timothy},
  booktitle={International Conference on Machine Learning},
  pages={3915--3924},
  year={2019},
  organization={PMLR}
}

@inproceedings{r16,
  title={Learning to generate novel domains for domain generalization},
  author={Zhou, Kaiyang and Yang, Yongxin and Hospedales, Timothy and Xiang, Tao},
  booktitle={Computer Vision--ECCV 2020: 16th European Conference, Glasgow, UK, August 23--28, 2020, Proceedings, Part XVI 16},
  pages={561--578},
  year={2020},
  organization={Springer}
}


@article{r18,
  title={The importance of phase in signals},
  author={Oppenheim, Alan V and Lim, Jae S},
  journal={Proceedings of the IEEE},
  volume={69},
  number={5},
  pages={529--541},
  year={1981},
  publisher={IEEE}
}

@article{r19,
  title={A demonstration of the visual importance and flexibility of spatial-frequency amplitude and phase},
  author={Piotrowski, Leon N and Campbell, Fergus W},
  journal={Perception},
  volume={11},
  number={3},
  pages={337--346},
  year={1982},
  publisher={SAGE Publications Sage UK: London, England}
}



@inproceedings{r20,
  title={Domain generalization via invariant feature representation},
  author={Muandet, Krikamol and Balduzzi, David and Sch{\"o}lkopf, Bernhard},
  booktitle={International conference on machine learning},
  pages={10--18},
  year={2013},
  organization={PMLR}
}

@article{r21,
  title={A domain generalization network combing invariance and specificity towards real-time intelligent fault diagnosis},
  author={Zhao, Chao and Shen, Weiming},
  journal={Mechanical Systems and Signal Processing},
  volume={173},
  pages={108990},
  year={2022},
  publisher={Elsevier}
}

@article{r22,
  title={Meta-Learning Based Domain Generalization Framework for Fault Diagnosis With Gradient Aligning and Semantic Matching},
  author={Ren, Lei and Mo, Tingyu and Cheng, Xuejun},
  journal={IEEE Transactions on Industrial Informatics},
  year={2023},
  publisher={IEEE}
}

@inproceedings{r23,
  title={Fda: Fourier domain adaptation for semantic segmentation},
  author={Yang, Yanchao and Soatto, Stefano},
  booktitle={Proceedings of the IEEE/CVF conference on computer vision and pattern recognition},
  pages={4085--4095},
  year={2020}
}

@inproceedings{r24,
  title={A fourier-based framework for domain generalization},
  author={Xu, Qinwei and Zhang, Ruipeng and Zhang, Ya and Wang, Yanfeng and Tian, Qi},
  booktitle={Proceedings of the IEEE/CVF Conference on Computer Vision and Pattern Recognition},
  pages={14383--14392},
  year={2021}
}

@book{r25,
  title={An introduction to harmonic analysis},
  author={Katznelson, Yitzhak},
  year={2004},
  publisher={Cambridge University Press}
}



@article{r26,
    title={mixup: Beyond Empirical Risk Minimization},
    author={Hongyi, Zhang and Moustapha, Cisse and Yann N., Dauphin and David, Lopez-Paz},
    journal={International Conference on Learning Representations},
    year={2018},
}

@inproceedings{r27,
  title={Domain Generalization with MixStyle},
  author={Zhou, Kaiyang and Yang, Yongxin and Qiao, Yu and Xiang, Tao},
  booktitle={ICLR},
  year={2021}
}

@inproceedings{r28,
  title={Style normalization and restitution for generalizable person re-identification},
  author={Jin, Xin and Lan, Cuiling and Zeng, Wenjun and Chen, Zhibo and Zhang, Li},
  booktitle={proceedings of the IEEE/CVF conference on computer vision and pattern recognition},
  pages={3143--3152},
  year={2020}
}



@inproceedings{r29,
  title={A fourier-based framework for domain generalization},
  author={Xu, Qinwei and Zhang, Ruipeng and Zhang, Ya and Wang, Yanfeng and Tian, Qi},
  booktitle={Proceedings of the IEEE/CVF Conference on Computer Vision and Pattern Recognition},
  pages={14383--14392},
  year={2021}
}

@inproceedings{r30,
  title={Learning to generate novel domains for domain generalization},
  author={Zhou, Kaiyang and Yang, Yongxin and Hospedales, Timothy and Xiang, Tao},
  booktitle={Computer Vision--ECCV 2020: 16th European Conference, Glasgow, UK, August 23--28, 2020, Proceedings, Part XVI 16},
  pages={561--578},
  year={2020},
  organization={Springer}
}

@article{r31,
  title={Generalizing to unseen domains via adversarial data augmentation},
  author={Volpi, Riccardo and Namkoong, Hongseok and Sener, Ozan and Duchi, John C and Murino, Vittorio and Savarese, Silvio},
  journal={Advances in neural information processing systems},
  volume={31},
  year={2018}
}

@article{r32,
  title={Rolling element bearing diagnostics using the Case Western Reserve University data: A benchmark study},
  author={Smith, Wade A and Randall, Robert B},
  journal={Mechanical systems and signal processing},
  volume={64},
  pages={100--131},
  year={2015},
  publisher={Elsevier}
}



@article{r34,
  title={A multi-fault detection method with improved triplet loss based on hard sample mining},
  author={Qu, Fuming and Liu, Jinhai and Liu, Xiaoyuan and Jiang, Lin},
  journal={IEEE Transactions on Sustainable Energy},
  volume={12},
  number={1},
  pages={127--137},
  year={2020},
  publisher={IEEE}
}


@article{r36,
  title={Conditional contrastive domain generalization for fault diagnosis},
  author={Ragab, Mohamed and Chen, Zhenghua and Zhang, Wenyu and Eldele, Emadeldeen and Wu, Min and Kwoh, Chee-Keong and Li, Xiaoli},
  journal={IEEE Transactions on Instrumentation and Measurement},
  volume={71},
  pages={1--12},
  year={2022},
  publisher={IEEE}
}

@article{r37,
  title={Triplet loss guided adversarial domain adaptation for bearing fault diagnosis},
  author={Wang, Xiaodong and Liu, Feng},
  journal={Sensors},
  volume={20},
  number={1},
  pages={320},
  year={2020},
  publisher={MDPI}
}

@article{r38,
  title={A novel deep metric learning model for imbalanced fault diagnosis and toward open-set classification},
  author={Wang, Cunjun and Xin, Cun and Xu, Zili},
  journal={Knowledge-Based Systems},
  volume={220},
  pages={106925},
  year={2021},
  publisher={Elsevier}
}

@inproceedings{r39,
  title={Dimensionality reduction by learning an invariant mapping},
  author={Hadsell, Raia and Chopra, Sumit and LeCun, Yann},
  booktitle={2006 IEEE computer society conference on computer vision and pattern recognition (CVPR'06)},
  volume={2},
  pages={1735--1742},
  year={2006},
  organization={IEEE}
}

@inproceedings{r40,
  title={Mining on manifolds: Metric learning without labels},
  author={Iscen, Ahmet and Tolias, Giorgos and Avrithis, Yannis and Chum, Ond{\v{r}}ej},
  booktitle={Proceedings of the IEEE Conference on Computer Vision and Pattern Recognition},
  pages={7642--7651},
  year={2018}
}

@inproceedings{r41,
  title={Deep frequency filtering for domain generalization},
  author={Lin, Shiqi and Zhang, Zhizheng and Huang, Zhipeng and Lu, Yan and Lan, Cuiling and Chu, Peng and You, Quanzeng and Wang, Jiang and Liu, Zicheng and Parulkar, Amey and others},
  booktitle={Proceedings of the IEEE/CVF conference on computer vision and pattern recognition},
  pages={11797--11807},
  year={2023}
}

@article{r42,
  title={Deep mixed domain generalization network for intelligent fault diagnosis under unseen conditions},
  author={Fan, Zhenhua and Xu, Qifa and Jiang, Cuixia and Ding, Steven X},
  journal={IEEE Transactions on Industrial Electronics},
  volume={71},
  number={1},
  pages={965--974},
  year={2023},
  publisher={IEEE}
}

@inproceedings{r43,
  title={Deep domain-adversarial image generation for domain generalisation},
  author={Zhou, Kaiyang and Yang, Yongxin and Hospedales, Timothy and Xiang, Tao},
  booktitle={Proceedings of the AAAI conference on artificial intelligence},
  volume={34},
  number={07},
  pages={13025--13032},
  year={2020}
}

@article{r44,
  title={Fault vibration model driven fault-aware domain generalization framework for bearing fault diagnosis},
  author={Pang, Bin and Liu, Qiuhai and Xu, Zhenli and Sun, Zhenduo and Hao, Ziyang and Song, Ziqi},
  journal={Advanced Engineering Informatics},
  volume={62},
  pages={102620},
  year={2024},
  publisher={Elsevier}
}

@article{r45,
  title={Intra-domain self generalization network for intelligent fault diagnosis of bearings under unseen working conditions},
  author={Huang, Kai and Ren, Zhijun and Zhu, Linbo and Lin, Tantao and Zhu, Yongsheng and Zeng, Li and Wan, Jin},
  journal={Advanced Engineering Informatics},
  volume={64},
  pages={102997},
  year={2025},
  publisher={Elsevier}
}

@article{r46,
  title={Imbalanced domain generalization via Semantic-Discriminative augmentation for intelligent fault diagnosis},
  author={Zhao, Chao and Shen, Weiming},
  journal={Advanced Engineering Informatics},
  volume={59},
  pages={102262},
  year={2024},
  publisher={Elsevier}
}

@article{r47,
  title={Triplet attention-enhanced residual tree-inspired decision network: A hierarchical fault diagnosis model for unbalanced bearing datasets},
  author={Cui, Lingli and Dong, Zhilin and Xu, Hai and Zhao, Dezun},
  journal={Advanced Engineering Informatics},
  volume={59},
  pages={102322},
  year={2024},
  publisher={Elsevier}
}

@article{r48,
  title={Deep transfer learning for bearing fault diagnosis: A systematic review since 2016},
  author={Chen, Xiaohan and Yang, Rui and Xue, Yihao and Huang, Mengjie and Ferrero, Roberto and Wang, Zidong},
  journal={IEEE Transactions on Instrumentation and Measurement},
  volume={72},
  pages={1--21},
  year={2023},
  publisher={IEEE}
}

@article{r49,
  title={CNN parameter design based on fault signal analysis and its application in bearing fault diagnosis},
  author={Ruan, Diwang and Wang, Jin and Yan, Jianping and G{\"u}hmann, Clemens},
  journal={Advanced Engineering Informatics},
  volume={55},
  pages={101877},
  year={2023},
  publisher={Elsevier}
}

@article{r50,
  title={Novel joint transfer network for unsupervised bearing fault diagnosis from simulation domain to experimental domain},
  author={Xiao, Yiming and Shao, Haidong and Han, SongYu and Huo, Zhiqiang and Wan, Jiafu},
  journal={IEEE/ASME Transactions on Mechatronics},
  volume={27},
  number={6},
  pages={5254--5263},
  year={2022},
  publisher={IEEE}
}

@article{r51,
  title={Deep learning based approach for bearing fault diagnosis},
  author={He, Miao and He, David},
  journal={IEEE Transactions on Industry Applications},
  volume={53},
  number={3},
  pages={3057--3065},
  year={2017},
  publisher={IEEE}
}

@article{r52,
  title={Meta-learning based domain generalization framework for fault diagnosis with gradient aligning and semantic matching},
  author={Ren, Lei and Mo, Tingyu and Cheng, Xuejun},
  journal={IEEE Transactions on Industrial Informatics},
  volume={20},
  number={1},
  pages={754--764},
  year={2023},
  publisher={IEEE}
}

@article{r53,
  title={Domain augmentation generalization network for real-time fault diagnosis under unseen working conditions},
  author={Shi, Yaowei and Deng, Aidong and Deng, Minqiang and Xu, Meng and Liu, Yang and Ding, Xue and Bian, Wenbin},
  journal={Reliability Engineering \& System Safety},
  volume={235},
  pages={109188},
  year={2023},
  publisher={Elsevier}
}

@article{r54,
  title={Multiscale convolutional neural network with feature alignment for bearing fault diagnosis},
  author={Chen, Junbin and Huang, Ruyi and Zhao, Kun and Wang, Wei and Liu, Longcan and Li, Weihua},
  journal={IEEE Transactions on Instrumentation and Measurement},
  volume={70},
  pages={1--10},
  year={2021},
  publisher={IEEE}
}

@article{r55,
  title={Distance Aware Risk Minimization for Domain Generalization in Machine Fault Diagnosis},
  author={Mo, Zhenling and Zhang, Zijun and Tsui, Kwok-Leung},
  journal={IEEE Internet of Things Journal},
  year={2024},
  publisher={IEEE}
}


@article{r56,  
  title={A domain generalization network combing invariance and specificity towards real-time intelligent fault diagnosis},  
  author={Zhao, Chao and Shen, Weiming},  
  journal={Mechanical Systems and Signal Processing},  
  volume={173},  
  pages={108990},  
  year={2022},  
  publisher={Elsevier}  
}  

@article{r57,
  title={Conditional contrastive domain generalization for fault diagnosis},
  author={Ragab, Mohamed and Chen, Zhenghua and Zhang, Wenyu and Eldele, Emadeldeen and Wu, Min and Kwoh, Chee-Keong and Li, Xiaoli},
  journal={IEEE Transactions on Instrumentation and Measurement},
  volume={71},
  pages={1--12},
  year={2022},
  publisher={IEEE}
}

@article{r58,
  title={A hybrid generalization network for intelligent fault diagnosis of rotating machinery under unseen working conditions},
  author={Han, Te and Li, Yan-Fu and Qian, Min},
  journal={IEEE Transactions on Instrumentation and Measurement},
  volume={70},
  pages={1--11},
  year={2021},
  publisher={IEEE}
}

@article{r59,
  title={Visualizing data using t-SNE.},
  author={Van der Maaten, Laurens and Hinton, Geoffrey},
  journal={Journal of machine learning research},
  volume={9},
  number={11},
  year={2008}
}

@article{r60,
  title={Rolling element bearing diagnostics using the Case Western Reserve University data: A benchmark study},
  author={Smith, Wade A and Randall, Robert B},
  journal={Mechanical systems and signal processing},
  volume={64},
  pages={100--131},
  year={2015},
  publisher={Elsevier}
}

@inproceedings{r61,
  title={Fsi: Frequency and spatial interactive learning for image restoration in under-display cameras},
  author={Liu, Chengxu and Wang, Xuan and Li, Shuai and Wang, Yuzhi and Qian, Xueming},
  booktitle={Proceedings of the IEEE/CVF International Conference on Computer Vision},
  pages={12537--12546},
  year={2023}
}

@inproceedings{r62,
  title={Spatial-frequency mutual learning for face super-resolution},
  author={Wang, Chenyang and Jiang, Junjun and Zhong, Zhiwei and Liu, Xianming},
  booktitle={Proceedings of the IEEE/CVF Conference on Computer Vision and Pattern Recognition},
  pages={22356--22366},
  year={2023}
}

@article{r63,
  title={Conditional contrastive domain generalization for fault diagnosis},
  author={Ragab, Mohamed and Chen, Zhenghua and Zhang, Wenyu and Eldele, Emadeldeen and Wu, Min and Kwoh, Chee-Keong and Li, Xiaoli},
  journal={IEEE Transactions on Instrumentation and Measurement},
  volume={71},
  pages={1--12},
  year={2022},
  publisher={IEEE}
}

@inproceedings{r64,
  title={Deep residual learning for image recognition},
  author={He, Kaiming and Zhang, Xiangyu and Ren, Shaoqing and Sun, Jian},
  booktitle={Proceedings of the IEEE conference on computer vision and pattern recognition},
  pages={770--778},
  year={2016}
}
