@inproceedings{abnar-zuidema-2020-quantifying,title = "Quantifying Attention Flow in Transformers",author = "Abnar, Samira and Zuidema, Willem",editor = "Jurafsky, Dan and Chai, Joyce and Schluter, Natalie and Tetreault, Joel",booktitle = ACL:2020:main,month = jul,year = "2020",address = "Online",publisher = acl,url = anth # {2020.acl-main.385},doi = "10.18653/v1/2020.acl-main.385",pages = "4190--4197"}

@inproceedings{bastings-filippova-2020-elephant,title = "The elephant in the interpretability room: Why use attention as explanation when we have saliency methods?",author = "Bastings, Jasmijn and Filippova, Katja",editor = "Alishahi, Afra and Belinkov, Yonatan and Chrupa{\l}a, Grzegorz and Hupkes, Dieuwke and Pinter, Yuval and Sajjad, Hassan",booktitle = BLACKBOXNLP:2020:1,month = nov,year = "2020",address = "Online",publisher = acl,url = anth # {2020.blackboxnlp-1.14},doi = "10.18653/v1/2020.blackboxnlp-1.14",pages = "149--155"}

@inproceedings{de-cao-etal-2020-decisions,title = "How do Decisions Emerge across Layers in Neural Models? Interpretation with Differentiable Masking",author = "De Cao, Nicola and Schlichtkrull, Michael Sejr and Aziz, Wilker and Titov, Ivan",editor = "Webber, Bonnie and Cohn, Trevor and He, Yulan and Liu, Yang",booktitle = EMNLP:2020:main,month = nov,year = "2020",address = "Online",publisher = acl,url = anth # {2020.emnlp-main.262},doi = "10.18653/v1/2020.emnlp-main.262",pages = "3243--3255"}

@inproceedings{ferrando-etal-2022-measuring,title = "Measuring the Mixing of Contextual Information in the Transformer",author = "Ferrando, Javier and G{\'a}llego, Gerard I. and Costa-juss{\`a}, Marta R.",editor = "Goldberg, Yoav and Kozareva, Zornitsa and Zhang, Yue",booktitle = EMNLP:2022:main,month = dec,year = "2022",address = "Abu Dhabi, United Arab Emirates",publisher = acl,url = anth # {2022.emnlp-main.595},doi = "10.18653/v1/2022.emnlp-main.595",pages = "8698--8714"}

@inproceedings{ferrando-etal-2023-explaining,title = "Explaining How Transformers Use Context to Build Predictions",author = "Ferrando, Javier and G{\'a}llego, Gerard I. and Tsiamas, Ioannis and Costa-juss{\`a}, Marta R.",editor = "Rogers, Anna and Boyd-Graber, Jordan and Okazaki, Naoaki",booktitle = ACL:2023:long,month = jul,year = "2023",address = "Toronto, Canada",publisher = acl,url = anth # {2023.acl-long.301},doi = "10.18653/v1/2023.acl-long.301",pages = "5486--5513"}

@inproceedings{jain-wallace-2019-attention,title = "{A}ttention is not {E}xplanation",author = "Jain, Sarthak and Wallace, Byron C.",editor = "Burstein, Jill and Doran, Christy and Solorio, Thamar",booktitle = NAACL:2019:1,month = jun,year = "2019",address = "Minneapolis, Minnesota",publisher = acl,url = anth # {N19-1357},doi = "10.18653/v1/N19-1357",pages = "3543--3556"}

@inproceedings{kobayashi-etal-2020-attention,title = "Attention is Not Only a Weight: Analyzing Transformers with Vector Norms",author = "Kobayashi, Goro and Kuribayashi, Tatsuki and Yokoi, Sho and Inui, Kentaro",editor = "Webber, Bonnie and Cohn, Trevor and He, Yulan and Liu, Yang",booktitle = EMNLP:2020:main,month = nov,year = "2020",address = "Online",publisher = acl,url = anth # {2020.emnlp-main.574},doi = "10.18653/v1/2020.emnlp-main.574",pages = "7057--7075"}

@inproceedings{treviso-martins-2020-explanation,title = "The Explanation Game: Towards Prediction Explainability through Sparse Communication",author = "Treviso, Marcos and Martins, Andr{\'e} F. T.",editor = "Alishahi, Afra and Belinkov, Yonatan and Chrupa{\l}a, Grzegorz and Hupkes, Dieuwke and Pinter, Yuval and Sajjad, Hassan",booktitle = BLACKBOXNLP:2020:1,month = nov,year = "2020",address = "Online",publisher = acl,url = anth # {2020.blackboxnlp-1.10},doi = "10.18653/v1/2020.blackboxnlp-1.10",pages = "107--118"}

@inproceedings{wiegreffe-pinter-2019-attention,title = "Attention is not not Explanation",author = "Wiegreffe, Sarah and Pinter, Yuval",editor = "Inui, Kentaro and Jiang, Jing and Ng, Vincent and Wan, Xiaojun",booktitle = EMNLP:2019:1,month = nov,year = "2019",address = "Hong Kong, China",publisher = acl,url = anth # {D19-1002},doi = "10.18653/v1/D19-1002",pages = "11--20"}

