@InProceedings{3dgstream,
    author    = {Sun, Jiakai and Jiao, Han and Li, Guangyuan and Zhang, Zhanjie and Zhao, Lei and Xing, Wei},
    title     = {3DGStream: On-the-Fly Training of 3D Gaussians for Efficient Streaming of Photo-Realistic Free-Viewpoint Videos},
    booktitle = {Proceedings of the IEEE/CVF Conference on Computer Vision and Pattern Recognition (CVPR)},
    year      = {2024},
    pages     = {20675-20685}
}

@misc{4d-gaussian,
      title={Real-time Photorealistic Dynamic Scene Representation and Rendering with 4D Gaussian Splatting},
      author={Yang, Zeyu and Yang, Hongye and Pan, Zijie and Zhang, Li},
      booktitle = {International Conference on Learning Representations (ICLR)},
      year={2024}
}

@InProceedings{4dgs,
    author    = {Wu, Guanjun and Yi, Taoran and Fang, Jiemin and Xie, Lingxi and Zhang, Xiaopeng and Wei, Wei and Liu, Wenyu and Tian, Qi and Wang, Xinggang},
    title     = {4D Gaussian Splatting for Real-Time Dynamic Scene Rendering},
    booktitle = {Proceedings of the IEEE/CVF Conference on Computer Vision and Pattern Recognition (CVPR)},
    year      = {2024},
    pages     = {20310-20320}
}

@inproceedings{convgru,
 author = {Shi, Xingjian and Gao, Zhihan and Lausen, Leonard and Wang, Hao and Yeung, Dit-Yan and Wong, Wai-kin and WOO, Wang-chun},
 booktitle = {Advances in Neural Information Processing Systems},
 title = {Deep Learning for Precipitation Nowcasting: A Benchmark and A New Model},
 volume = {30},
 year = {2017}
}

@inproceedings{convlstm,
    author = {Shi, Xingjian and Chen, Zhourong and Wang, Hao and Yeung, Dit-Yan and Wong, Wai-kin and Woo, Wang-chun},
    title = {Convolutional LSTM Network: a machine learning approach for precipitation nowcasting},
    year = {2015},
    booktitle = {Proceedings of the 28th International Conference on Neural Information Processing Systems - Volume 1},
    pages = {802â€“810},
    numpages = {9}
}

@InProceedings{deformable_gaussian,
    author    = {Yang, Ziyi and Gao, Xinyu and Zhou, Wen and Jiao, Shaohui and Zhang, Yuqing and Jin, Xiaogang},
    title     = {Deformable 3D Gaussians for High-Fidelity Monocular Dynamic Scene Reconstruction},
    booktitle = {Proceedings of the IEEE/CVF Conference on Computer Vision and Pattern Recognition (CVPR)},
    year      = {2024},
    pages     = {20331-20341}
}

@InProceedings{diffcast,
    author    = {Yu, Demin and Li, Xutao and Ye, Yunming and Zhang, Baoquan and Luo, Chuyao and Dai, Kuai and Wang, Rui and Chen, Xunlai},
    title     = {DiffCast: A Unified Framework via Residual Diffusion for Precipitation Nowcasting},
    booktitle = {Proceedings of the IEEE/CVF Conference on Computer Vision and Pattern Recognition (CVPR)},
    year      = {2024},
    pages     = {27758-27767}
}

@inproceedings{diolatzis2024nd-gaussian,
  title={N-dimensional gaussians for fitting of high dimensional functions},
  author={Diolatzis, Stavros and Zirr, Tobias and Kuznetsov, Alexander and Kopanas, Georgios and Kaplanyan, Anton},
  booktitle={ACM SIGGRAPH 2024 Conference Papers},
  pages={1--11},
  year={2024}
}

@misc{dyn-3dgs,
      title={Dynamic 3D Gaussians: Tracking by Persistent Dynamic View Synthesis}, 
      author={Jonathon Luiten and Georgios Kopanas and Bastian Leibe and Deva Ramanan},
      year={2023},
      eprint={2308.09713},
      archivePrefix={arXiv},
}

@inproceedings{e3d,
title={Eidetic 3D {LSTM}: A Model for Video Prediction and Beyond},
author={Yunbo Wang and Lu Jiang and Ming-Hsuan Yang and Li-Jia Li and Mingsheng Long and Li Fei-Fei},
booktitle={International Conference on Learning Representations},
year={2019},
}

@Inproceedings{earthformer,
 author = {Zhihan Gao and Xingjian Shi and Hao Wang and Yi Zhu and Yuyang (Bernie) Wang and Mu Li and Dit-Yan Yeung},
 title = {Earthformer: Exploring space-time transformers for earth system forecasting},
 year = {2022},
 booktitle = {NeurIPS 2022},
}

@article{enos,
  title={Deep learning for multi-year ENSO forecasts},
  author={Ham, Yoo-Geun and Kim, Jeong-Hwan and Luo, Jing-Jia},
  journal={Nature},
  volume={573},
  number={7775},
  pages={568--572},
  year={2019},
}

@misc{fourcastnet,
      title={FourCastNet: A Global Data-driven High-resolution Weather Model using Adaptive Fourier Neural Operators}, 
      author={Jaideep Pathak and Shashank Subramanian and Peter Harrington and Sanjeev Raja and Ashesh Chattopadhyay and Morteza Mardani and Thorsten Kurth and David Hall and Zongyi Li and Kamyar Azizzadenesheli and Pedram Hassanzadeh and Karthik Kashinath and Animashree Anandkumar},
      year={2022},
      eprint={2202.11214},
      archivePrefix={arXiv},
}

@article{mallick2024taming,
  title={Taming 3dgs: High-quality radiance fields with limited resources},
  author={Mallick, Saswat Subhajyoti and Goel, Rahul and Kerbl, Bernhard and Carrasco, Francisco Vicente and Steinberger, Markus and De La Torre, Fernando},
  journal={arXiv preprint arXiv:2406.15643},
  year={2024}
}

@article{mamba,
  title={Mamba: Linear-time sequence modeling with selective state spaces},
  author={Gu, Albert and Dao, Tri},
  journal={arXiv preprint arXiv:2312.00752},
  year={2023}
}

@inproceedings{mamba2,
title={Transformers are {SSM}s: Generalized Models and Efficient Algorithms Through Structured State Space Duality},
author={Tri Dao and Albert Gu},
booktitle={Forty-first International Conference on Machine Learning},
year={2024},
}

@InProceedings{phydnet,
author = {Guen, Vincent Le and Thome, Nicolas},
title = {Disentangling Physical Dynamics From Unknown Factors for Unsupervised Video Prediction},
booktitle = {Proceedings of the IEEE/CVF Conference on Computer Vision and Pattern Recognition (CVPR)},
year = {2020}
}

@inproceedings{prediff,
  author       = {Zhihan Gao and
                  Xingjian Shi and
                  Boran Han and
                  Hao Wang and
                  Xiaoyong Jin and
                  Danielle C. Maddix and
                  Yi Zhu and
                  Mu Li and
                  Yuyang Wang},
  title        = {PreDiff: Precipitation Nowcasting with Latent Diffusion Models},
  booktitle    = {Advances in Neural Information Processing Systems 36: Annual Conference
                  on Neural Information Processing Systems 2023, NeurIPS 2023, New Orleans,
                  LA, USA, December 10 - 16, 2023},
  year         = {2023},
}

@inproceedings{predrnn,
 author = {Wang, Yunbo and Long, Mingsheng and Wang, Jianmin and Gao, Zhifeng and Yu, Philip S},
 booktitle = {Advances in Neural Information Processing Systems},
 title = {PredRNN: Recurrent Neural Networks for Predictive Learning using Spatiotemporal LSTMs},
 volume = {30},
 year = {2017}
}

@ARTICLE{predrnnv2,
  author={Wang, Yunbo and Wu, Haixu and Zhang, Jianjin and Gao, Zhifeng and Wang, Jianmin and Yu, Philip S. and Long, Mingsheng},
  journal={IEEE Transactions on Pattern Analysis and Machine Intelligence}, 
  title={PredRNN: A Recurrent Neural Network for Spatiotemporal Predictive Learning}, 
  year={2023},
  volume={45},
  number={2},
  pages={2208-2225},
}

@ARTICLE{rainformer,
  author={Bai, Cong and Sun, Feng and Zhang, Jinglin and Song, Yi and Chen, Shengyong},
  journal={IEEE Geoscience and Remote Sensing Letters}, 
  title={Rainformer: Features Extraction Balanced Network for Radar-Based Precipitation Nowcasting}, 
  year={2022},
  volume={19},
  pages={1-5}
}

@article{sea-ice,
  title={Seasonal Arctic sea ice forecasting with probabilistic deep learning},
  author={Andersson, Tom R and Hosking, J Scott and P{\'e}rez-Ortiz, Mar{\'\i}a and Paige, Brooks and Elliott, Andrew and Russell, Chris and Law, Stephen and Jones, Daniel C and Wilkinson, Jeremy and Phillips, Tony and others},
  journal={Nature communications},
  volume={12},
  number={1},
  pages={5124},
  year={2021},
}

@inproceedings{sevir,
 author = {Veillette, Mark and Samsi, Siddharth and Mattioli, Chris},
 booktitle = {Advances in Neural Information Processing Systems},
 pages = {22009--22019},
 title = {SEVIR : A Storm Event Imagery Dataset for Deep Learning Applications in Radar and Satellite Meteorology},
 volume = {33},
 year = {2020}
}

@article{shen2024gamba,
  title={Gamba: Marry gaussian splatting with mamba for single view 3d reconstruction},
  author={Shen, Qiuhong and Wu, Zike and Yi, Xuanyu and Zhou, Pan and Zhang, Hanwang and Yan, Shuicheng and Wang, Xinchao},
  journal={arXiv preprint arXiv:2403.18795},
  year={2024}
}

@InProceedings{simvp,
    author    = {Gao, Zhangyang and Tan, Cheng and Wu, Lirong and Li, Stan Z.},
    title     = {SimVP: Simpler Yet Better Video Prediction},
    booktitle = {Proceedings of the IEEE/CVF Conference on Computer Vision and Pattern Recognition (CVPR)},
    year      = {2022},
    pages     = {3170-3180}
}

@InProceedings{spacetime-gaussian,
    author    = {Li, Zhan and Chen, Zhang and Li, Zhong and Xu, Yi},
    title     = {Spacetime Gaussian Feature Splatting for Real-Time Dynamic View Synthesis},
    booktitle = {Proceedings of the IEEE/CVF Conference on Computer Vision and Pattern Recognition (CVPR)},
    year      = {2024},
    pages     = {8508-8520}
}

@article{tang2023dreamgaussian,
  title={Dreamgaussian: Generative gaussian splatting for efficient 3d content creation},
  author={Tang, Jiaxiang and Ren, Jiawei and Zhou, Hang and Liu, Ziwei and Zeng, Gang},
  journal={arXiv preprint arXiv:2309.16653},
  year={2023}
}

@article{yi2024mvgamba,
  title={MVGamba: Unify 3D Content Generation as State Space Sequence Modeling},
  author={Yi, Xuanyu and Wu, Zike and Shen, Qiuhong and Xu, Qingshan and Zhou, Pan and Lim, Joo-Hwee and Yan, Shuicheng and Wang, Xinchao and Zhang, Hanwang},
  journal={arXiv preprint arXiv:2406.06367},
  year={2024}
}

@inproceedings{zhang2025gslrm,
  title={Gs-lrm: Large reconstruction model for 3d gaussian splatting},
  author={Zhang, Kai and Bi, Sai and Tan, Hao and Xiangli, Yuanbo and Zhao, Nanxuan and Sunkavalli, Kalyan and Xu, Zexiang},
  booktitle={European Conference on Computer Vision},
  pages={1--19},
  year={2025},
  organization={Springer}
}

@inproceedings{zhou2024feature3dgs,
  title={Feature 3dgs: Supercharging 3d gaussian splatting to enable distilled feature fields},
  author={Zhou, Shijie and Chang, Haoran and Jiang, Sicheng and Fan, Zhiwen and Zhu, Zehao and Xu, Dejia and Chari, Pradyumna and You, Suya and Wang, Zhangyang and Kadambi, Achuta},
  booktitle={Proceedings of the IEEE/CVF Conference on Computer Vision and Pattern Recognition},
  pages={21676--21685},
  year={2024}
}

@article{ziwen2024long,
  title={Long-lrm: Long-sequence large reconstruction model for wide-coverage gaussian splats},
  author={Ziwen, Chen and Tan, Hao and Zhang, Kai and Bi, Sai and Luan, Fujun and Hong, Yicong and Fuxin, Li and Xu, Zexiang},
  journal={arXiv preprint arXiv:2410.12781},
  year={2024}
}

