
@inproceedings{convlstm,
    author = {Shi, Xingjian and Chen, Zhourong and Wang, Hao and Yeung, Dit-Yan and Wong, Wai-kin and Woo, Wang-chun},
    title = {Convolutional LSTM Network: a machine learning approach for precipitation nowcasting},
    year = {2015},
    booktitle = {Proceedings of the 28th International Conference on Neural Information Processing Systems - Volume 1},
    pages = {802–810},
    numpages = {9}
}



@inproceedings{convgru,
 author = {Shi, Xingjian and Gao, Zhihan and Lausen, Leonard and Wang, Hao and Yeung, Dit-Yan and Wong, Wai-kin and WOO, Wang-chun},
 booktitle = {Advances in Neural Information Processing Systems},
 title = {Deep Learning for Precipitation Nowcasting: A Benchmark and A New Model},
 volume = {30},
 year = {2017}
}


@inproceedings{predrnn,
 author = {Wang, Yunbo and Long, Mingsheng and Wang, Jianmin and Gao, Zhifeng and Yu, Philip S},
 booktitle = {Advances in Neural Information Processing Systems},
 title = {PredRNN: Recurrent Neural Networks for Predictive Learning using Spatiotemporal LSTMs},
 volume = {30},
 year = {2017}
}

@ARTICLE{predrnnv2,
  author={Wang, Yunbo and Wu, Haixu and Zhang, Jianjin and Gao, Zhifeng and Wang, Jianmin and Yu, Philip S. and Long, Mingsheng},
  journal={IEEE Transactions on Pattern Analysis and Machine Intelligence}, 
  title={PredRNN: A Recurrent Neural Network for Spatiotemporal Predictive Learning}, 
  year={2023},
  volume={45},
  number={2},
  pages={2208-2225},
}

@InProceedings{phydnet,
author = {Guen, Vincent Le and Thome, Nicolas},
title = {Disentangling Physical Dynamics From Unknown Factors for Unsupervised Video Prediction},
booktitle = {Proceedings of the IEEE/CVF Conference on Computer Vision and Pattern Recognition (CVPR)},
year = {2020}
}

@InProceedings{simvp,
    author    = {Gao, Zhangyang and Tan, Cheng and Wu, Lirong and Li, Stan Z.},
    title     = {SimVP: Simpler Yet Better Video Prediction},
    booktitle = {Proceedings of the IEEE/CVF Conference on Computer Vision and Pattern Recognition (CVPR)},
    year      = {2022},
    pages     = {3170-3180}
}

@Inproceedings{earthformer,
 author = {Zhihan Gao and Xingjian Shi and Hao Wang and Yi Zhu and Yuyang (Bernie) Wang and Mu Li and Dit-Yan Yeung},
 title = {Earthformer: Exploring space-time transformers for earth system forecasting},
 year = {2022},
 booktitle = {NeurIPS 2022},
}

@inproceedings{prediff,
  author       = {Zhihan Gao and
                  Xingjian Shi and
                  Boran Han and
                  Hao Wang and
                  Xiaoyong Jin and
                  Danielle C. Maddix and
                  Yi Zhu and
                  Mu Li and
                  Yuyang Wang},
  title        = {PreDiff: Precipitation Nowcasting with Latent Diffusion Models},
  booktitle    = {Advances in Neural Information Processing Systems 36: Annual Conference
                  on Neural Information Processing Systems 2023, NeurIPS 2023, New Orleans,
                  LA, USA, December 10 - 16, 2023},
  year         = {2023},
}

@article{nowcastnet,
   author = {Zhang, Yuchen and Long, Mingsheng and Chen, Kaiyuan and Xing, Lanxiang and Jin, Ronghua and Jordan, Michael I. and Wang, Jianmin},
   title = {Skilful nowcasting of extreme precipitation with NowcastNet},
   journal = {Nature},
   volume = {619},
   number = {7970},
   pages = {526-532},
   year = {2023},
}


@InProceedings{diffcast,
    author    = {Yu, Demin and Li, Xutao and Ye, Yunming and Zhang, Baoquan and Luo, Chuyao and Dai, Kuai and Wang, Rui and Chen, Xunlai},
    title     = {DiffCast: A Unified Framework via Residual Diffusion for Precipitation Nowcasting},
    booktitle = {Proceedings of the IEEE/CVF Conference on Computer Vision and Pattern Recognition (CVPR)},
    year      = {2024},
    pages     = {27758-27767}
}

@article{nerf,
author = {Mildenhall, Ben and Srinivasan, Pratul P. and Tancik, Matthew and Barron, Jonathan T. and Ramamoorthi, Ravi and Ng, Ren},
title = {NeRF: representing scenes as neural radiance fields for view synthesis},
year = {2021},
volume = {65},
number = {1},
journal = {Commun. ACM},
pages = {99–106},
numpages = {8}
}

@InProceedings{flow-nerf,
    author    = {Wang, Chaoyang and MacDonald, Lachlan Ewen and Jeni, L\'aszl\'o A. and Lucey, Simon},
    title     = {Flow Supervision for Deformable NeRF},
    booktitle = {Proceedings of the IEEE/CVF Conference on Computer Vision and Pattern Recognition (CVPR)},
    year      = {2023},
    pages     = {21128-21137}
}

@ARTICLE{nerfplayer,
  author={Song, Liangchen and Chen, Anpei and Li, Zhong and Chen, Zhang and Chen, Lele and Yuan, Junsong and Xu, Yi and Geiger, Andreas},
  journal={IEEE Transactions on Visualization and Computer Graphics}, 
  title={NeRFPlayer: A Streamable Dynamic Scene Representation with Decomposed Neural Radiance Fields}, 
  year={2023},
  volume={29},
  number={5},
  pages={2732-2742},
}

@InProceedings{robust-nerf,
    author    = {Liu, Yu-Lun and Gao, Chen and Meuleman, Andr\'eas and Tseng, Hung-Yu and Saraf, Ayush and Kim, Changil and Chuang, Yung-Yu and Kopf, Johannes and Huang, Jia-Bin},
    title     = {Robust Dynamic Radiance Fields},
    booktitle = {Proceedings of the IEEE/CVF Conference on Computer Vision and Pattern Recognition (CVPR)},
    year      = {2023},
    pages     = {13-23}
}

@inproceedings{tineuvox,
author = {Fang, Jiemin and Yi, Taoran and Wang, Xinggang and Xie, Lingxi and Zhang, Xiaopeng and Liu, Wenyu and Nie\ss{}ner, Matthias and Tian, Qi},
title = {Fast Dynamic Radiance Fields with Time-Aware Neural Voxels},
year = {2022},
booktitle = {SIGGRAPH Asia 2022 Conference Papers},
articleno = {11},
numpages = {9},
}

@InProceedings{fpo-nerf,
    author    = {Wang, Liao and Zhang, Jiakai and Liu, Xinhang and Zhao, Fuqiang and Zhang, Yanshun and Zhang, Yingliang and Wu, Minye and Yu, Jingyi and Xu, Lan},
    title     = {Fourier PlenOctrees for Dynamic Radiance Field Rendering in Real-Time},
    booktitle = {Proceedings of the IEEE/CVF Conference on Computer Vision and Pattern Recognition (CVPR)},
    year      = {2022},
    pages     = {13524-13534}
}

@InProceedings{mlp-map-nerf,
    author    = {Peng, Sida and Yan, Yunzhi and Shuai, Qing and Bao, Hujun and Zhou, Xiaowei},
    title     = {Representing Volumetric Videos As Dynamic MLP Maps},
    booktitle = {Proceedings of the IEEE/CVF Conference on Computer Vision and Pattern Recognition (CVPR)},
    year      = {2023},
    pages     = {4252-4262}
}

@article{3dgs,
  author       = {Bernhard Kerbl and
                  Georgios Kopanas and
                  Thomas Leimk{\"{u}}hler and
                  George Drettakis},
  title        = {3D Gaussian Splatting for Real-Time Radiance Field Rendering},
  journal      = {{ACM} Trans. Graph.},
  volume       = {42},
  number       = {4},
  pages        = {139:1--139:14},
  year         = {2023},
}

@misc{dyn-3dgs,
      title={Dynamic 3D Gaussians: Tracking by Persistent Dynamic View Synthesis}, 
      author={Jonathon Luiten and Georgios Kopanas and Bastian Leibe and Deva Ramanan},
      year={2023},
      eprint={2308.09713},
      archivePrefix={arXiv},
}

@InProceedings{3dgstream,
    author    = {Sun, Jiakai and Jiao, Han and Li, Guangyuan and Zhang, Zhanjie and Zhao, Lei and Xing, Wei},
    title     = {3DGStream: On-the-Fly Training of 3D Gaussians for Efficient Streaming of Photo-Realistic Free-Viewpoint Videos},
    booktitle = {Proceedings of the IEEE/CVF Conference on Computer Vision and Pattern Recognition (CVPR)},
    year      = {2024},
    pages     = {20675-20685}
}

@misc{4d-gaussian,
      title={Real-time Photorealistic Dynamic Scene Representation and Rendering with 4D Gaussian Splatting},
      author={Yang, Zeyu and Yang, Hongye and Pan, Zijie and Zhang, Li},
      booktitle = {International Conference on Learning Representations (ICLR)},
      year={2024}
}

@misc{togs,
      title={TOGS: Gaussian Splatting with Temporal Opacity Offset for Real-Time 4D DSA Rendering}, 
      author={Shuai Zhang and Huangxuan Zhao and Zhenghong Zhou and Guanjun Wu and Chuansheng Zheng and Xinggang Wang and Wenyu Liu},
      year={2024},
      eprint={2403.19586},
      archivePrefix={arXiv},
}

@InProceedings{4dgs,
    author    = {Wu, Guanjun and Yi, Taoran and Fang, Jiemin and Xie, Lingxi and Zhang, Xiaopeng and Wei, Wei and Liu, Wenyu and Tian, Qi and Wang, Xinggang},
    title     = {4D Gaussian Splatting for Real-Time Dynamic Scene Rendering},
    booktitle = {Proceedings of the IEEE/CVF Conference on Computer Vision and Pattern Recognition (CVPR)},
    year      = {2024},
    pages     = {20310-20320}
}

@InProceedings{deformable_gaussian,
    author    = {Yang, Ziyi and Gao, Xinyu and Zhou, Wen and Jiao, Shaohui and Zhang, Yuqing and Jin, Xiaogang},
    title     = {Deformable 3D Gaussians for High-Fidelity Monocular Dynamic Scene Reconstruction},
    booktitle = {Proceedings of the IEEE/CVF Conference on Computer Vision and Pattern Recognition (CVPR)},
    year      = {2024},
    pages     = {20331-20341}
}

@InProceedings{spacetime-gaussian,
    author    = {Li, Zhan and Chen, Zhang and Li, Zhong and Xu, Yi},
    title     = {Spacetime Gaussian Feature Splatting for Real-Time Dynamic View Synthesis},
    booktitle = {Proceedings of the IEEE/CVF Conference on Computer Vision and Pattern Recognition (CVPR)},
    year      = {2024},
    pages     = {8508-8520}
}

@InProceedings{gaussian-flow,
    author    = {Lin, Youtian and Dai, Zuozhuo and Zhu, Siyu and Yao, Yao},
    title     = {Gaussian-Flow: 4D Reconstruction with Dynamic 3D Gaussian Particle},
    booktitle = {Proceedings of the IEEE/CVF Conference on Computer Vision and Pattern Recognition (CVPR)},
    year      = {2024},
    pages     = {21136-21145}
}

@article{hurricane,
  author       = {Xin Li and
                  Zhaoxia Pu and
                  Jun A. Zhang and
                  George David Emmitt},
  title        = {Combined Assimilation of Doppler Wind Lidar and Tail Doppler Radar
                  Data over a Hurricane Inner Core for Improved Hurricane Prediction
                  with the {NCEP} Regional {HWRF} System},
  journal      = {Remote. Sens.},
  volume       = {14},
  number       = {10},
  pages        = {2367},
  year         = {2022},
}

@inproceedings{sevir,
 author = {Veillette, Mark and Samsi, Siddharth and Mattioli, Chris},
 booktitle = {Advances in Neural Information Processing Systems},
 pages = {22009--22019},
 title = {SEVIR : A Storm Event Imagery Dataset for Deep Learning Applications in Radar and Satellite Meteorology},
 volume = {33},
 year = {2020}
}

@article{sea-ice,
  title={Seasonal Arctic sea ice forecasting with probabilistic deep learning},
  author={Andersson, Tom R and Hosking, J Scott and P{\'e}rez-Ortiz, Mar{\'\i}a and Paige, Brooks and Elliott, Andrew and Russell, Chris and Law, Stephen and Jones, Daniel C and Wilkinson, Jeremy and Phillips, Tony and others},
  journal={Nature communications},
  volume={12},
  number={1},
  pages={5124},
  year={2021},
}

@article{enos,
  title={Deep learning for multi-year ENSO forecasts},
  author={Ham, Yoo-Geun and Kim, Jeong-Hwan and Luo, Jing-Jia},
  journal={Nature},
  volume={573},
  number={7775},
  pages={568--572},
  year={2019},
}

@inproceedings{e3d,
title={Eidetic 3D {LSTM}: A Model for Video Prediction and Beyond},
author={Yunbo Wang and Lu Jiang and Ming-Hsuan Yang and Li-Jia Li and Mingsheng Long and Li Fei-Fei},
booktitle={International Conference on Learning Representations},
year={2019},
}

@misc{fourcastnet,
      title={FourCastNet: A Global Data-driven High-resolution Weather Model using Adaptive Fourier Neural Operators}, 
      author={Jaideep Pathak and Shashank Subramanian and Peter Harrington and Sanjeev Raja and Ashesh Chattopadhyay and Morteza Mardani and Thorsten Kurth and David Hall and Zongyi Li and Kamyar Azizzadenesheli and Pedram Hassanzadeh and Karthik Kashinath and Animashree Anandkumar},
      year={2022},
      eprint={2202.11214},
      archivePrefix={arXiv},
}

@ARTICLE{rainformer,
  author={Bai, Cong and Sun, Feng and Zhang, Jinglin and Song, Yi and Chen, Shengyong},
  journal={IEEE Geoscience and Remote Sensing Letters}, 
  title={Rainformer: Features Extraction Balanced Network for Radar-Based Precipitation Nowcasting}, 
  year={2022},
  volume={19},
  pages={1-5}
}

@misc{dsd841001,
 author = "{Department of Atmospheric Sciences, Texas A\&M University} and {School of Meteorology, University of Oklahoma}",
 title = "GridRad - Three-Dimensional Gridded NEXRAD WSR-88D Reflectivity and Velocity Spectrum Width",
 year  = "2021",
 url = "https://rda.ucar.edu/datasets/dsd841001/"
}

@article{alg-gridrad,
  title={Algorithm description document for version 4.2 of the three-dimensional gridded NEXRAD WSR-88D radar (GridRad) dataset},
  author={Homeyer, Cameron R and Bowman, Kenneth P},
  journal={University of Oklahoma-Texas A\&M University Tech. Rep},
  year={2022}
}

@InProceedings{raft,
    author="Teed, Zachary
    and Deng, Jia",
    title="RAFT: Recurrent All-Pairs Field Transforms for Optical Flow",
    booktitle="Computer Vision -- ECCV 2020",
    year="2020",
    pages="402--419",
}

@article{ebm,
  title={A tutorial on energy-based learning},
  author={LeCun, Yann and Chopra, Sumit and Hadsell, Raia and Ranzato, M and Huang, Fujie and others},
  journal={Predicting structured data},
  volume={1},
  number={0},
  year={2006}
}

@article{nature21,
  author       = {Suman V. Ravuri and
                  Karel Lenc and
                  Matthew Willson and
                  Dmitry Kangin and
                  R{\'{e}}mi Lam and
                  Piotr Mirowski and
                  Megan Fitzsimons and
                  Maria Athanassiadou and
                  Sheleem Kashem and
                  Sam Madge and
                  Rachel Prudden and
                  Amol Mandhane and
                  Aidan Clark and
                  Andrew Brock and
                  Karen Simonyan and
                  Raia Hadsell and
                  Niall H. Robinson and
                  Ellen Clancy and
                  Alberto Arribas and
                  Shakir Mohamed},
  title        = {Skilful precipitation nowcasting using deep generative models of radar},
  journal      = {Nature},
  volume       = {597},
  number       = {7878},
  pages        = {672--677},
  year         = {2021},
}

@inproceedings{dlinear,
  title={Are transformers effective for time series forecasting?},
  author={Zeng, Ailing and Chen, Muxi and Zhang, Lei and Xu, Qiang},
  booktitle={Proceedings of the AAAI conference on artificial intelligence},
  volume={37},
  number={9},
  pages={11121--11128},
  year={2023}
}

@article{mamba,
  title={Mamba: Linear-time sequence modeling with selective state spaces},
  author={Gu, Albert and Dao, Tri},
  journal={arXiv preprint arXiv:2312.00752},
  year={2023}
}

@inproceedings{mamba2,
title={Transformers are {SSM}s: Generalized Models and Efficient Algorithms Through Structured State Space Duality},
author={Tri Dao and Albert Gu},
booktitle={Forty-first International Conference on Machine Learning},
year={2024},
}

@inproceedings{ViM,
    title={Vision Mamba: Efficient Visual Representation Learning with Bidirectional State Space Model},
    author={Lianghui Zhu and Bencheng Liao and Qian Zhang and Xinlong Wang and Wenyu Liu and Xinggang Wang},
    booktitle={Forty-first International Conference on Machine Learning},
    year={2024},
}

@inproceedings{lpips,
  title={The unreasonable effectiveness of deep features as a perceptual metric},
  author={Zhang, Richard and Isola, Phillip and Efros, Alexei A and Shechtman, Eli and Wang, Oliver},
  booktitle={Proceedings of the IEEE conference on computer vision and pattern recognition},
  pages={586--595},
  year={2018}
}

@article{ssim,
  title={Image quality assessment: from error visibility to structural similarity},
  author={Wang, Zhou and Bovik, Alan C and Sheikh, Hamid R and Simoncelli, Eero P},
  journal={IEEE transactions on image processing},
  volume={13},
  number={4},
  pages={600--612},
  year={2004},
  publisher={IEEE}
}

@inproceedings{diolatzis2024nd-gaussian,
  title={N-dimensional gaussians for fitting of high dimensional functions},
  author={Diolatzis, Stavros and Zirr, Tobias and Kuznetsov, Alexander and Kopanas, Georgios and Kaplanyan, Anton},
  booktitle={ACM SIGGRAPH 2024 Conference Papers},
  pages={1--11},
  year={2024}
}

@inproceedings{chen2024text-3d,
  title={Text-to-3d using gaussian splatting},
  author={Chen, Zilong and Wang, Feng and Wang, Yikai and Liu, Huaping},
  booktitle={Proceedings of the IEEE/CVF Conference on Computer Vision and Pattern Recognition},
  pages={21401--21412},
  year={2024}
}

@article{tang2023dreamgaussian,
  title={Dreamgaussian: Generative gaussian splatting for efficient 3d content creation},
  author={Tang, Jiaxiang and Ren, Jiawei and Zhou, Hang and Liu, Ziwei and Zeng, Gang},
  journal={arXiv preprint arXiv:2309.16653},
  year={2023}
}

@inproceedings{qin2024langsplat,
  title={Langsplat: 3d language gaussian splatting},
  author={Qin, Minghan and Li, Wanhua and Zhou, Jiawei and Wang, Haoqian and Pfister, Hanspeter},
  booktitle={Proceedings of the IEEE/CVF Conference on Computer Vision and Pattern Recognition},
  pages={20051--20060},
  year={2024}
}


@inproceedings{zhang2025gslrm,
  title={Gs-lrm: Large reconstruction model for 3d gaussian splatting},
  author={Zhang, Kai and Bi, Sai and Tan, Hao and Xiangli, Yuanbo and Zhao, Nanxuan and Sunkavalli, Kalyan and Xu, Zexiang},
  booktitle={European Conference on Computer Vision},
  pages={1--19},
  year={2025},
  organization={Springer}
}

@article{mallick2024taming,
  title={Taming 3dgs: High-quality radiance fields with limited resources},
  author={Mallick, Saswat Subhajyoti and Goel, Rahul and Kerbl, Bernhard and Carrasco, Francisco Vicente and Steinberger, Markus and De La Torre, Fernando},
  journal={arXiv preprint arXiv:2406.15643},
  year={2024}
}

@inproceedings{zhou2024feature3dgs,
  title={Feature 3dgs: Supercharging 3d gaussian splatting to enable distilled feature fields},
  author={Zhou, Shijie and Chang, Haoran and Jiang, Sicheng and Fan, Zhiwen and Zhu, Zehao and Xu, Dejia and Chari, Pradyumna and You, Suya and Wang, Zhangyang and Kadambi, Achuta},
  booktitle={Proceedings of the IEEE/CVF Conference on Computer Vision and Pattern Recognition},
  pages={21676--21685},
  year={2024}
}

@inproceedings{lu2025manigaussian,
  title={Manigaussian: Dynamic gaussian splatting for multi-task robotic manipulation},
  author={Lu, Guanxing and Zhang, Shiyi and Wang, Ziwei and Liu, Changliu and Lu, Jiwen and Tang, Yansong},
  booktitle={European Conference on Computer Vision},
  pages={349--366},
  year={2025},
  organization={Springer}
}

### Mamba + Gaussina

@article{shen2024gamba,
  title={Gamba: Marry gaussian splatting with mamba for single view 3d reconstruction},
  author={Shen, Qiuhong and Wu, Zike and Yi, Xuanyu and Zhou, Pan and Zhang, Hanwang and Yan, Shuicheng and Wang, Xinchao},
  journal={arXiv preprint arXiv:2403.18795},
  year={2024}
}

@article{yi2024mvgamba,
  title={MVGamba: Unify 3D Content Generation as State Space Sequence Modeling},
  author={Yi, Xuanyu and Wu, Zike and Shen, Qiuhong and Xu, Qingshan and Zhou, Pan and Lim, Joo-Hwee and Yan, Shuicheng and Wang, Xinchao and Zhang, Hanwang},
  journal={arXiv preprint arXiv:2406.06367},
  year={2024}
}

@article{ziwen2024long,
  title={Long-lrm: Long-sequence large reconstruction model for wide-coverage gaussian splats},
  author={Ziwen, Chen and Tan, Hao and Zhang, Kai and Bi, Sai and Luan, Fujun and Hong, Yicong and Fuxin, Li and Xu, Zexiang},
  journal={arXiv preprint arXiv:2410.12781},
  year={2024}
}

@inproceedings{zhang2025gs,
  title={Gs-lrm: Large reconstruction model for 3d gaussian splatting},
  author={Zhang, Kai and Bi, Sai and Tan, Hao and Xiangli, Yuanbo and Zhao, Nanxuan and Sunkavalli, Kalyan and Xu, Zexiang},
  booktitle={European Conference on Computer Vision},
  pages={1--19},
  year={2025},
  organization={Springer}
}