@inproceedings{auge2021end,
  title={End-to-end spiking neural network for speech recognition using resonating input neurons},
  author={Auge, Daniel and Hille, Julian and Kreutz, Felix and Mueller, Etienne and Knoll, Alois},
  booktitle={International Conference on Artificial Neural Networks},
  pages={245--256},
  year={2021},
  organization={Springer}
}

@book{dayan2005theoretical,
  title={Theoretical neuroscience: computational and mathematical modeling of neural systems},
  author={Dayan, Peter and Abbott, Laurence F},
  year={2005},
  publisher={MIT press}
}

@inproceedings{deng2022temporal,
  title={Temporal Efficient Training of Spiking Neural Network via Gradient Re-weighting},
  author={Deng, Shikuang and Li, Yuhang and Zhang, Shanghang and Gu, Shi},
  booktitle={International Conference on Learning Representations},
  year={2022}
}

@inproceedings{feichtenhofer2019slowfast,
  title={Slowfast networks for video recognition},
  author={Feichtenhofer, Christoph and Fan, Haoqi and Malik, Jitendra and He, Kaiming},
  booktitle={Proceedings of the IEEE/CVF international conference on computer vision},
  pages={6202--6211},
  year={2019}
}

@article{guo2023transformer,
  title={Transformer-based spiking neural networks for multimodal audio-visual classification},
  author={Guo, Lingyue and Gao, Zeyu and Qu, Jinye and Zheng, Suiwu and Jiang, Runhao and Lu, Yanfeng and Qiao, Hong},
  journal={IEEE Transactions on Cognitive and Developmental Systems},
  year={2023},
  publisher={IEEE}
}

@inproceedings{hu2016temporal,
  title={Temporal multimodal learning in audiovisual speech recognition},
  author={Hu, Di and Li, Xuelong and others},
  booktitle={Proceedings of the IEEE Conference on Computer Vision and Pattern Recognition},
  pages={3574--3582},
  year={2016}
}

@inproceedings{jiang2023cmci,
  title={CMCI: A Robust Multimodal Fusion Method for Spiking Neural Networks},
  author={Jiang, Runhao and Han, Jianing and Xue, Yingying and Wang, Ping and Tang, Huajin},
  booktitle={International Conference on Neural Information Processing},
  pages={159--171},
  year={2023},
  organization={Springer}
}

@inproceedings{liu2022event,
  title={Event-based multimodal spiking neural network with attention mechanism},
  author={Liu, Qianhui and Xing, Dong and Feng, Lang and Tang, Huajin and Pan, Gang},
  booktitle={ICASSP 2022-2022 IEEE International Conference on Acoustics, Speech and Signal Processing (ICASSP)},
  pages={8922--8926},
  year={2022},
  organization={IEEE}
}

@inproceedings{peng2022balanced,
  title={Balanced multimodal learning via on-the-fly gradient modulation},
  author={Peng, Xiaokang and Wei, Yake and Deng, Andong and Wang, Dong and Hu, Di},
  booktitle={Proceedings of the IEEE/CVF conference on computer vision and pattern recognition},
  pages={8238--8247},
  year={2022}
}

@article{wu2018spatio,
  title={Spatio-temporal backpropagation for training high-performance spiking neural networks},
  author={Wu, Yujie and Deng, Lei and Li, Guoqi and Zhu, Jun and Shi, Luping},
  journal={Frontiers in neuroscience},
  volume={12},
  pages={331},
  year={2018},
  publisher={Frontiers Media SA}
}

@inproceedings{wu2019direct,
  title={Direct training for spiking neural networks: Faster, larger, better},
  author={Wu, Yujie and Deng, Lei and Li, Guoqi and Zhu, Jun and Xie, Yuan and Shi, Luping},
  booktitle={Proceedings of the AAAI conference on artificial intelligence},
  volume={33},
  number={01},
  pages={1311--1318},
  year={2019}
}

@inproceedings{wu2019dual,
  title={Dual attention matching for audio-visual event localization},
  author={Wu, Yu and Zhu, Linchao and Yan, Yan and Yang, Yi},
  booktitle={Proceedings of the IEEE/CVF international conference on computer vision},
  pages={6292--6300},
  year={2019}
}

@inproceedings{yang2020telling,
  title={Telling left from right: Learning spatial correspondence of sight and sound},
  author={Yang, Karren and Russell, Bryan and Salamon, Justin},
  booktitle={Proceedings of the IEEE/CVF conference on computer vision and pattern recognition},
  pages={9932--9941},
  year={2020}
}

@article{yeo2024akvsr,
  title={Akvsr: Audio knowledge empowered visual speech recognition by compressing audio knowledge of a pretrained model},
  author={Yeo, Jeong Hun and Kim, Minsu and Choi, Jeongsoo and Kim, Dae Hoe and Ro, Yong Man},
  journal={IEEE Transactions on Multimedia},
  year={2024},
  publisher={IEEE}
}

@article{yu2022stsc,
  title={Stsc-snn: Spatio-temporal synaptic connection with temporal convolution and attention for spiking neural networks},
  author={Yu, Chengting and Gu, Zheming and Li, Da and Wang, Gaoang and Wang, Aili and Li, Erping},
  journal={Frontiers in Neuroscience},
  volume={16},
  pages={1079357},
  year={2022},
  publisher={Frontiers Media SA}
}

@article{zhang2020efficient,
  title={An efficient threshold-driven aggregate-label learning algorithm for multimodal information processing},
  author={Zhang, Malu and Luo, Xiaoling and Chen, Yi and Wu, Jibin and Belatreche, Ammar and Pan, Zihan and Qu, Hong and Li, Haizhou},
  journal={IEEE Journal of Selected Topics in Signal Processing},
  volume={14},
  number={3},
  pages={592--602},
  year={2020},
  publisher={IEEE}
}

@inproceedings{zhou2022spikformer,
  title={Spikformer: When Spiking Neural Network Meets Transformer},
  author={Zhou, Zhaokun and Zhu, Yuesheng and He, Chao and Wang, Yaowei and Shuicheng, YAN and Tian, Yonghong and Yuan, Li},
  booktitle={The Eleventh International Conference on Learning Representations},
  year={2022}
}

