@article{agarwal2017second,
  title={Second-order stochastic optimization for machine learning in linear time},
  author={Agarwal, Naman and Bullins, Brian and Hazan, Elad},
  journal={Journal of Machine Learning Research},
  volume={18},
  number={116},
  pages={1--40},
  year={2017}
}

@inproceedings{basu2021influence,
  title={Influence Functions in Deep Learning Are Fragile},
  author={Basu, S and Pope, P and Feizi, S},
  booktitle={International Conference on Learning Representations (ICLR)},
  year={2021}
}

@article{belinkov2022probing,
  title={Probing classifiers: Promises, shortcomings, and advances},
  author={Belinkov, Yonatan},
  journal={Computational Linguistics},
  volume={48},
  number={1},
  pages={207--219},
  year={2022},
  publisher={MIT Press}
}

@article{bereska2024mechanistic,
  title={Mechanistic Interpretability for AI Safety--A Review},
  author={Bereska, L and Gavves, E},
  journal={arXiv preprint arXiv:2404.14082},
  year={2024}
}

@inproceedings{brunet2019understanding,
  title={Understanding the origins of bias in word embeddings},
  author={Brunet, Marc-Etienne and Alkalay-Houlihan, Colleen and Anderson, Ashton and Zemel, Richard},
  booktitle={International conference on machine learning},
  pages={803--811},
  year={2019},
  organization={PMLR}
}

@inproceedings{burns2023discovering,
  title={Discovering Latent Knowledge in Language Models Without Supervision},
  author={Burns, Collin and Ye, Haotian and Klein, Dan and Steinhardt, Jacob},
  booktitle={International Conference on Learning Representations (ICLR)},
  year={2023}
}

@inproceedings{casalicchio2018visualizing,
  title={Visualizing the feature importance for black box models},
  author={Casalicchio, Giuseppe and Molnar, Christoph and Bischl, Bernd},
  booktitle={Machine Learning and Knowledge Discovery in Databases: European Conference, ECML PKDD 2018, Dublin, Ireland, September 10--14, 2018, Proceedings, Part I},
  pages={655--670},
  year={2019},
  publisher={Springer International Publishing}
}

@article{chen2020multi,
  title={Multi-stage influence function},
  author={Chen, Hongge and Si, Si and Li, Yang and Chelba, Ciprian and Kumar, Sanjiv and Boning, Duane and Hsieh, Cho-Jui},
  journal={Advances in Neural Information Processing Systems},
  volume={33},
  pages={12732--12742},
  year={2020}
}

@article{conmy2023towards,
  author    = {Conmy, Aidan and Mavor-Parker, Alex and Lynch, Anthony and others},
  title     = {Towards Automated Circuit Discovery for Mechanistic Interpretability},
  journal   = {Advances in Neural Information Processing Systems},
  volume    = {36},
  pages     = {16318--16352},
  year      = {2023},
}

@article{cook1980characterizations,
  title={Characterizations of an empirical influence function for detecting influential cases in regression},
  author={Cook, R Dennis and Weisberg, Sanford},
  journal={Technometrics},
  volume={22},
  number={4},
  pages={495--508},
  year={1980},
  publisher={Taylor \& Francis}
}

@article{cook2000detection,
  title={Detection of influential observation in linear regression},
  author={Cook, R Dennis},
  journal={Technometrics},
  volume={42},
  number={1},
  pages={65--68},
  year={2000},
  publisher={Taylor \& Francis}
}

@article{covert2021explaining,
  title={Explaining by removing: A unified framework for model explanation},
  author={Covert, Ian and Lundberg, Scott and Lee, Su-In},
  journal={Journal of Machine Learning Research},
  volume={22},
  number={209},
  pages={1--90},
  year={2021}
}

@inproceedings{golatkar2020eternal,
  title={Eternal sunshine of the spotless net: Selective forgetting in deep networks},
  author={Golatkar, Aditya and Achille, Alessandro and Soatto, Stefano},
  booktitle={Proceedings of the IEEE/CVF Conference on Computer Vision and Pattern Recognition},
  pages={9304--9312},
  year={2020}
}

@inproceedings{golatkar2021mixed,
  title={Mixed-privacy forgetting in deep networks},
  author={Golatkar, Aditya and Achille, Alessandro and Ravichandran, Avinash and Polito, Marzia and Soatto, Stefano},
  booktitle={Proceedings of the IEEE/CVF conference on computer vision and pattern recognition},
  pages={792--801},
  year={2021}
}

@inproceedings{guo2021fastif,
  title={FastIF: Scalable Influence Functions for Efficient Model Interpretation and Debugging},
  author={Guo, Han and Rajani, Nazneen and Hase, Peter and Bansal, Mohit and Xiong, Caiming},
  booktitle={Proceedings of the 2021 Conference on Empirical Methods in Natural Language Processing},
  pages={10333--10350},
  year={2021}
}

@article{han2020explaining,
  title={Explaining black box predictions and unveiling data artifacts through influence functions},
  author={Han, Xiaochuang and Wallace, Byron C and Tsvetkov, Yulia},
  journal={arXiv preprint arXiv:2005.06676},
  year={2020}
}

@article{hanna2024have,
  author    = {Hanna, Moya and Pezzelle, Sandro and Belinkov, Yonatan},
  title     = {Have Faith in Faithfulness: Going Beyond Circuit Overlap When Finding Model Mechanisms},
  journal   = {arXiv preprint arXiv:2403.17806},
  year      = {2024},
}

@article{he2024dictionary,
  author    = {He, Zhaozhi and Ge, Xinyuan and Tang, Qixun and others},
  title     = {Dictionary Learning Improves Patch-Free Circuit Discovery in Mechanistic Interpretability: A Case Study on Othello-GPT},
  journal   = {arXiv preprint arXiv:2402.12201},
  year      = {2024},
}

@inproceedings{huimproving,
  title={Improving Interpretation Faithfulness for Vision Transformers},
  author={Hu, Lijie and Liu, Yixin and Liu, Ninghao and Huai, Mengdi and Sun, Lichao and Wang, Di},
  booktitle={Forty-first International Conference on Machine Learning}
}

@inproceedings{koh2017understanding,
  title={Understanding black-box predictions via influence functions},
  author={Koh, Pang Wei and Liang, Percy},
  booktitle={International conference on machine learning},
  pages={1885--1894},
  year={2017},
  organization={PMLR}
}

@inproceedings{kwon2023datainf,
  title={DataInf: Efficiently Estimating Data Influence in LoRA-tuned LLMs and Diffusion Models},
  author={Kwon, Yongchan and Wu, Eric and Wu, Kevin and Zou, James},
  booktitle={The Twelfth International Conference on Learning Representations},
  year={2023}
}

@article{liu2024certified,
  title={Certified minimax unlearning with generalization rates and deletion capacity},
  author={Liu, Jiaqi and Lou, Jian and Qin, Zhan and Ren, Kui},
  journal={Advances in Neural Information Processing Systems},
  volume={36},
  year={2024}
}

@article{miller2024transformer,
  author    = {Miller, John and Chughtai, Bilal and Saunders, William},
  title     = {Transformer Circuit Faithfulness Metrics are not Robust},
  journal   = {arXiv preprint arXiv:2407.08734},
  year      = {2024},
}

@inproceedings{shrikumar2017learning,
  title={Learning important features through propagating activation differences},
  author={Shrikumar, Avanti and Greenside, Peyton and Kundaje, Anshul},
  booktitle={International Conference on Machine Learning},
  pages={3145--3153},
  year={2017},
  organization={PMLR}
}

@article{smilkov2017smoothgrad,
  title={SmoothGrad: Removing noise by adding noise},
  author={Smilkov, Daniel and Thorat, Nikhil and Kim, Been and others},
  journal={arXiv preprint arXiv:1706.03825},
  year={2017}
}

@inproceedings{sundararajan2017axiomatic,
  title={Axiomatic attribution for deep networks},
  author={Sundararajan, Mukund and Taly, Ankur and Yan, Qiqi},
  booktitle={International Conference on Machine Learning},
  pages={3319--3328},
  year={2017},
  organization={PMLR}
}

@article{syed2023attribution,
  title={Attribution patching outperforms automated circuit discovery},
  author={Syed, Aaquib and Rager, Charles and Conmy, Aidan},
  journal={arXiv preprint arXiv:2310.10348},
  year={2023}
}

@inproceedings{wang2019repairing,
  title={Repairing without retraining: Avoiding disparate impact with counterfactual distributions},
  author={Wang, Hao and Ustun, Berk and Calmon, Flavio},
  booktitle={International Conference on Machine Learning},
  pages={6618--6627},
  year={2019},
  organization={PMLR}
}

@article{warnecke2021machine,
  title={Machine unlearning of features and labels},
  author={Warnecke, Alexander and Pirch, Lukas and Wressnegger, Christian and Rieck, Konrad},
  journal={Network and Distributed System Security (NDSS) Symposium},
  year={2023}
}

@article{warstadt2020blimp,
  title={BLiMP: The benchmark of linguistic minimal pairs for English},
  author={Warstadt, Alex and Parrish, Alicia and Liu, Haokun and others},
  journal={Transactions of the Association for Computational Linguistics},
  volume={8},
  pages={377--392},
  year={2020}
}

@article{yang2024makes,
  title={What makes your model a low-empathy or warmth person: Exploring the Origins of Personality in LLMs},
  author={Yang, Shu and Zhu, Shenzhe and Bao, Ruoxuan and Liu, Liang and Cheng, Yu and Hu, Lijie and Li, Mengdi and Wang, Di},
  journal={arXiv preprint arXiv:2410.10863},
  year={2024}
}

@article{zou2023representation,
  title={Representation Engineering: A Top-Down Approach to AI Transparency},
  author={Zou, Andy and Phan, Long and Chen, Sarah and Campbell, James and Guo, Phillip and Ren, Richard and Pan, Alexander and Yin, Xuwang and Mazeika, Mantas and Dombrowski, Ann-Kathrin and others},
  journal={CoRR},
  year={2023},
  month={October},
}

