@inproceedings{aly2021feverous,
 author = {Aly, Rami and Guo, Zhijiang and Schlichtkrull, Michael Sejr and Thorne, James and Vlachos, Andreas and Christodoulopoulos, Christos and Cocarascu, Oana and Mittal, Arpit},
 booktitle = {Thirty-fifth Conference on Neural Information Processing Systems Datasets and Benchmarks Track},
 title = {FEVEROUS: Fact Extraction and VERification Over Unstructured and Structured information},
 year = {2021}
}

@inproceedings{jiang2020hover,
 address = {Online},
 author = {Jiang, Yichen  and
Bordia, Shikha  and
Zhong, Zheng  and
Dognin, Charles  and
Singh, Maneesh  and
Bansal, Mohit},
 booktitle = {Findings of the Association for Computational Linguistics: EMNLP 2020},
 doi = {10.18653/v1/2020.findings-emnlp.309},
 pages = {3441--3460},
 publisher = {Association for Computational Linguistics},
 title = {{H}o{V}er: A Dataset for Many-Hop Fact Extraction And Claim Verification},
 url = {https://aclanthology.org/2020.findings-emnlp.309},
 year = {2020}
}

@inproceedings{wadden2022multivers,
 author = {Wadden, David and Lo, Kyle and Wang, Lucy Lu and Cohan, Arman and Beltagy, Iz and Hajishirzi, Hannaneh},
 booktitle = {Findings of the Association for Computational Linguistics: NAACL 2022},
 pages = {61--76},
 title = {MultiVerS: Improving scientific claim verification with weak supervision and full-document context},
 year = {2022}
}

@inproceedings{soleimani2020bert,
 author = {Soleimani, Amir and Monz, Christof and Worring, Marcel},
 booktitle = {{ECIR} {(2)}},
 pages = {359--366},
 publisher = {Springer},
 series = {Lecture Notes in Computer Science},
 title = {{BERT} for Evidence Retrieval and Claim Verification},
 volume = {12036},
 year = {2020}
}

@inproceedings{jiang2021exploring,
 address = {Online},
 author = {Jiang, Kelvin  and
Pradeep, Ronak  and
Lin, Jimmy},
 booktitle = {Proceedings of the 59th Annual Meeting of the Association for Computational Linguistics and the 11th International Joint Conference on Natural Language Processing (Volume 2: Short Papers)},
 doi = {10.18653/v1/2021.acl-short.51},
 pages = {402--410},
 publisher = {Association for Computational Linguistics},
 title = {Exploring Listwise Evidence Reasoning with T5 for Fact Verification},
 url = {https://aclanthology.org/2021.acl-short.51},
 year = {2021}
}

@inproceedings{nie2020adversarial,
 address = {Online},
 author = {Nie, Yixin  and
Williams, Adina  and
Dinan, Emily  and
Bansal, Mohit  and
Weston, Jason  and
Kiela, Douwe},
 booktitle = {Proceedings of the 58th Annual Meeting of the Association for Computational Linguistics},
 doi = {10.18653/v1/2020.acl-main.441},
 pages = {4885--4901},
 publisher = {Association for Computational Linguistics},
 title = {Adversarial {NLI}: A New Benchmark for Natural Language Understanding},
 url = {https://aclanthology.org/2020.acl-main.441},
 year = {2020}
}

@article{liu2019roberta,
 author = {Liu, Yinhan and Ott, Myle and Goyal, Naman and Du, Jingfei and Joshi, Mandar and Chen, Danqi and Levy, Omer and Lewis, Mike and Zettlemoyer, Luke and Stoyanov, Veselin},
 journal = {ArXiv preprint},
 title = {Roberta: A robustly optimized bert pretraining approach},
 url = {https://arxiv.org/abs/1907.11692},
 volume = {abs/1907.11692},
 year = {2019}
}

@article{beltagy2020longformer,
 author = {Beltagy, Iz and Peters, Matthew E and Cohan, Arman},
 journal = {ArXiv preprint},
 title = {Longformer: The long-document transformer},
 url = {https://arxiv.org/abs/2004.05150},
 volume = {abs/2004.05150},
 year = {2020}
}

@inproceedings{devlin2018bert,
 address = {Minneapolis, Minnesota},
 author = {Devlin, Jacob  and
Chang, Ming-Wei  and
Lee, Kenton  and
Toutanova, Kristina},
 booktitle = {Proceedings of the 2019 Conference of the North {A}merican Chapter of the Association for Computational Linguistics: Human Language Technologies, Volume 1 (Long and Short Papers)},
 doi = {10.18653/v1/N19-1423},
 pages = {4171--4186},
 publisher = {Association for Computational Linguistics},
 title = {{BERT}: Pre-training of Deep Bidirectional Transformers for Language Understanding},
 url = {https://aclanthology.org/N19-1423},
 year = {2019}
}

@article{raffel2020exploring,
 author = {Raffel, Colin and Shazeer, Noam and Roberts, Adam and Lee, Katherine and Narang, Sharan and Matena, Michael and Zhou, Yanqi and Li, Wei and Liu, Peter J},
 journal = {Journal of machine learning research},
 number = {140},
 pages = {1--67},
 title = {Exploring the limits of transfer learning with a unified text-to-text transformer},
 volume = {21},
 year = {2020}
}

@article{zelikman2022star,
  title={Star: Bootstrapping reasoning with reasoning},
  author={Zelikman, Eric and Wu, Yuhuai and Mu, Jesse and Goodman, Noah},
  journal={Advances in Neural Information Processing Systems},
  volume={35},
  pages={15476--15488},
  year={2022}
}

@article{hu2021lora,
  title={Lora: Low-rank adaptation of large language models},
  author={Hu, Edward J and Shen, Yelong and Wallis, Phillip and Allen-Zhu, Zeyuan and Li, Yuanzhi and Wang, Shean and Wang, Lu and Chen, Weizhu},
  journal={arXiv preprint arXiv:2106.09685},
  year={2021}
}

@article{hosseini2024v,
  title={V-star: Training verifiers for self-taught reasoners},
  author={Hosseini, Arian and Yuan, Xingdi and Malkin, Nikolay and Courville, Aaron and Sordoni, Alessandro and Agarwal, Rishabh},
  journal={arXiv preprint arXiv:2402.06457},
  year={2024}
}

@article{gong2024navigating,
  title={Navigating the Noisy Crowd: Finding Key Information for Claim Verification},
  author={Gong, Haisong and Ma, Huanhuan and Liu, Qiang and Wu, Shu and Wang, Liang},
  journal={arXiv preprint arXiv:2407.12425},
  year={2024}
}

@article{Naeem2020TheC,
 author = {Salman Bin Naeem and Rubina Bhatti},
 journal = {Health Information and Libraries Journal},
 pages = {233 - 239},
 title = {The Covid‐19 ‘infodemic’: a new front for information professionals},
 volume = {37},
 year = {2020}
}

@inproceedings{
hu2023large,
title={Towards Understanding Factual Knowledge of Large Language Models},
author={Xuming Hu and Junzhe Chen and Xiaochuan Li and Yufei Guo and Lijie Wen and Philip S. Yu and Zhijiang Guo},
booktitle={The Twelfth International Conference on Learning Representations},
year={2024},
}

@article{wang2023explainable,
  title={Explainable claim verification via knowledge-grounded reasoning with large language models},
  author={Wang, Haoran and Shu, Kai},
  journal={arXiv preprint arXiv:2310.05253},
  year={2023}
}

@article{dougrez2024assessing,
  title={Assessing the Reasoning Abilities of ChatGPT in the Context of Claim Verification},
  author={Dougrez-Lewis, John and Akhter, Mahmud Elahi and He, Yulan and Liakata, Maria},
  journal={arXiv preprint arXiv:2402.10735},
  year={2024}
}

@inproceedings{gong2024heterogeneous,
  title={Heterogeneous Graph Reasoning for Fact Checking over Texts and Tables},
  author={Gong, Haisong and Xu, Weizhi and Wu, Shu and Liu, Qiang and Wang, Liang},
  booktitle={Proceedings of the AAAI Conference on Artificial Intelligence},
  volume={38},
  number={1},
  pages={100--108},
  year={2024}
}

@inproceedings{mishra2022factify,
  title={FACTIFY: A Multi-Modal Fact Verification Dataset.},
  author={Mishra, Shreyash and Suryavardan, S and Bhaskar, Amrit and Chopra, Parul and Reganti, Aishwarya N and Patwa, Parth and Das, Amitava and Chakraborty, Tanmoy and Sheth, Amit P and Ekbal, Asif and others},
  booktitle={DE-FACTIFY@ AAAI},
  year={2022}
}

@inproceedings{hu2022dual,
  title={Dual-channel evidence fusion for fact verification over texts and tables},
  author={Hu, Nan and Wu, Zirui and Lai, Yuxuan and Liu, Xiao and Feng, Yansong},
  booktitle={Proceedings of the 2022 Conference of the North American Chapter of the Association for Computational Linguistics: Human Language Technologies},
  pages={5232--5242},
  year={2022}
}


@inproceedings{gi-etal-2021-verdict,
 address = {Dominican Republic},
 author = {Gi, In-Zu  and
Fang, Ting-Yu  and
Tsai, Richard Tzong-Han},
 booktitle = {Proceedings of the Fourth Workshop on Fact Extraction and VERification (FEVER)},
 doi = {10.18653/v1/2021.fever-1.7},
 editor = {Aly, Rami  and
Christodoulopoulos, Christos  and
Cocarascu, Oana  and
Guo, Zhijiang  and
Mittal, Arpit  and
Schlichtkrull, Michael  and
Thorne, James  and
Vlachos, Andreas},
 pages = {60--65},
 publisher = {Association for Computational Linguistics},
 title = {Verdict Inference with Claim and Retrieved Elements Using {R}o{BERT}a},
 url = {https://aclanthology.org/2021.fever-1.7},
 year = {2021}
}

@inproceedings{thorne2018fever,
 address = {New Orleans, Louisiana},
 author = {Thorne, James  and
Vlachos, Andreas  and
Christodoulopoulos, Christos  and
Mittal, Arpit},
 booktitle = {Proceedings of the 2018 Conference of the North {A}merican Chapter of the Association for Computational Linguistics: Human Language Technologies, Volume 1 (Long Papers)},
 doi = {10.18653/v1/N18-1074},
 pages = {809--819},
 publisher = {Association for Computational Linguistics},
 title = {{FEVER}: a Large-scale Dataset for Fact Extraction and {VER}ification},
 url = {https://aclanthology.org/N18-1074},
 year = {2018}
}



@inproceedings{min2023factscore,
 address = {Singapore},
 author = {Min, Sewon  and
Krishna, Kalpesh  and
Lyu, Xinxi  and
Lewis, Mike  and
Yih, Wen-tau  and
Koh, Pang  and
Iyyer, Mohit  and
Zettlemoyer, Luke  and
Hajishirzi, Hannaneh},
 booktitle = {Proceedings of the 2023 Conference on Empirical Methods in Natural Language Processing},

 editor = {Bouamor, Houda  and
Pino, Juan  and
Bali, Kalika},
 pages = {12076--12100},
 publisher = {Association for Computational Linguistics},
 title = {{FA}ct{S}core: Fine-grained Atomic Evaluation of Factual Precision in Long Form Text Generation},
 
 year = {2023}
}

@inproceedings{Chenevidencenet,
 author = {Zhendong Chen and
Siu Cheung Hui and
Fuzhen Zhuang and
Lejian Liao and
Fei Li and
Meihuizi Jia and
Jiaqi Li},
 booktitle = {{WWW}},
 pages = {2636--2645},
 publisher = {{ACM}},
 title = {EvidenceNet: Evidence Fusion Network for Fact Verification},
 year = {2022}
}

@inproceedings{cheung2023factllama,
 author = {Cheung, Tsun-Hin and Lam, Kin-Man},
 booktitle = {2023 Asia Pacific Signal and Information Processing Association Annual Summit and Conference (APSIPA ASC)},
 organization = {IEEE},
 pages = {846--853},
 title = {Factllama: Optimizing instruction-following language models with external knowledge for automated fact-checking},
 year = {2023}
}

@inproceedings{factgpt,
 address = {New York, NY, USA},
 author = {Choi, Eun Cheol and Ferrara, Emilio},
 booktitle = {Companion Proceedings of the ACM Web Conference 2024},
  
 isbn = {9798400701726},
 keywords = {claim matching, fact-checking, large language model, misinformation, synthetic data},
 location = {Singapore, Singapore},
 numpages = {4},
 pages = {883–886},
 publisher = {Association for Computing Machinery},
 series = {WWW '24},
 title = {FACT-GPT: Fact-Checking Augmentation via Claim Matching with LLMs},
 year = {2024}
}

@article{kojima2022large,
  title={Large language models are zero-shot reasoners},
  author={Kojima, Takeshi and Gu, Shixiang Shane and Reid, Machel and Matsuo, Yutaka and Iwasawa, Yusuke},
  journal={Advances in neural information processing systems},
  volume={35},
  pages={22199--22213},
  year={2022}
}

@article{wei2022chain,
  title={Chain-of-thought prompting elicits reasoning in large language models},
  author={Wei, Jason and Wang, Xuezhi and Schuurmans, Dale and Bosma, Maarten and Xia, Fei and Chi, Ed and Le, Quoc V and Zhou, Denny and others},
  journal={Advances in neural information processing systems},
  volume={35},
  pages={24824--24837},
  year={2022}
}
@inproceedings{chen2022generating,
 address = {Abu Dhabi, United Arab Emirates},
 author = {Chen, Jifan  and
Sriram, Aniruddh  and
Choi, Eunsol  and
Durrett, Greg},
 booktitle = {Proceedings of the 2022 Conference on Empirical Methods in Natural Language Processing},
 editor = {Goldberg, Yoav  and
Kozareva, Zornitsa  and
Zhang, Yue},
 pages = {3495--3516},
 publisher = {Association for Computational Linguistics},
 title = {Generating Literal and Implied Subquestions to Fact-check Complex Claims}, 
 year = {2022}
}


@inproceedings{li2023self,
 address = {Mexico City, Mexico},
 author = {Li, Miaoran  and
Peng, Baolin  and
Galley, Michel  and
Gao, Jianfeng  and
Zhang, Zhu},
 booktitle = {Findings of the Association for Computational Linguistics: NAACL 2024},
 editor = {Duh, Kevin  and
Gomez, Helena  and
Bethard, Steven},
 pages = {163--181},
 publisher = {Association for Computational Linguistics},
 title = {Self-Checker: Plug-and-Play Modules for Fact-Checking with Large Language Models},
 year = {2024}
}

@inproceedings{rani2023factify,
 address = {Toronto, Canada},
 author = {Rani, Anku  and
Tonmoy, S.M Towhidul Islam  and
Dalal, Dwip  and
Gautam, Shreya  and
Chakraborty, Megha  and
Chadha, Aman  and
Sheth, Amit  and
Das, Amitava},
 booktitle = {Proceedings of the 61st Annual Meeting of the Association for Computational Linguistics (Volume 1: Long Papers)},
 editor = {Rogers, Anna  and
Boyd-Graber, Jordan  and
Okazaki, Naoaki},
 pages = {10421--10440},
 publisher = {Association for Computational Linguistics},
 title = {{FACTIFY}-5{WQA}: 5{W} Aspect-based Fact Verification through Question Answering},
 year = {2023}
}

@inproceedings{pan2023fact,
 address = {Toronto, Canada},
 author = {Pan, Liangming  and
Wu, Xiaobao  and
Lu, Xinyuan  and
Luu, Anh Tuan  and
Wang, William Yang  and
Kan, Min-Yen  and
Nakov, Preslav},
 booktitle = {Proceedings of the 61st Annual Meeting of the Association for Computational Linguistics (Volume 1: Long Papers)},
 editor = {Rogers, Anna  and
Boyd-Graber, Jordan  and
Okazaki, Naoaki},
 pages = {6981--7004},
 publisher = {Association for Computational Linguistics},
 title = {Fact-Checking Complex Claims with Program-Guided Reasoning},
 year = {2023}
}

@inproceedings{Zhaotransxh,
 author = {Chen Zhao and
Chenyan Xiong and
Corby Rosset and
Xia Song and
Paul N. Bennett and
Saurabh Tiwary},
 bibsource = {dblp computer science bibliography, https://dblp.org},
 biburl = {https://dblp.org/rec/conf/iclr/ZhaoXRSBT20.bib},
 booktitle = {8th International Conference on Learning Representations, {ICLR} 2020,
Addis Ababa, Ethiopia, April 26-30, 2020},
 publisher = {OpenReview.net},
 timestamp = {Thu, 07 May 2020 01:00:00 +0200},
 title = {Transformer-XH: Multi-Evidence Reasoning with eXtra Hop Attention},
 url = {https://openreview.net/forum?id=r1eIiCNYwS},
 year = {2020}
}

@article{singh2023beyond,
  title={Beyond human data: Scaling self-training for problem-solving with language models},
  author={Singh, Avi and Co-Reyes, John D and Agarwal, Rishabh and Anand, Ankesh and Patil, Piyush and Garcia, Xavier and Liu, Peter J and Harrison, James and Lee, Jaehoon and Xu, Kelvin and others},
  journal={arXiv preprint arXiv:2312.06585},
  year={2023}
}

@article{yuan2023scaling,
  title={Scaling relationship on learning mathematical reasoning with large language models},
  author={Yuan, Zheng and Yuan, Hongyi and Li, Chengpeng and Dong, Guanting and Lu, Keming and Tan, Chuanqi and Zhou, Chang and Zhou, Jingren},
  journal={arXiv preprint arXiv:2308.01825},
  year={2023}
}

@article{rafailov2023direct,
  title={Direct preference optimization: Your language model is secretly a reward model},
  author={Rafailov, Rafael and Sharma, Archit and Mitchell, Eric and Manning, Christopher D and Ermon, Stefano and Finn, Chelsea},
  journal={Advances in Neural Information Processing Systems},
  volume={36},
  pages={53728--53741},
  year={2023}
}

@inproceedings{ma-etal-2024-ex,
    title = "{EX}-{FEVER}: A Dataset for Multi-hop Explainable Fact Verification",
    author = "Ma, Huanhuan  and
      Xu, Weizhi  and
      Wei, Yifan  and
      Chen, Liuji  and
      Wang, Liang  and
      Liu, Qiang  and
      Wu, Shu  and
      Wang, Liang",
    booktitle = "Findings of the Association for Computational Linguistics: ACL 2024",
    month = aug,
    year = "2024",
    address = "Bangkok, Thailand",
    publisher = "Association for Computational Linguistics",
    doi = "10.18653/v1/2024.findings-acl.556",
    pages = "9340--9353",
}