@article{gpt4,
  title={Gpt-4 technical report},
  author={Achiam, Josh and Adler, Steven and Agarwal, Sandhini and Ahmad, Lama and Akkaya, Ilge and Aleman, Florencia Leoni and Almeida, Diogo and Altenschmidt, Janko and Altman, Sam and Anadkat, Shyamal and others},
  journal={arXiv preprint arXiv:2303.08774},
  year={2023}
}

@article{brown2020language,
  title={Language models are few-shot learners},
  author={Brown, Tom B},
  journal={arXiv preprint arXiv:2005.14165},
  year={2020}
}

@misc{huang_sutskever_interview_2023,
  author       = {Huang, Jensen and Sutskever, Ilya},
  title        = {Interview with Jensen Huang and Ilya Sutskever},
  year         = {2023},
  howpublished = {\url{https://www.youtube.com/watch?v=GI4Tpi48DlA}},
}

@article{vaswani2017attention,
  title={Attention is all you need},
  author={Vaswani, A},
  journal={Advances in Neural Information Processing Systems},
  year={2017}
}

@inproceedings{kenton2019bert,
  title={Bert: Pre-training of deep bidirectional transformers for language understanding},
  author={Kenton, Jacob Devlin Ming-Wei Chang and Toutanova, Lee Kristina},
  booktitle={Proceedings of naacL-HLT},
  volume={1},
  pages={2},
  year={2019},
  organization={Minneapolis, Minnesota}
} 
\textbf{WhoDunIt}

@article{radford2019language,
  title={Language models are unsupervised multitask learners},
  author={Radford, Alec and Wu, Jeffrey and Child, Rewon and Luan, David and Amodei, Dario and Sutskever, Ilya and others},
  journal={OpenAI blog},
  year={2019}
}

@misc{openai_chatgpt,
  author       = {OpenAI},
  title        = {Introducing ChatGPT},
  howpublished = {\url{https://openai.com/index/chatgpt/}},
  year         = {2022},
}

@article{hendrycks2020measuring,
  title={Measuring massive multitask language understanding},
  author={Hendrycks, Dan and Burns, Collin and Basart, Steven and Zou, Andy and Mazeika, Mantas and Song, Dawn and Steinhardt, Jacob},
  journal={arXiv preprint arXiv:2009.03300},
  year={2020}
}

@article{liang2022holistic,
  title={Holistic evaluation of language models},
  author={Liang, Percy and Bommasani, Rishi and Lee, Tony and Tsipras, Dimitris and Soylu, Dilara and Yasunaga, Michihiro and Zhang, Yian and Narayanan, Deepak and Wu, Yuhuai and Kumar, Ananya and others},
  journal={arXiv preprint arXiv:2211.09110},
  year={2022}
}
@article{srivastava2022beyond,
  title={Beyond the imitation game: Quantifying and extrapolating the capabilities of language models},
  author={Srivastava, Aarohi and Rastogi, Abhinav and Rao, Abhishek and Shoeb, Abu Awal Md and Abid, Abubakar and Fisch, Adam and Brown, Adam R and Santoro, Adam and Gupta, Aditya and Garriga-Alonso, Adri{\`a} and others},
  journal={arXiv preprint arXiv:2206.04615},
  year={2022}
}
@article{lin2021truthfulqa,
  title={Truthfulqa: Measuring how models mimic human falsehoods},
  author={Lin, Stephanie and Hilton, Jacob and Evans, Owain},
  journal={arXiv preprint arXiv:2109.07958},
  year={2021}
}

@article{shinn2024reflexion,
  title={Reflexion: Language agents with verbal reinforcement learning},
  author={Shinn, Noah and Cassano, Federico and Gopinath, Ashwin and Narasimhan, Karthik and Yao, Shunyu},
  journal={Advances in Neural Information Processing Systems},
  volume={36},
  year={2024}
}

@article{wei2022chain,
  title={Chain-of-thought prompting elicits reasoning in large language models},
  author={Wei, Jason and Wang, Xuezhi and Schuurmans, Dale and Bosma, Maarten and Xia, Fei and Chi, Ed and Le, Quoc V and Zhou, Denny and others},
  journal={Advances in neural information processing systems},
  volume={35},
  pages={24824--24837},
  year={2022}
}

@article{madaan2024self,
  title={Self-refine: Iterative refinement with self-feedback},
  author={Madaan, Aman and Tandon, Niket and Gupta, Prakhar and Hallinan, Skyler and Gao, Luyu and Wiegreffe, Sarah and Alon, Uri and Dziri, Nouha and Prabhumoye, Shrimai and Yang, Yiming and others},
  journal={Advances in Neural Information Processing Systems},
  volume={36},
  year={2024}
}

@inproceedings{ammanabrolu2021automated,
  title={Automated storytelling via causal, commonsense plot ordering},
  author={Ammanabrolu, Prithviraj and Cheung, Wesley and Broniec, William and Riedl, Mark O},
  booktitle={Proceedings of the AAAI Conference on Artificial Intelligence},
  pages={5859--5867},
  year={2021}
}

@article{rashkin2020plotmachines,
  title={PlotMachines: Outline-conditioned generation with dynamic plot state tracking},
  author={Rashkin, Hannah and Celikyilmaz, Asli and Choi, Yejin and Gao, Jianfeng},
  journal={arXiv preprint arXiv:2004.14967},
  year={2020}
}

@article{kovcisky2018narrativeqa,
  title={The narrativeqa reading comprehension challenge},
  author={Ko{\v{c}}isk{\`y}, Tom{\'a}{\v{s}} and Schwarz, Jonathan and Blunsom, Phil and Dyer, Chris and Hermann, Karl Moritz and Melis, G{\'a}bor and Grefenstette, Edward},
  journal={Transactions of the Association for Computational Linguistics},
  volume={6},
  pages={317--328},
  year={2018},
  publisher={MIT Press One Rogers Street, Cambridge, MA 02142-1209, USA journals-info~â€¦}
}
@article{wang2022self,
  title={Self-consistency improves chain of thought reasoning in language models},
  author={Wang, Xuezhi and Wei, Jason and Schuurmans, Dale and Le, Quoc and Chi, Ed and Narang, Sharan and Chowdhery, Aakanksha and Zhou, Denny},
  journal={arXiv preprint arXiv:2203.11171},
  year={2022}
}