@ARTICLE{10106495,
  author={Pan, Liang and Chen, Xinyi and Cai, Zhongang and Zhang, Junzhe and Zhao, Haiyu and Yi, Shuai and Liu, Ziwei},
  journal={IEEE Transactions on Pattern Analysis and Machine Intelligence}, 
  title={Variational Relational Point Completion Network for Robust 3D Classification}, 
  year={2023},
  volume={45},
  number={9},
  pages={11340-11351}
  }

@ARTICLE{10232862,
  author={Yu, Xumin and Rao, Yongming and Wang, Ziyi and Lu, Jiwen and Zhou, Jie},
  journal={IEEE Transactions on Pattern Analysis and Machine Intelligence}, 
  title={AdaPoinTr: Diverse Point Cloud Completion With Adaptive Geometry-Aware Transformers}, 
  year={2023},
  volume={45},
  number={12},
  pages={14114-14130}
}

@ARTICLE{9928787,
  author={Xiang, Peng and Wen, Xin and Liu, Yu-Shen and Cao, Yan-Pei and Wan, Pengfei and Zheng, Wen and Han, Zhizhong},
  journal={IEEE Transactions on Pattern Analysis and Machine Intelligence}, 
  title={Snowflake Point Deconvolution for Point Cloud Completion and Generation With Skip-Transformer}, 
  year={2023},
  volume={45},
  number={5},
  pages={6320-6338}
}

@ARTICLE{AGConv,
  author={Wei, Mingqiang and Wei, Zeyong and Zhou, Haoran and Hu, Fei and Si, Huajian and Chen, Zhilei and Zhu, Zhe and Qiu, Jingbo and Yan, Xuefeng and Guo, Yanwen and Wang, Jun and Qin, Jing},
  journal={IEEE Transactions on Pattern Analysis and Machine Intelligence}, 
  title={AGConv: Adaptive Graph Convolution on 3D Point Clouds}, 
  year={2023},
  volume={45},
  number={8},
  pages={9374-9392}
}

@InProceedings{CLIP2,
    author    = {Zeng, Yihan and Jiang, Chenhan and Mao, Jiageng and Han, Jianhua and Ye, Chaoqiang and Huang, Qingqiu and Yeung, Dit-Yan and Yang, Zhen and Liang, Xiaodan and Xu, Hang},
    title     = {CLIP2: Contrastive Language-Image-Point Pretraining From Real-World Point Cloud Data},
    booktitle = {IEEE/CVF Conference on Computer Vision and Pattern Recognition},
    year      = {2023},
    pages     = {15244-15253}
}

@InProceedings{CLIP2point,
    author    = {Huang, Tianyu and Dong, Bowen and Yang, Yunhan and Huang, Xiaoshui and Lau, Rynson W.H. and Ouyang, Wanli and Zuo, Wangmeng},
    title     = {CLIP2Point: Transfer CLIP to Point Cloud Classification with Image-Depth Pre-Training},
    booktitle = {IEEE/CVF International Conference on Computer Vision},
    year      = {2023},
    pages     = {22157-22167}
}

@article{DBLP:journals/ijcv/ZhangLXNZTL23,
  author       = {Shengping Zhang and
                  Xianzhu Liu and
                  Haozhe Xie and
                  Liqiang Nie and
                  Huiyu Zhou and
                  Dacheng Tao and
                  Xuelong Li},
  title        = {Learning Geometric Transformation for Point Cloud Completion},
  journal      = {International Journal of Computer Vision},
  volume       = {131},
  number       = {9},
  pages        = {2425--2445},
  year         = {2023}
}

@InProceedings{Gong_2021_ICCV,
    author    = {Gong, Bingchen and Nie, Yinyu and Lin, Yiqun and Han, Xiaoguang and Yu, Yizhou},
    title     = {ME-PCN: Point Completion Conditioned on Mask Emptiness},
    booktitle = {IEEE/CVF International Conference on Computer Vision},
    year      = {2021},
    pages     = {12488-12497}
}

@InProceedings{I2PMAE,
    author    = {Zhang, Renrui and Wang, Liuhui and Qiao, Yu and Gao, Peng and Li, Hongsheng},
    title     = {Learning 3D Representations From 2D Pre-Trained Models via Image-to-Point Masked Autoencoders},
    booktitle = {IEEE/CVF Conference on Computer Vision and Pattern Recognition},
    year      = {2023},
    pages     = {21769-21780}
}

@InProceedings{PointCLIPV2,
    author    = {Zhu, Xiangyang and Zhang, Renrui and He, Bowei and Guo, Ziyu and Zeng, Ziyao and Qin, Zipeng and Zhang, Shanghang and Gao, Peng},
    title     = {PointCLIP V2: Prompting CLIP and GPT for Powerful 3D Open-world Learning},
    booktitle = {IEEE/CVF International Conference on Computer Vision},
    year      = {2023},
    pages     = {2639-2650}
}

@ARTICLE{SCRN,
  author={Wang, Xiaogang and Ang, Marcelo H. and Lee, Gim Hee},
  journal={IEEE Transactions on Pattern Analysis and Machine Intelligence}, 
  title={Cascaded Refinement Network for Point Cloud Completion With Self-Supervision}, 
  year={2022},
  volume={44},
  number={11},
  pages={8139-8150}
}

@InProceedings{Wei_2023_ICCV,
    author    = {Wei, Yi and Zhao, Linqing and Zheng, Wenzhao and Zhu, Zheng and Zhou, Jie and Lu, Jiwen},
    title     = {SurroundOcc: Multi-camera 3D Occupancy Prediction for Autonomous Driving},
    booktitle = {IEEE/CVF International Conference on Computer Vision},
    year      = {2023},
    pages     = {21729-21740}
}

@inproceedings{aiello2022crossmodal,
	title = {Cross-modal {Learning} for {Image}-{Guided} {Point} {Cloud} {Shape} {Completion}},
	volume = {35},
	booktitle = {Advances in {Neural} {Information} {Processing} {Systems}},
	author = {Aiello, Emanuele and Valsesia, Diego and Magli, Enrico},
	year = {2022},
	pages = {37349--37362},
}

@inproceedings{cai2021semantic,
  title={Semantic scene completion via integrating instances and scene in-the-loop},
  author={Cai, Yingjie and Chen, Xuesong and Zhang, Chao and Lin, Kwan-Yee and Wang, Xiaogang and Li, Hongsheng},
  booktitle={IEEE/CVF Conference on Computer Vision and Pattern Recognition},
  pages={324--333},
  year={2021}
}

@inproceedings{cao2022monoscene,
  title={Monoscene: Monocular 3d semantic scene completion},
  author={Cao, Anh-Quan and de Charette, Raoul},
  booktitle={IEEE/CVF Conference on Computer Vision and Pattern Recognition},
  pages={3991--4001},
  year={2022}
}

@article{chen2019multi,
  title={Multi-patch collaborative point cloud denoising via low-rank recovery with graph constraint},
  author={Chen, Honghua and Wei, Mingqiang and Sun, Yangxing and Xie, Xingyu and Wang, Jun},
  journal={IEEE transactions on visualization and computer graphics},
  volume={26},
  number={11},
  pages={3255--3270},
  year={2019},
  publisher={IEEE}
}

@inproceedings{chen20203d,
  title={3d sketch-aware semantic scene completion via semi-supervised structure prior},
  author={Chen, Xiaokang and Lin, Kwan-Yee and Qian, Chen and Zeng, Gang and Li, Hongsheng},
  booktitle={IEEE/CVF Conference on Computer Vision and Pattern Recognition},
  pages={4193--4202},
  year={2020}
}

@inproceedings{chen2022imlovenet,
  title={Imlovenet: Misaligned image-supported registration network for low-overlap point cloud pairs},
  author={Chen, Honghua and Wei, Zeyong and Xu, Yabin and Wei, Mingqiang and Wang, Jun},
  booktitle={ACM SIGGRAPH 2022 conference proceedings},
  pages={1--9},
  year={2022}
}

@article{chen2022repcd,
  title={Repcd-net: Feature-aware recurrent point cloud denoising network},
  author={Chen, Honghua and Wei, Zeyong and Li, Xianzhi and Xu, Yabin and Wei, Mingqiang and Wang, Jun},
  journal={International Journal of Computer Vision},
  volume={130},
  number={3},
  pages={615--629},
  year={2022},
  publisher={Springer}
}

@inproceedings{chen2023anchorformer,
  title={AnchorFormer: Point Cloud Completion From Discriminative Nodes},
  author={Chen, Zhikai and Long, Fuchen and Qiu, Zhaofan and Yao, Ting and Zhou, Wengang and Luo, Jiebo and Mei, Tao},
  booktitle={IEEE/CVF Conference on Computer Vision and Pattern Recognition},
  pages={13581--13590},
  year={2023}
}

@inproceedings{clip2scene,
  title={CLIP2Scene: Towards Label-efficient 3D Scene Understanding by CLIP},
  author={Chen, Runnan and Liu, Youquan and Kong, Lingdong and Zhu, Xinge and Ma, Yuexin and Li, Yikang and Hou, Yuenan and Qiao, Yu and Wang, Wenping},
  booktitle={IEEE/CVF Conference on Computer Vision and Pattern Recognition},
  pages={7020--7030},
  year={2023}
}

@inproceedings{dai2017shape,
  title={Shape completion using 3d-encoder-predictor cnns and shape synthesis},
  author={Dai, Angela and Ruizhongtai Qi, Charles and Nie{\ss}ner, Matthias},
  booktitle={IEEE/CVF Conference on Computer Vision and Pattern Recognition},
  pages={5868--5877},
  year={2017}
}

@inproceedings{dai2018siamese,
  title={Siamese cnn-bilstm architecture for 3D shape representation learning},
  author={Dai, Guoxian and Xie, Jin and Fang, Yi},
  booktitle={IJCAI},
  pages={670--676},
  year={2018}
}

@inproceedings{feng2018gvcnn,
  title={Gvcnn: Group-view convolutional neural networks for 3d shape recognition},
  author={Feng, Yifan and Zhang, Zizhao and Zhao, Xibin and Ji, Rongrong and Gao, Yue},
  booktitle={IEEE Conference on Computer Vision and Pattern Recognition},
  pages={264--272},
  year={2018}
}

@inproceedings{fu2023vapcnet,
  title={VAPCNet: Viewpoint-Aware 3D Point Cloud Completion},
  author={Fu, Zhiheng and Wang, Longguang and Xu, Lian and Wang, Zhiyong and Laga, Hamid and Guo, Yulan and Boussaid, Farid and Bennamoun, Mohammed},
  booktitle={IEEE/CVF International Conference on Computer Vision},
  pages={12108--12118},
  year={2023}
}

@article{guo2018view,
  title={View-volume network for semantic scene completion from a single depth image},
  author={Guo, Yu-Xiao and Tong, Xin},
  journal={arXiv preprint arXiv:1806.05361},
  year={2018}
}

@inproceedings{han2017high,
  title={High-resolution shape completion using deep neural networks for global structure and local geometry inference},
  author={Han, Xiaoguang and Li, Zhen and Huang, Haibin and Kalogerakis, Evangelos and Yu, Yizhou},
  booktitle={IEEE/CVF International Conference on Computer Vision},
  pages={85--93},
  year={2017}
}

@article{han20193d2seqviews,
  title={3D2SeqViews: Aggregating sequential views for 3D global feature learning by CNN with hierarchical attention aggregation},
  author={Han, Zhizhong and Lu, Honglei and Liu, Zhenbao and Vong, Chi-Man and Liu, Yu-Shen and Zwicker, Matthias and Han, Junwei and Chen, CL Philip},
  journal={IEEE Transactions on Image Processing},
  volume={28},
  number={8},
  pages={3986--3999},
  year={2019}
}

@InProceedings{hu2019render4completion,
author = {Hu, Tao and Han, Zhizhong and Shrivastava, Abhinav and Zwicker, Matthias},
title = {Render4Completion: Synthesizing Multi-View Depth Maps for 3D Shape Completion},
booktitle = {IEEE/CVF International Conference on Computer Vision},
year = {2019}
}

@inproceedings{huang2020pf,
  title={Pf-net: Point fractal network for 3d point cloud completion},
  author={Huang, Zitian and Yu, Yikuan and Xu, Jiawen and Ni, Feng and Le, Xinyi},
  booktitle={IEEE/CVF Conference on Computer Vision and Pattern Recognition},
  pages={7662--7670},
  year={2020}
}

@article{huang2022spovt,
  title={SPoVT: Semantic-Prototype Variational Transformer for Dense Point Cloud Semantic Completion},
  author={Huang, Sheng Yu and Hsu, Hao-Yu and Wang, Frank},
  journal={Advances in Neural Information Processing Systems},
  volume={35},
  pages={33934--33946},
  year={2022}
}

@inproceedings{huang2023tri,
  title={Tri-perspective view for vision-based 3d semantic occupancy prediction},
  author={Huang, Yuanhui and Zheng, Wenzhao and Zhang, Yunpeng and Zhou, Jie and Lu, Jiwen},
  booktitle={IEEE/CVF Conference on Computer Vision and Pattern Recognition},
  pages={9223--9232},
  year={2023}
}

@inproceedings{jiang2024symphonize,
  title={Symphonize 3d semantic scene completion with contextual instance queries},
  author={Jiang, Haoyi and Cheng, Tianheng and Gao, Naiyu and Zhang, Haoyang and Lin, Tianwei and Liu, Wenyu and Wang, Xinggang},
  booktitle={IEEE/CVF Conference on Computer Vision and Pattern Recognition},
  pages={20258--20267},
  year={2024}
}

@inproceedings{jointMAE,
  title     = {Joint-MAE: 2D-3D Joint Masked Autoencoders for 3D Point Cloud Pre-training},
  author    = {Guo, Ziyu and Zhang, Renrui and Qiu, Longtian and Li, Xianzhi and Heng, Pheng-Ann},
  booktitle = {Thirty-Second International Joint Conference on
               Artificial Intelligence},
  pages     = {791--799},
  year      = {2023},
}

@inproceedings{li2023proxyformer,
  title={ProxyFormer: Proxy Alignment Assisted Point Cloud Completion with Missing Part Sensitive Transformer},
  author={Li, Shanshan and Gao, Pan and Tan, Xiaoyang and Wei, Mingqiang},
  booktitle={IEEE/CVF Conference on Computer Vision and Pattern Recognition},
  pages={9466--9475},
  year={2023}
}

@inproceedings{li2023voxformer,
  title={Voxformer: Sparse voxel transformer for camera-based 3d semantic scene completion},
  author={Li, Yiming and Yu, Zhiding and Choy, Christopher and Xiao, Chaowei and Alvarez, Jose M and Fidler, Sanja and Feng, Chen and Anandkumar, Anima},
  booktitle={IEEE/CVF Conference on Computer Vision and Pattern Recognition},
  pages={9087--9098},
  year={2023}
}

@inproceedings{liu2020morphing,
  title={Morphing and sampling network for dense point cloud completion},
  author={Liu, Minghua and Sheng, Lu and Yang, Sheng and Shao, Jing and Hu, Shi-Min},
  booktitle={AAAI conference on artificial intelligence},
  volume={34},
  number={07},
  pages={11596--11603},
  year={2020}
}

@article{p2p,
  title={P2p: Tuning pre-trained image models for point cloud analysis with point-to-pixel prompting},
  author={Wang, Ziyi and Yu, Xumin and Rao, Yongming and Zhou, Jie and Lu, Jiwen},
  journal={Advances in Neural Information Processing Systems},
  volume={35},
  pages={14388--14402},
  year={2022}
}

@article{pan2020ecg,
  title={ECG: Edge-aware point cloud completion with graph convolution},
  author={Pan, Liang},
  journal={IEEE Robotics and Automation Letters},
  volume={5},
  number={3},
  pages={4392--4398},
  year={2020}
}

@InProceedings{ponder,
    author    = {Huang, Di and Peng, Sida and He, Tong and Yang, Honghui and Zhou, Xiaowei and Ouyang, Wanli},
    title     = {Ponder: Point Cloud Pre-training via Neural Rendering},
    booktitle = {IEEE/CVF International Conference on Computer Vision},
    year      = {2023},
    pages     = {16089-16098}
}

@inproceedings{radford2021learning,
  title={Learning transferable visual models from natural language supervision},
  author={Radford, Alec and Kim, Jong Wook and Hallacy, Chris and Ramesh, Aditya and Goh, Gabriel and Agarwal, Sandhini and Sastry, Girish and Askell, Amanda and Mishkin, Pamela and Clark, Jack and others},
  booktitle={International conference on machine learning},
  pages={8748--8763},
  year={2021}
}

@article{scpnet,
  author       = {Fei Hu and
                  Honghua Chen and
                  Xuequan Lu and
                  Zhe Zhu and
                  Jun Wang and
                  Weiming Wang and
                  Fu Lee Wang and
                  Mingqiang Wei},
  title        = {SPCNet: Stepwise Point Cloud Completion Network},
  journal      = {Comput. Graph. Forum},
  volume       = {41},
  number       = {7},
  pages        = {153--164},
  year         = {2022}
}

@inproceedings{song2017semantic,
  title={Semantic scene completion from a single depth image},
  author={Song, Shuran and Yu, Fisher and Zeng, Andy and Chang, Angel X and Savva, Manolis and Funkhouser, Thomas},
  booktitle={IEEE Conference on Computer Vision and Pattern Recognition},
  pages={1746--1754},
  year={2017}
}

@inproceedings{stutz2018learning,
  title={Learning 3d shape completion from laser scan data with weak supervision},
  author={Stutz, David and Geiger, Andreas},
  booktitle={IEEE Conference on Computer Vision and Pattern Recognition},
  pages={1955--1964},
  year={2018}
}

@inproceedings{su2015multi,
  title={Multi-view convolutional neural networks for 3d shape recognition},
  author={Su, Hang and Maji, Subhransu and Kalogerakis, Evangelos and Learned-Miller, Erik},
  booktitle={IEEE International Conference on Computer Vision},
  pages={945--953},
  year={2015}
}

@InProceedings{takeaphoto,
    author    = {Wang, Ziyi and Yu, Xumin and Rao, Yongming and Zhou, Jie and Lu, Jiwen},
    title     = {Take-A-Photo: 3D-to-2D Generative Pre-training of Point Cloud Models},
    booktitle = {IEEE/CVF International Conference on Computer Vision},
    year      = {2023},
    pages     = {5640-5650}
}

@inproceedings{tang2022lake,
  title={LAKe-Net: Topology-Aware Point Cloud Completion by Localizing Aligned Keypoints},
  author={Tang, Junshu and Gong, Zhijun and Yi, Ran and Xie, Yuan and Ma, Lizhuang},
  booktitle={IEEE/CVF Conference on Computer Vision and Pattern Recognition},
  pages={1726--1735},
  year={2022}
}

@inproceedings{varley2017shape,
  title={Shape completion enabled robotic grasping},
  author={Varley, Jacob and DeChant, Chad and Richardson, Adam and Ruales, Joaqu{\'\i}n and Allen, Peter},
  booktitle={IEEE/RSJ International Conference on Intelligent Robots and Systems},
  pages={2442--2447},
  year={2017}
}

@article{vaswani2017attention,
  title={Attention is all you need},
  author={Vaswani, Ashish and Shazeer, Noam and Parmar, Niki and Uszkoreit, Jakob and Jones, Llion and Gomez, Aidan N and Kaiser, {\L}ukasz and Polosukhin, Illia},
  journal={Advances in Neural Information Processing Systems},
  volume={30},
  year={2017}
}

@inproceedings{wang2019forknet,
  title={Forknet: Multi-branch volumetric semantic completion from a single depth image},
  author={Wang, Yida and Tan, David Joseph and Navab, Nassir and Tombari, Federico},
  booktitle={IEEE/CVF International Conference on Computer Vision},
  pages={8608--8617},
  year={2019}
}

@inproceedings{wang2020cascaded,
  title={Cascaded refinement network for point cloud completion},
  author={Wang, Xiaogang and Ang Jr, Marcelo H and Lee, Gim Hee},
  booktitle={IEEE/CVF Conference on Computer Vision and Pattern Recognition},
  pages={790--799},
  year={2020}
}

@inproceedings{wang2021voxel,
  title={Voxel-based network for shape completion by leveraging edge generation},
  author={Wang, Xiaogang and Ang, Marcelo H and Lee, Gim Hee},
  booktitle={IEEE/CVF International Conference on Computer Vision},
  pages={13189--13198},
  year={2021}
}

@inproceedings{wang2022learning,
  title={Learning Local Displacements for Point Cloud Completion},
  author={Wang, Yida and Tan, David Joseph and Navab, Nassir and Tombari, Federico},
  booktitle={IEEE/CVF Conference on Computer Vision and Pattern Recognition},
  pages={1568--1577},
  year={2022}
}

@ARTICLE{wei2022learning,
  author={Wei, Xin and Yu, Ruixuan and Sun, Jian},
  journal={IEEE Transactions on Pattern Analysis and Machine Intelligence}, 
  title={Learning View-Based Graph Convolutional Network for Multi-View 3D Shape Analysis}, 
  year={2023},
  volume={45},
  number={6},
  pages={7525-7541}
}

@inproceedings{wen2020point,
  title={Point cloud completion by skip-attention network with hierarchical folding},
  author={Wen, Xin and Li, Tianyang and Han, Zhizhong and Liu, Yu-Shen},
  booktitle={IEEE/CVF Conference on Computer Vision and Pattern Recognition},
  pages={1939--1948},
  year={2020}
}

@inproceedings{xia2023scpnet,
  title={SCPNet: Semantic Scene Completion on Point Cloud},
  author={Xia, Zhaoyang and Liu, Youquan and Li, Xin and Zhu, Xinge and Ma, Yuexin and Li, Yikang and Hou, Yuenan and Qiao, Yu},
  booktitle={IEEE/CVF Conference on Computer Vision and Pattern Recognition},
  pages={17642--17651},
  year={2023}
}

@inproceedings{xie2020grnet,
  title={Grnet: Gridding residual network for dense point cloud completion},
  author={Xie, Haozhe and Yao, Hongxun and Zhou, Shangchen and Mao, Jiageng and Zhang, Shengping and Sun, Wenxiu},
  booktitle={European Conference on Computer Vision},
  pages={365--381},
  year={2020}
}

@inproceedings{xu2023casfusionnet,
  title={Casfusionnet: A cascaded network for point cloud semantic scene completion by dense feature fusion},
  author={Xu, Jinfeng and Li, Xianzhi and Tang, Yuan and Yu, Qiao and Hao, Yixue and Hu, Long and Chen, Min},
  booktitle={AAAI Conference on Artificial Intelligence},
  volume={37},
  number={3},
  pages={3018--3026},
  year={2023}
}

@inproceedings{yan2021sparse,
  title={Sparse single sweep lidar point cloud segmentation via learning contextual shape priors from scene completion},
  author={Yan, Xu and Gao, Jiantao and Li, Jie and Zhang, Ruimao and Li, Zhen and Huang, Rui and Cui, Shuguang},
  booktitle={AAAI Conference on Artificial Intelligence},
  volume={35},
  number={4},
  pages={3101--3109},
  year={2021}
}

@inproceedings{yan2022fbnet,
  title={Fbnet: Feedback network for point cloud completion},
  author={Yan, Xuejun and Yan, Hongyu and Wang, Jingjing and Du, Hang and Wu, Zhihong and Xie, Di and Pu, Shiliang and Lu, Li},
  booktitle={European Conference on Computer Vision},
  pages={676--693},
  year={2022}
}

@article{yan2023pointssc,
  title={PointSSC: A Cooperative Vehicle-Infrastructure Point Cloud Benchmark for Semantic Scene Completion},
  author={Yan, Yuxiang and Liu, Boda and Ai, Jianfei and Li, Qinbu and Wan, Ru and Pu, Jian},
  journal={arXiv preprint arXiv:2309.12708},
  year={2023}
}

@inproceedings{yang2018foldingnet,
  title={Foldingnet: Point cloud auto-encoder via deep grid deformation},
  author={Yang, Yaoqing and Feng, Chen and Shen, Yiru and Tian, Dong},
  booktitle={IEEE/CVF Conference on Computer Vision and Pattern Recognition},
  pages={206--215},
  year={2018}
}

@inproceedings{yang2019learning,
  title={Learning relationships for multi-view 3D object recognition},
  author={Yang, Ze and Wang, Liwei},
  booktitle={IEEE/CVF International Conference on Computer Vision},
  pages={7505--7514},
  year={2019}
}

@inproceedings{yao2023ndc,
  title={Ndc-scene: Boost monocular 3d semantic scene completion in normalized device coordinates space},
  author={Yao, Jiawei and Li, Chuming and Sun, Keqiang and Cai, Yingjie and Li, Hao and Ouyang, Wanli and Li, Hongsheng},
  booktitle={IEEE/CVF International Conference on Computer Vision},
  pages={9421--9431},
  year={2023}
}

@inproceedings{yu2021pointr,
  title={Pointr: Diverse point cloud completion with geometry-aware transformers},
  author={Yu, Xumin and Rao, Yongming and Wang, Ziyi and Liu, Zuyan and Lu, Jiwen and Zhou, Jie},
  booktitle={IEEE/CVF International Conference on Computer Vision},
  pages={12498--12507},
  year={2021}
}

@inproceedings{yuan2018pcn,
  title={Pcn: Point completion network},
  author={Yuan, Wentao and Khot, Tejas and Held, David and Mertz, Christoph and Hebert, Martial},
  booktitle={International Conference on 3D Vision},
  pages={728--737},
  year={2018}
}

@inproceedings{zhang2018efficient,
  title={Efficient semantic scene completion network with spatial group convolution},
  author={Zhang, Jiahui and Zhao, Hao and Yao, Anbang and Chen, Yurong and Zhang, Li and Liao, Hongen},
  booktitle={European Conference on Computer Vision},
  pages={733--749},
  year={2018}
}

@inproceedings{zhang2021point,
  title={Point cloud semantic scene completion from rgb-d images},
  author={Zhang, Shoulong and Li, Shuai and Hao, Aimin and Qin, Hong},
  booktitle={AAAI Conference on Artificial Intelligence},
  volume={35},
  number={4},
  pages={3385--3393},
  year={2021}
}

@inproceedings{zhang2021view,
  title={View-Guided Point Cloud Completion},
  author={Zhang, Xuancheng and Feng, Yutong and Li, Siqi and Zou, Changqing and Wan, Hai and Zhao, Xibin and Guo, Yandong and Gao, Yue},
  booktitle={IEEE/CVF Conference on Computer Vision and Pattern Recognition},
  pages={15890--15899},
  year={2021}
}

@ARTICLE{zhang2022point,
  author={Zhang, Wenxiao and Zhou, Huajian and Dong, Zhen and Liu, Jun and Yan, Qingan and Xiao, Chunxia},
  journal={IEEE Transactions on Visualization and Computer Graphics}, 
  title={Point Cloud Completion Via Skeleton-Detail Transformer}, 
  year={2023},
  volume={29},
  number={10},
  pages={4229-4242}
}

@inproceedings{zhang2022pointclip,
  title={Pointclip: Point cloud understanding by clip},
  author={Zhang, Renrui and Guo, Ziyu and Zhang, Wei and Li, Kunchang and Miao, Xupeng and Cui, Bin and Qiao, Yu and Gao, Peng and Li, Hongsheng},
  booktitle={IEEE/CVF Conference on Computer Vision and Pattern Recognition},
  pages={8552--8562},
  year={2022}
}

@inproceedings{zhang2022shape,
  title={Shape Completion with Points in the Shadow},
  author={Zhang, Bowen and Zhao, Xi and Wang, He and Hu, Ruizhen},
  booktitle={SIGGRAPH Asia 2022 Conference Papers},
  pages={1--9},
  year={2022}
}

@inproceedings{zhou2020geometry,
  title={Geometry and learning co-supported normal estimation for unstructured point cloud},
  author={Zhou, Haoran and Chen, Honghua and Feng, Yidan and Wang, Qiong and Qin, Jing and Xie, Haoran and Wang, Fu Lee and Wei, Mingqiang and Wang, Jun},
  booktitle={Proceedings of the ieee/cvf conference on computer vision and pattern recognition},
  pages={13238--13247},
  year={2020}
}

@inproceedings{zhou2022seedformer,
  title={SeedFormer: Patch Seeds Based Point Cloud Completion with Upsample Transformer},
  author={Zhou, Haoran and Cao, Yun and Chu, Wenqing and Zhu, Junwei and Lu, Tong and Tai, Ying and Wang, Chengjie},
  booktitle={European Conference on Computer Vision},
  pages={416--432},
  year={2022}
}

@ARTICLE{zhu2023csdn,
  author={Zhu, Zhe and Nan, Liangliang and Xie, Haoran and Chen, Honghua and Wang, Jun and Wei, Mingqiang and Qin, Jing},
  journal={IEEE Transactions on Visualization and Computer Graphics}, 
  title={CSDN: Cross-Modal Shape-Transfer Dual-Refinement Network for Point Cloud Completion}, 
  year={2024},
  volume={30},
  number={7},
  pages={3545-3563},
  doi={10.1109/TVCG.2023.3236061}}

