@InProceedings{Zhu_2023_ICCV,
    author    = {Zhu, Zhe and Chen, Honghua and He, Xing and Wang, Weiming and Qin, Jing and Wei, Mingqiang},
    title     = {SVDFormer: Complementing Point Cloud via Self-view Augmentation and Self-structure Dual-generator},
    booktitle = {IEEE/CVF International Conference on Computer Vision},
    year      = {2023},
    pages     = {14508--14518}
}
@InProceedings{Gong_2021_ICCV,
    author    = {Gong, Bingchen and Nie, Yinyu and Lin, Yiqun and Han, Xiaoguang and Yu, Yizhou},
    title     = {ME-PCN: Point Completion Conditioned on Mask Emptiness},
    booktitle = {IEEE/CVF International Conference on Computer Vision},
    year      = {2021},
    pages     = {12488-12497}
}
@InProceedings{CLIP2,
    author    = {Zeng, Yihan and Jiang, Chenhan and Mao, Jiageng and Han, Jianhua and Ye, Chaoqiang and Huang, Qingqiu and Yeung, Dit-Yan and Yang, Zhen and Liang, Xiaodan and Xu, Hang},
    title     = {CLIP2: Contrastive Language-Image-Point Pretraining From Real-World Point Cloud Data},
    booktitle = {IEEE/CVF Conference on Computer Vision and Pattern Recognition},
    year      = {2023},
    pages     = {15244-15253}
}
@InProceedings{Wei_2023_ICCV,
    author    = {Wei, Yi and Zhao, Linqing and Zheng, Wenzhao and Zhu, Zheng and Zhou, Jie and Lu, Jiwen},
    title     = {SurroundOcc: Multi-camera 3D Occupancy Prediction for Autonomous Driving},
    booktitle = {IEEE/CVF International Conference on Computer Vision},
    year      = {2023},
    pages     = {21729-21740}
}
@InProceedings{CLIP2point,
    author    = {Huang, Tianyu and Dong, Bowen and Yang, Yunhan and Huang, Xiaoshui and Lau, Rynson W.H. and Ouyang, Wanli and Zuo, Wangmeng},
    title     = {CLIP2Point: Transfer CLIP to Point Cloud Classification with Image-Depth Pre-Training},
    booktitle = {IEEE/CVF International Conference on Computer Vision},
    year      = {2023},
    pages     = {22157-22167}
}
@inproceedings{yan2021sparse,
  title={Sparse single sweep lidar point cloud segmentation via learning contextual shape priors from scene completion},
  author={Yan, Xu and Gao, Jiantao and Li, Jie and Zhang, Ruimao and Li, Zhen and Huang, Rui and Cui, Shuguang},
  booktitle={AAAI Conference on Artificial Intelligence},
  volume={35},
  number={4},
  pages={3101--3109},
  year={2021}
}
@InProceedings{takeaphoto,
    author    = {Wang, Ziyi and Yu, Xumin and Rao, Yongming and Zhou, Jie and Lu, Jiwen},
    title     = {Take-A-Photo: 3D-to-2D Generative Pre-training of Point Cloud Models},
    booktitle = {IEEE/CVF International Conference on Computer Vision},
    year      = {2023},
    pages     = {5640-5650}
}
@InProceedings{ponder,
    author    = {Huang, Di and Peng, Sida and He, Tong and Yang, Honghui and Zhou, Xiaowei and Ouyang, Wanli},
    title     = {Ponder: Point Cloud Pre-training via Neural Rendering},
    booktitle = {IEEE/CVF International Conference on Computer Vision},
    year      = {2023},
    pages     = {16089-16098}
}
@article{p2p,
  title={P2p: Tuning pre-trained image models for point cloud analysis with point-to-pixel prompting},
  author={Wang, Ziyi and Yu, Xumin and Rao, Yongming and Zhou, Jie and Lu, Jiwen},
  journal={Advances in Neural Information Processing Systems},
  volume={35},
  pages={14388--14402},
  year={2022}
}
@inproceedings{cao2022monoscene,
  title={Monoscene: Monocular 3d semantic scene completion},
  author={Cao, Anh-Quan and de Charette, Raoul},
  booktitle={IEEE/CVF Conference on Computer Vision and Pattern Recognition},
  pages={3991--4001},
  year={2022}
}
@inproceedings{xia2023scpnet,
  title={SCPNet: Semantic Scene Completion on Point Cloud},
  author={Xia, Zhaoyang and Liu, Youquan and Li, Xin and Zhu, Xinge and Ma, Yuexin and Li, Yikang and Hou, Yuenan and Qiao, Yu},
  booktitle={IEEE/CVF Conference on Computer Vision and Pattern Recognition},
  pages={17642--17651},
  year={2023}
}
@inproceedings{li2023voxformer,
  title={Voxformer: Sparse voxel transformer for camera-based 3d semantic scene completion},
  author={Li, Yiming and Yu, Zhiding and Choy, Christopher and Xiao, Chaowei and Alvarez, Jose M and Fidler, Sanja and Feng, Chen and Anandkumar, Anima},
  booktitle={IEEE/CVF Conference on Computer Vision and Pattern Recognition},
  pages={9087--9098},
  year={2023}
}
@inproceedings{huang2023tri,
  title={Tri-perspective view for vision-based 3d semantic occupancy prediction},
  author={Huang, Yuanhui and Zheng, Wenzhao and Zhang, Yunpeng and Zhou, Jie and Lu, Jiwen},
  booktitle={IEEE/CVF Conference on Computer Vision and Pattern Recognition},
  pages={9223--9232},
  year={2023}
}
@inproceedings{song2017semantic,
  title={Semantic scene completion from a single depth image},
  author={Song, Shuran and Yu, Fisher and Zeng, Andy and Chang, Angel X and Savva, Manolis and Funkhouser, Thomas},
  booktitle={IEEE Conference on Computer Vision and Pattern Recognition},
  pages={1746--1754},
  year={2017}
}
@inproceedings{wang2019forknet,
  title={Forknet: Multi-branch volumetric semantic completion from a single depth image},
  author={Wang, Yida and Tan, David Joseph and Navab, Nassir and Tombari, Federico},
  booktitle={IEEE/CVF International Conference on Computer Vision},
  pages={8608--8617},
  year={2019}
}
@article{guo2018view,
  title={View-volume network for semantic scene completion from a single depth image},
  author={Guo, Yu-Xiao and Tong, Xin},
  journal={arXiv preprint arXiv:1806.05361},
  year={2018}
}
@inproceedings{zhang2018efficient,
  title={Efficient semantic scene completion network with spatial group convolution},
  author={Zhang, Jiahui and Zhao, Hao and Yao, Anbang and Chen, Yurong and Zhang, Li and Liao, Hongen},
  booktitle={European Conference on Computer Vision},
  pages={733--749},
  year={2018}
}
@inproceedings{cai2021semantic,
  title={Semantic scene completion via integrating instances and scene in-the-loop},
  author={Cai, Yingjie and Chen, Xuesong and Zhang, Chao and Lin, Kwan-Yee and Wang, Xiaogang and Li, Hongsheng},
  booktitle={IEEE/CVF Conference on Computer Vision and Pattern Recognition},
  pages={324--333},
  year={2021}
}
@inproceedings{chen20203d,
  title={3d sketch-aware semantic scene completion via semi-supervised structure prior},
  author={Chen, Xiaokang and Lin, Kwan-Yee and Qian, Chen and Zeng, Gang and Li, Hongsheng},
  booktitle={IEEE/CVF Conference on Computer Vision and Pattern Recognition},
  pages={4193--4202},
  year={2020}
}
@inproceedings{li2023proxyformer,
  title={ProxyFormer: Proxy Alignment Assisted Point Cloud Completion with Missing Part Sensitive Transformer},
  author={Li, Shanshan and Gao, Pan and Tan, Xiaoyang and Wei, Mingqiang},
  booktitle={IEEE/CVF Conference on Computer Vision and Pattern Recognition},
  pages={9466--9475},
  year={2023}
}
@inproceedings{chen2023anchorformer,
  title={AnchorFormer: Point Cloud Completion From Discriminative Nodes},
  author={Chen, Zhikai and Long, Fuchen and Qiu, Zhaofan and Yao, Ting and Zhou, Wengang and Luo, Jiebo and Mei, Tao},
  booktitle={IEEE/CVF Conference on Computer Vision and Pattern Recognition},
  pages={13581--13590},
  year={2023}
}
@inproceedings{fu2023vapcnet,
  title={VAPCNet: Viewpoint-Aware 3D Point Cloud Completion},
  author={Fu, Zhiheng and Wang, Longguang and Xu, Lian and Wang, Zhiyong and Laga, Hamid and Guo, Yulan and Boussaid, Farid and Bennamoun, Mohammed},
  booktitle={IEEE/CVF International Conference on Computer Vision},
  pages={12108--12118},
  year={2023}
}
@article{DBLP:journals/ijcv/ZhangLXNZTL23,
  author       = {Shengping Zhang and
                  Xianzhu Liu and
                  Haozhe Xie and
                  Liqiang Nie and
                  Huiyu Zhou and
                  Dacheng Tao and
                  Xuelong Li},
  title        = {Learning Geometric Transformation for Point Cloud Completion},
  journal      = {International Journal of Computer Vision},
  volume       = {131},
  number       = {9},
  pages        = {2425--2445},
  year         = {2023}
}
@ARTICLE{10097548,
  author={Xu, Mingye and Wang, Yali and Liu, Yihao and He, Tong and Qiao, Yu},
  journal={IEEE Transactions on Pattern Analysis and Machine Intelligence}, 
  title={CP3: Unifying Point Cloud Completion by Pretrain-Prompt-Predict Paradigm}, 
  year={2023},
  volume={45},
  number={8},
  pages={9583-9594}
  }
@ARTICLE{10232862,
  author={Yu, Xumin and Rao, Yongming and Wang, Ziyi and Lu, Jiwen and Zhou, Jie},
  journal={IEEE Transactions on Pattern Analysis and Machine Intelligence}, 
  title={AdaPoinTr: Diverse Point Cloud Completion With Adaptive Geometry-Aware Transformers}, 
  year={2023},
  volume={45},
  number={12},
  pages={14114-14130}
}
@inproceedings{yuan2018pcn,
  title={Pcn: Point completion network},
  author={Yuan, Wentao and Khot, Tejas and Held, David and Mertz, Christoph and Hebert, Martial},
  booktitle={International Conference on 3D Vision},
  pages={728--737},
  year={2018}
}
@inproceedings{tchapmi2019topnet,
  title={Topnet: Structural point cloud decoder},
  author={Tchapmi, Lyne P and Kosaraju, Vineet and Rezatofighi, Hamid and Reid, Ian and Savarese, Silvio},
  booktitle={IEEE/CVF Conference on Computer Vision and Pattern Recognition},
  pages={383--392},
  year={2019}
}
@inproceedings{yang2018foldingnet,
  title={Foldingnet: Point cloud auto-encoder via deep grid deformation},
  author={Yang, Yaoqing and Feng, Chen and Shen, Yiru and Tian, Dong},
  booktitle={IEEE/CVF Conference on Computer Vision and Pattern Recognition},
  pages={206--215},
  year={2018}
}
@article{wu2021balanced,
  title={Balanced chamfer distance as a comprehensive metric for point cloud completion},
  author={Wu, Tong and Pan, Liang and Zhang, Junzhe and Wang, Tai and Liu, Ziwei and Lin, Dahua},
  journal={Advances in Neural Information Processing Systems},
  volume={34},
  pages={29088--29100},
  year={2021}
}
@article{pan2020ecg,
  title={ECG: Edge-aware point cloud completion with graph convolution},
  author={Pan, Liang},
  journal={IEEE Robotics and Automation Letters},
  volume={5},
  number={3},
  pages={4392--4398},
  year={2020}
}
@inproceedings{huang2020pf,
  title={Pf-net: Point fractal network for 3d point cloud completion},
  author={Huang, Zitian and Yu, Yikuan and Xu, Jiawen and Ni, Feng and Le, Xinyi},
  booktitle={IEEE/CVF Conference on Computer Vision and Pattern Recognition},
  pages={7662--7670},
  year={2020}
}
@inproceedings{zhang2021point,
  title={Point cloud semantic scene completion from rgb-d images},
  author={Zhang, Shoulong and Li, Shuai and Hao, Aimin and Qin, Hong},
  booktitle={AAAI Conference on Artificial Intelligence},
  volume={35},
  number={4},
  pages={3385--3393},
  year={2021}
}
@inproceedings{xu2023casfusionnet,
  title={Casfusionnet: A cascaded network for point cloud semantic scene completion by dense feature fusion},
  author={Xu, Jinfeng and Li, Xianzhi and Tang, Yuan and Yu, Qiao and Hao, Yixue and Hu, Long and Chen, Min},
  booktitle={AAAI Conference on Artificial Intelligence},
  volume={37},
  number={3},
  pages={3018--3026},
  year={2023}
}
@inproceedings{wang2020cascaded,
  title={Cascaded refinement network for point cloud completion},
  author={Wang, Xiaogang and Ang Jr, Marcelo H and Lee, Gim Hee},
  booktitle={IEEE/CVF Conference on Computer Vision and Pattern Recognition},
  pages={790--799},
  year={2020}
}
@InProceedings{Firman_2016_CVPR,
author = {Firman, Michael and Mac Aodha, Oisin and Julier, Simon and Brostow, Gabriel J.},
title = {Structured Prediction of Unobserved Voxels From a Single Depth Image},
booktitle = {IEEE Conference on Computer Vision and Pattern Recognition},
pages={5431--5440},
year = {2016}
}
@inproceedings{xie2020grnet,
  title={Grnet: Gridding residual network for dense point cloud completion},
  author={Xie, Haozhe and Yao, Hongxun and Zhou, Shangchen and Mao, Jiageng and Zhang, Shengping and Sun, Wenxiu},
  booktitle={European Conference on Computer Vision},
  pages={365--381},
  year={2020}
}
@inproceedings{wen2020point,
  title={Point cloud completion by skip-attention network with hierarchical folding},
  author={Wen, Xin and Li, Tianyang and Han, Zhizhong and Liu, Yu-Shen},
  booktitle={IEEE/CVF Conference on Computer Vision and Pattern Recognition},
  pages={1939--1948},
  year={2020}
}
@inproceedings{zhang2020detail,
  title={Detail preserved point cloud completion via separated feature aggregation},
  author={Zhang, Wenxiao and Yan, Qingan and Xiao, Chunxia},
  booktitle={European Conference on Computer Vision},
  pages={512--528},
  year={2020}
}
@inproceedings{liu2020morphing,
  title={Morphing and sampling network for dense point cloud completion},
  author={Liu, Minghua and Sheng, Lu and Yang, Sheng and Shao, Jing and Hu, Shi-Min},
  booktitle={AAAI conference on artificial intelligence},
  volume={34},
  number={07},
  pages={11596--11603},
  year={2020}
}
@inproceedings{wen2021pmp,
  title={Pmp-net: Point cloud completion by learning multi-step point moving paths},
  author={Wen, Xin and Xiang, Peng and Han, Zhizhong and Cao, Yan-Pei and Wan, Pengfei and Zheng, Wen and Liu, Yu-Shen},
  booktitle={IEEE/CVF Conference on Computer Vision and Pattern Recognition},
  pages={7443--7452},
  year={2021}
}
@inproceedings{xie2021style,
  title={Style-based point generator with adversarial rendering for point cloud completion},
  author={Xie, Chulin and Wang, Chuxin and Zhang, Bo and Yang, Hao and Chen, Dong and Wen, Fang},
  booktitle={IEEE/CVF Conference on Computer Vision and Pattern Recognition},
  pages={4619--4628},
  year={2021}
}

@ARTICLE{zhu2023csdn,
  author={Zhu, Zhe and Nan, Liangliang and Xie, Haoran and Chen, Honghua and Wang, Jun and Wei, Mingqiang and Qin, Jing},
  journal={IEEE Transactions on Visualization and Computer Graphics}, 
  title={CSDN: Cross-Modal Shape-Transfer Dual-Refinement Network for Point Cloud Completion}, 
  year={2024},
  volume={30},
  number={7},
  pages={3545-3563},
  doi={10.1109/TVCG.2023.3236061}}


@ARTICLE{10106495,
  author={Pan, Liang and Chen, Xinyi and Cai, Zhongang and Zhang, Junzhe and Zhao, Haiyu and Yi, Shuai and Liu, Ziwei},
  journal={IEEE Transactions on Pattern Analysis and Machine Intelligence}, 
  title={Variational Relational Point Completion Network for Robust 3D Classification}, 
  year={2023},
  volume={45},
  number={9},
  pages={11340-11351}
  }
@ARTICLE{9928787,
  author={Xiang, Peng and Wen, Xin and Liu, Yu-Shen and Cao, Yan-Pei and Wan, Pengfei and Zheng, Wen and Han, Zhizhong},
  journal={IEEE Transactions on Pattern Analysis and Machine Intelligence}, 
  title={Snowflake Point Deconvolution for Point Cloud Completion and Generation With Skip-Transformer}, 
  year={2023},
  volume={45},
  number={5},
  pages={6320-6338}
}

@inproceedings{yu2021pointr,
  title={Pointr: Diverse point cloud completion with geometry-aware transformers},
  author={Yu, Xumin and Rao, Yongming and Wang, Ziyi and Liu, Zuyan and Lu, Jiwen and Zhou, Jie},
  booktitle={IEEE/CVF International Conference on Computer Vision},
  pages={12498--12507},
  year={2021}
}
@inproceedings{zhang2021view,
  title={View-Guided Point Cloud Completion},
  author={Zhang, Xuancheng and Feng, Yutong and Li, Siqi and Zou, Changqing and Wan, Hai and Zhao, Xibin and Guo, Yandong and Gao, Yue},
  booktitle={IEEE/CVF Conference on Computer Vision and Pattern Recognition},
  pages={15890--15899},
  year={2021}
}
@inproceedings{aiello2022crossmodal,
	title = {Cross-modal {Learning} for {Image}-{Guided} {Point} {Cloud} {Shape} {Completion}},
	volume = {35},
	booktitle = {Advances in {Neural} {Information} {Processing} {Systems}},
	author = {Aiello, Emanuele and Valsesia, Diego and Magli, Enrico},
	year = {2022},
	pages = {37349--37362},
}
@inproceedings{tang2022lake,
  title={LAKe-Net: Topology-Aware Point Cloud Completion by Localizing Aligned Keypoints},
  author={Tang, Junshu and Gong, Zhijun and Yi, Ran and Xie, Yuan and Ma, Lizhuang},
  booktitle={IEEE/CVF Conference on Computer Vision and Pattern Recognition},
  pages={1726--1735},
  year={2022}
}
@inproceedings{wang2021voxel,
  title={Voxel-based network for shape completion by leveraging edge generation},
  author={Wang, Xiaogang and Ang, Marcelo H and Lee, Gim Hee},
  booktitle={IEEE/CVF International Conference on Computer Vision},
  pages={13189--13198},
  year={2021}
}
@inproceedings{wang2022learning,
  title={Learning Local Displacements for Point Cloud Completion},
  author={Wang, Yida and Tan, David Joseph and Navab, Nassir and Tombari, Federico},
  booktitle={IEEE/CVF Conference on Computer Vision and Pattern Recognition},
  pages={1568--1577},
  year={2022}
}
@article{yan2023pointssc,
  title={PointSSC: A Cooperative Vehicle-Infrastructure Point Cloud Benchmark for Semantic Scene Completion},
  author={Yan, Yuxiang and Liu, Boda and Ai, Jianfei and Li, Qinbu and Wan, Ru and Pu, Jian},
  journal={arXiv preprint arXiv:2309.12708},
  year={2023}
}
@inproceedings{zhang2022pointclip,
  title={Pointclip: Point cloud understanding by clip},
  author={Zhang, Renrui and Guo, Ziyu and Zhang, Wei and Li, Kunchang and Miao, Xupeng and Cui, Bin and Qiao, Yu and Gao, Peng and Li, Hongsheng},
  booktitle={IEEE/CVF Conference on Computer Vision and Pattern Recognition},
  pages={8552--8562},
  year={2022}
}
@InProceedings{PointCLIPV2,
    author    = {Zhu, Xiangyang and Zhang, Renrui and He, Bowei and Guo, Ziyu and Zeng, Ziyao and Qin, Zipeng and Zhang, Shanghang and Gao, Peng},
    title     = {PointCLIP V2: Prompting CLIP and GPT for Powerful 3D Open-world Learning},
    booktitle = {IEEE/CVF International Conference on Computer Vision},
    year      = {2023},
    pages     = {2639-2650}
}
@INPROCEEDINGS{5206848,
  author={Deng, Jia and Dong, Wei and Socher, Richard and Li, Li-Jia and Kai Li and Li Fei-Fei},
  booktitle={2009 IEEE Conference on Computer Vision and Pattern Recognition}, 
  title={ImageNet: A large-scale hierarchical image database}, 
  year={2009},
  volume={},
  number={},
  pages={248-255},
  doi={10.1109/CVPR.2009.5206848}}

@ARTICLE{SCRN,
  author={Wang, Xiaogang and Ang, Marcelo H. and Lee, Gim Hee},
  journal={IEEE Transactions on Pattern Analysis and Machine Intelligence}, 
  title={Cascaded Refinement Network for Point Cloud Completion With Self-Supervision}, 
  year={2022},
  volume={44},
  number={11},
  pages={8139-8150}
}

@inproceedings{radford2021learning,
  title={Learning transferable visual models from natural language supervision},
  author={Radford, Alec and Kim, Jong Wook and Hallacy, Chris and Ramesh, Aditya and Goh, Gabriel and Agarwal, Sandhini and Sastry, Girish and Askell, Amanda and Mishkin, Pamela and Clark, Jack and others},
  booktitle={International conference on machine learning},
  pages={8748--8763},
  year={2021}
}
@article{wang2022pointattn,
  title={PointAttN: You Only Need Attention for Point Cloud Completion},
  author={Wang, Jun and Cui, Ying and Guo, Dongyan and Li, Junxia and Liu, Qingshan and Shen, Chunhua},
  journal={arXiv preprint arXiv:2203.08485},
  year={2022}
}
@article{su2023point,
  title={Point cloud completion via structured feature maps using a feedback network},
  author={Su, Zejia and Huang, Haibin and Ma, Chongyang and Huang, Hui and Hu, Ruizhen},
  journal={Computational Visual Media},
  volume={9},
  number={1},
  pages={71--85},
  year={2023},
  publisher={Springer}
}
@ARTICLE{wen2022pmp,
  author={Wen, Xin and Xiang, Peng and Han, Zhizhong and Cao, Yan-Pei and Wan, Pengfei and Zheng, Wen and Liu, Yu-Shen},
  journal={IEEE Transactions on Pattern Analysis and Machine Intelligence}, 
  title={PMP-Net++: Point Cloud Completion by Transformer-Enhanced Multi-Step Point Moving Paths}, 
  year={2023},
  volume={45},
  number={1},
  pages={852-867}
}

@InProceedings{zero123,
    author    = {Liu, Ruoshi and Wu, Rundi and Van Hoorick, Basile and Tokmakov, Pavel and Zakharov, Sergey and Vondrick, Carl},
    title     = {Zero-1-to-3: Zero-shot One Image to 3D Object},
    booktitle = {IEEE/CVF International Conference on Computer Vision},
    year      = {2023},
    pages     = {9298-9309}
}
@InProceedings{lama,
    author    = {Suvorov, Roman and Logacheva, Elizaveta and Mashikhin, Anton and Remizova, Anastasia and Ashukha, Arsenii and Silvestrov, Aleksei and Kong, Naejin and Goka, Harshith and Park, Kiwoong and Lempitsky, Victor},
    title     = {Resolution-Robust Large Mask Inpainting With Fourier Convolutions},
    booktitle = {IEEE/CVF Winter Conference on Applications of Computer Vision},
    year      = {2022},
    pages     = {2149-2159}
}
@InProceedings{latentdiffusion,
    author    = {Rombach, Robin and Blattmann, Andreas and Lorenz, Dominik and Esser, Patrick and Ommer, Bj\"orn},
    title     = {High-Resolution Image Synthesis With Latent Diffusion Models},
    booktitle = {IEEE/CVF Conference on Computer Vision and Pattern Recognition},
    year      = {2022},
    pages     = {10684-10695}
}
@inproceedings{yan2022fbnet,
  title={Fbnet: Feedback network for point cloud completion},
  author={Yan, Xuejun and Yan, Hongyu and Wang, Jingjing and Du, Hang and Wu, Zhihong and Xie, Di and Pu, Shiliang and Lu, Li},
  booktitle={European Conference on Computer Vision},
  pages={676--693},
  year={2022}
}
@inproceedings{zhang2022shape,
  title={Shape Completion with Points in the Shadow},
  author={Zhang, Bowen and Zhao, Xi and Wang, He and Hu, Ruizhen},
  booktitle={SIGGRAPH Asia 2022 Conference Papers},
  pages={1--9},
  year={2022}
}
@article{huang2022spovt,
  title={SPoVT: Semantic-Prototype Variational Transformer for Dense Point Cloud Semantic Completion},
  author={Huang, Sheng Yu and Hsu, Hao-Yu and Wang, Frank},
  journal={Advances in Neural Information Processing Systems},
  volume={35},
  pages={33934--33946},
  year={2022}
}
@ARTICLE{zhang2022point,
  author={Zhang, Wenxiao and Zhou, Huajian and Dong, Zhen and Liu, Jun and Yan, Qingan and Xiao, Chunxia},
  journal={IEEE Transactions on Visualization and Computer Graphics}, 
  title={Point Cloud Completion Via Skeleton-Detail Transformer}, 
  year={2023},
  volume={29},
  number={10},
  pages={4229-4242}
}

@inproceedings{zhou2022seedformer,
  title={SeedFormer: Patch Seeds Based Point Cloud Completion with Upsample Transformer},
  author={Zhou, Haoran and Cao, Yun and Chu, Wenqing and Zhu, Junwei and Lu, Tong and Tai, Ying and Wang, Chengjie},
  booktitle={European Conference on Computer Vision},
  pages={416--432},
  year={2022}
}
@inproceedings{qi2017pointnet,
  title={Pointnet: Deep learning on point sets for 3d classification and segmentation},
  author={Qi, Charles R and Su, Hao and Mo, Kaichun and Guibas, Leonidas J},
  booktitle={IEEE/CVF Conference on Computer Vision and Pattern Recognition},
  pages={652--660},
  year={2017}
}
@InProceedings{SAM,
    author    = {Kirillov, Alexander and Mintun, Eric and Ravi, Nikhila and Mao, Hanzi and Rolland, Chloe and Gustafson, Laura and Xiao, Tete and Whitehead, Spencer and Berg, Alexander C. and Lo, Wan-Yen and Dollar, Piotr and Girshick, Ross},
    title     = {Segment Anything},
    booktitle = {IEEE/CVF International Conference on Computer Vision},
    year      = {2023},
    pages     = {4015-4026}
}
@InProceedings{controlnet,
    author    = {Zhang, Lvmin and Rao, Anyi and Agrawala, Maneesh},
    title     = {Adding Conditional Control to Text-to-Image Diffusion Models},
    booktitle = {IEEE/CVF International Conference on Computer Vision},
    year      = {2023},
    pages     = {3836-3847}
}
@article{inpaintanything,
  title={Inpaint anything: Segment anything meets image inpainting},
  author={Yu, Tao and Feng, Runseng and Feng, Ruoyu and Liu, Jinming and Jin, Xin and Zeng, Wenjun and Chen, Zhibo},
  journal={arXiv preprint arXiv:2304.06790},
  year={2023}
}
@article{qi2017pointnet++,
  title={Pointnet++: Deep hierarchical feature learning on point sets in a metric space},
  author={Qi, Charles Ruizhongtai and Yi, Li and Su, Hao and Guibas, Leonidas J},
  journal={Advances in Neural Information Processing Systems},
  volume={30},
  year={2017}
}
@article{wang2019dynamic,
  title={Dynamic graph cnn for learning on point clouds},
  author={Wang, Yue and Sun, Yongbin and Liu, Ziwei and Sarma, Sanjay E and Bronstein, Michael M and Solomon, Justin M},
  journal={Acm Transactions On Graphics},
  volume={38},
  number={5},
  pages={1--12},
  year={2019}
}

@ARTICLE{AGConv,
  author={Wei, Mingqiang and Wei, Zeyong and Zhou, Haoran and Hu, Fei and Si, Huajian and Chen, Zhilei and Zhu, Zhe and Qiu, Jingbo and Yan, Xuefeng and Guo, Yanwen and Wang, Jun and Qin, Jing},
  journal={IEEE Transactions on Pattern Analysis and Machine Intelligence}, 
  title={AGConv: Adaptive Graph Convolution on 3D Point Clouds}, 
  year={2023},
  volume={45},
  number={8},
  pages={9374-9392}
}

@inproceedings{zhao2021point,
  title={Point transformer},
  author={Zhao, Hengshuang and Jiang, Li and Jia, Jiaya and Torr, Philip HS and Koltun, Vladlen},
  booktitle={IEEE/CVF International Conference on Computer Vision},
  pages={16259--16268},
  year={2021}
}
@inproceedings{zhao2021sign,
  title={Sign-agnostic implicit learning of surface self-similarities for shape modeling and reconstruction from raw point clouds},
  author={Zhao, Wenbin and Lei, Jiabao and Wen, Yuxin and Zhang, Jianguo and Jia, Kui},
  booktitle={IEEE/CVF Conference on Computer Vision and Pattern Recognition},
  pages={10256--10265},
  year={2021}
}
@article{vaswani2017attention,
  title={Attention is all you need},
  author={Vaswani, Ashish and Shazeer, Noam and Parmar, Niki and Uszkoreit, Jakob and Jones, Llion and Gomez, Aidan N and Kaiser, {\L}ukasz and Polosukhin, Illia},
  journal={Advances in Neural Information Processing Systems},
  volume={30},
  year={2017}
}
@inproceedings{dai2017shape,
  title={Shape completion using 3d-encoder-predictor cnns and shape synthesis},
  author={Dai, Angela and Ruizhongtai Qi, Charles and Nie{\ss}ner, Matthias},
  booktitle={IEEE/CVF Conference on Computer Vision and Pattern Recognition},
  pages={5868--5877},
  year={2017}
}
@inproceedings{han2017high,
  title={High-resolution shape completion using deep neural networks for global structure and local geometry inference},
  author={Han, Xiaoguang and Li, Zhen and Huang, Haibin and Kalogerakis, Evangelos and Yu, Yizhou},
  booktitle={IEEE/CVF International Conference on Computer Vision},
  pages={85--93},
  year={2017}
}
@inproceedings{stutz2018learning,
  title={Learning 3d shape completion from laser scan data with weak supervision},
  author={Stutz, David and Geiger, Andreas},
  booktitle={IEEE Conference on Computer Vision and Pattern Recognition},
  pages={1955--1964},
  year={2018}
}
@inproceedings{varley2017shape,
  title={Shape completion enabled robotic grasping},
  author={Varley, Jacob and DeChant, Chad and Richardson, Adam and Ruales, Joaqu{\'\i}n and Allen, Peter},
  booktitle={IEEE/RSJ International Conference on Intelligent Robots and Systems},
  pages={2442--2447},
  year={2017}
}
@inproceedings{su2015multi,
  title={Multi-view convolutional neural networks for 3d shape recognition},
  author={Su, Hang and Maji, Subhransu and Kalogerakis, Evangelos and Learned-Miller, Erik},
  booktitle={IEEE International Conference on Computer Vision},
  pages={945--953},
  year={2015}
}
@inproceedings{feng2018gvcnn,
  title={Gvcnn: Group-view convolutional neural networks for 3d shape recognition},
  author={Feng, Yifan and Zhang, Zizhao and Zhao, Xibin and Ji, Rongrong and Gao, Yue},
  booktitle={IEEE Conference on Computer Vision and Pattern Recognition},
  pages={264--272},
  year={2018}
}
@article{han20193d2seqviews,
  title={3D2SeqViews: Aggregating sequential views for 3D global feature learning by CNN with hierarchical attention aggregation},
  author={Han, Zhizhong and Lu, Honglei and Liu, Zhenbao and Vong, Chi-Man and Liu, Yu-Shen and Zwicker, Matthias and Han, Junwei and Chen, CL Philip},
  journal={IEEE Transactions on Image Processing},
  volume={28},
  number={8},
  pages={3986--3999},
  year={2019}
}
@inproceedings{dai2018siamese,
  title={Siamese cnn-bilstm architecture for 3D shape representation learning},
  author={Dai, Guoxian and Xie, Jin and Fang, Yi},
  booktitle={IJCAI},
  pages={670--676},
  year={2018}
}
@inproceedings{yang2019learning,
  title={Learning relationships for multi-view 3D object recognition},
  author={Yang, Ze and Wang, Liwei},
  booktitle={IEEE/CVF International Conference on Computer Vision},
  pages={7505--7514},
  year={2019}
}
@ARTICLE{wei2022learning,
  author={Wei, Xin and Yu, Ruixuan and Sun, Jian},
  journal={IEEE Transactions on Pattern Analysis and Machine Intelligence}, 
  title={Learning View-Based Graph Convolutional Network for Multi-View 3D Shape Analysis}, 
  year={2023},
  volume={45},
  number={6},
  pages={7525-7541}
}

@inproceedings{clip2scene,
  title={CLIP2Scene: Towards Label-efficient 3D Scene Understanding by CLIP},
  author={Chen, Runnan and Liu, Youquan and Kong, Lingdong and Zhu, Xinge and Ma, Yuexin and Li, Yikang and Hou, Yuenan and Qiao, Yu and Wang, Wenping},
  booktitle={IEEE/CVF Conference on Computer Vision and Pattern Recognition},
  pages={7020--7030},
  year={2023}
}
@InProceedings{I2PMAE,
    author    = {Zhang, Renrui and Wang, Liuhui and Qiao, Yu and Gao, Peng and Li, Hongsheng},
    title     = {Learning 3D Representations From 2D Pre-Trained Models via Image-to-Point Masked Autoencoders},
    booktitle = {IEEE/CVF Conference on Computer Vision and Pattern Recognition},
    year      = {2023},
    pages     = {21769-21780}
}
@inproceedings{jointMAE,
  title     = {Joint-MAE: 2D-3D Joint Masked Autoencoders for 3D Point Cloud Pre-training},
  author    = {Guo, Ziyu and Zhang, Renrui and Qiu, Longtian and Li, Xianzhi and Heng, Pheng-Ann},
  booktitle = {Thirty-Second International Joint Conference on
               Artificial Intelligence},
  pages     = {791--799},
  year      = {2023},
}
@article{guo2021pct,
  title={Pct: Point cloud transformer},
  author={Guo, Meng-Hao and Cai, Jun-Xiong and Liu, Zheng-Ning and Mu, Tai-Jiang and Martin, Ralph R and Hu, Shi-Min},
  journal={Computational Visual Media},
  volume={7},
  number={2},
  pages={187--199},
  year={2021}
}
@article{wu2022point,
  title={Point Transformer V2: Grouped Vector Attention and Partition-based Pooling},
  author={Wu, Xiaoyang and Lao, Yixing and Jiang, Li and Liu, Xihui and Zhao, Hengshuang},
  journal={arXiv preprint arXiv:2210.05666},
  year={2022}
}
@inproceedings{he2016deep,
  title={Deep residual learning for image recognition},
  author={He, Kaiming and Zhang, Xiangyu and Ren, Shaoqing and Sun, Jian},
  booktitle={IEEE Conference on Computer Vision and Pattern Recognition},
  pages={770--778},
  year={2016}
}
@inproceedings{huang2021predator,
  title={Predator: Registration of 3d point clouds with low overlap},
  author={Huang, Shengyu and Gojcic, Zan and Usvyatsov, Mikhail and Wieser, Andreas and Schindler, Konrad},
  booktitle={IEEE/CVF Conference on Computer Vision and Pattern Recognition},
  pages={4267--4276},
  year={2021}
}
@inproceedings{qin2022geometric,
  title={Geometric transformer for fast and robust point cloud registration},
  author={Qin, Zheng and Yu, Hao and Wang, Changjian and Guo, Yulan and Peng, Yuxing and Xu, Kai},
  booktitle={IEEE/CVF Conference on Computer Vision and Pattern Recognition},
  pages={11143--11152},
  year={2022}
}
@article{guo2019star,
  title={Star-transformer},
  author={Guo, Qipeng and Qiu, Xipeng and Liu, Pengfei and Shao, Yunfan and Xue, Xiangyang and Zhang, Zheng},
  journal={arXiv preprint arXiv:1902.09113},
  year={2019}
}
@article{chang2015shapenet,
  title={Shapenet: An information-rich 3d model repository},
  author={Chang, Angel X and Funkhouser, Thomas and Guibas, Leonidas and Hanrahan, Pat and Huang, Qixing and Li, Zimo and Savarese, Silvio and Savva, Manolis and Song, Shuran and Su, Hao and others},
  journal={arXiv preprint arXiv:1512.03012},
  year={2015}
}
@article{geiger2013vision,
  title={Vision meets robotics: The kitti dataset},
  author={Geiger, Andreas and Lenz, Philip and Stiller, Christoph and Urtasun, Raquel},
  journal={The International Journal of Robotics Research},
  volume={32},
  number={11},
  pages={1231--1237},
  year={2013}
}
@inproceedings{dai2017scannet,
  title={Scannet: Richly-annotated 3d reconstructions of indoor scenes},
  author={Dai, Angela and Chang, Angel X and Savva, Manolis and Halber, Maciej and Funkhouser, Thomas and Nie{\ss}ner, Matthias},
  booktitle={IEEE/CVF Conference on Computer Vision and Pattern Recognition},
  pages={5828--5839},
  year={2017}
}
@inproceedings{DBLP:conf/naacl/DevlinCLT19,
  author    = {Jacob Devlin and
               Ming{-}Wei Chang and
               Kenton Lee and
               Kristina Toutanova},
  title     = {{BERT:} Pre-training of Deep Bidirectional Transformers for Language
               Understanding},
  booktitle = {{NAACL-HLT} {(1)}},
  pages     = {4171--4186},
  year      = {2019}
}
@inproceedings{chen2021unsupervised,
  title={Unsupervised learning of fine structure generation for 3d point clouds by 2d projections matching},
  author={Chen, Chao and Han, Zhizhong and Liu, Yu-Shen and Zwicker, Matthias},
  booktitle={IEEE/CVF international Conference on Computer Vision},
  pages={12466--12477},
  year={2021}
}
@inproceedings{cao2022point,
  title={Point Cloud Completion via Multi-Scale Edge Convolution and Attention},
  author={Cao, Rui and Zhang, Kaiyi and Chen, Yang and Yang, Ximing and Jin, Cheng},
  booktitle={ACM International Conference on Multimedia},
  pages={6183--6192},
  year={2022}
}
@inproceedings{you2018pvnet,
  title={Pvnet: A joint convolutional network of point cloud and multi-view for 3d shape recognition},
  author={You, Haoxuan and Feng, Yifan and Ji, Rongrong and Gao, Yue},
  booktitle={ACM International Conference on Multimedia},
  pages={1310--1318},
  year={2018}
}
@inproceedings{you2019pvrnet,
  title={PVRNet: Point-view relation neural network for 3D shape recognition},
  author={You, Haoxuan and Feng, Yifan and Zhao, Xibin and Zou, Changqing and Ji, Rongrong and Gao, Yue},
  booktitle={AAAI conference on artificial intelligence},
  volume={33},
  number={01},
  pages={9119--9126},
  year={2019}
}
@article{paszke2019pytorch,
  title={Pytorch: An imperative style, high-performance deep learning library},
  author={Paszke, Adam and Gross, Sam and Massa, Francisco and Lerer, Adam and Bradbury, James and Chanan, Gregory and Killeen, Trevor and Lin, Zeming and Gimelshein, Natalia and Antiga, Luca and others},
  journal={Advances in Neural Information Processing Systems},
  volume={32},
  year={2019}
}
@article{kingma2014adam,
  title={Adam: A method for stochastic optimization},
  author={Kingma, Diederik P and Ba, Jimmy},
  journal={arXiv preprint arXiv:1412.6980},
  year={2014}
}

@InProceedings{hu2019render4completion,
author = {Hu, Tao and Han, Zhizhong and Shrivastava, Abhinav and Zwicker, Matthias},
title = {Render4Completion: Synthesizing Multi-View Depth Maps for 3D Shape Completion},
booktitle = {IEEE/CVF International Conference on Computer Vision},
year = {2019}
}

@inproceedings{wen2021cycle4completion,
  title={Cycle4completion: Unpaired point cloud completion using cycle transformation with missing region coding},
  author={Wen, Xin and Han, Zhizhong and Cao, Yan-Pei and Wan, Pengfei and Zheng, Wen and Liu, Yu-Shen},
  booktitle={IEEE/CVF Conference on Computer Vision and Pattern Recognition},
  pages={13080--13089},
  year={2021}
}
@inproceedings{
dosovitskiy2021an,
title={An Image is Worth 16x16 Words: Transformers for Image Recognition at Scale},
author={Alexey Dosovitskiy and Lucas Beyer and Alexander Kolesnikov and Dirk Weissenborn and Xiaohua Zhai and Thomas Unterthiner and Mostafa Dehghani and Matthias Minderer and Georg Heigold and Sylvain Gelly and Jakob Uszkoreit and Neil Houlsby},
booktitle={International Conference on Learning Representations},
year={2021}
}

@article{matterport3d,
  title={Matterport3d: Learning from rgb-d data in indoor environments},
  author={Chang, Angel and Dai, Angela and Funkhouser, Thomas and Halber, Maciej and Niessner, Matthias and Savva, Manolis and Song, Shuran and Zeng, Andy and Zhang, Yinda},
  journal={arXiv preprint arXiv:1709.06158},
  year={2017}
}
@article{dinov2,
  title={DINOv2: Learning Robust Visual Features without Supervision},
  author={Oquab, Maxime and Darcet, Timoth{\'e}e and Moutakanni, Th{\'e}o and Vo, Huy and Szafraniec, Marc and Khalidov, Vasil and Fernandez, Pierre and Haziza, Daniel and Massa, Francisco and El-Nouby, Alaaeldin and others},
  journal={Transactions on Machine Learning Research Journal},
  pages={1--31},
  year={2024}
}
@article{sf3d2024,
  title={Sf3d: Stable fast 3d mesh reconstruction with uv-unwrapping and illumination disentanglement},
  author={Boss, Mark and Huang, Zixuan and Vasishta, Aaryaman and Jampani, Varun},
  journal={arXiv preprint arXiv:2408.00653},
  year={2024}
}
@article{xu2024instantmesh,
  title={InstantMesh: Efficient 3D Mesh Generation from a Single Image with Sparse-view Large Reconstruction Models},
  author={Xu, Jiale and Cheng, Weihao and Gao, Yiming and Wang, Xintao and Gao, Shenghua and Shan, Ying},
  journal={arXiv preprint arXiv:2404.07191},
  year={2024}
}
@article{li2024craftsman,
  title={CraftsMan: High-fidelity Mesh Generation with 3D Native Generation and Interactive Geometry Refiner},
  author={Li, Weiyu and Liu, Jiarui and Chen, Rui and Liang, Yixun and Chen, Xuelin and Tan, Ping and Long, Xiaoxiao},
  journal={arXiv preprint arXiv:2405.14979},
  year={2024}
}
@inproceedings{yao2023ndc,
  title={Ndc-scene: Boost monocular 3d semantic scene completion in normalized device coordinates space},
  author={Yao, Jiawei and Li, Chuming and Sun, Keqiang and Cai, Yingjie and Li, Hao and Ouyang, Wanli and Li, Hongsheng},
  booktitle={IEEE/CVF International Conference on Computer Vision},
  pages={9421--9431},
  year={2023}
}
@inproceedings{jiang2024symphonize,
  title={Symphonize 3d semantic scene completion with contextual instance queries},
  author={Jiang, Haoyi and Cheng, Tianheng and Gao, Naiyu and Zhang, Haoyang and Lin, Tianwei and Liu, Wenyu and Wang, Xinggang},
  booktitle={IEEE/CVF Conference on Computer Vision and Pattern Recognition},
  pages={20258--20267},
  year={2024}
}
@article{objaverse,
  title={Objaverse: A Universe of Annotated 3D Objects},
  author={Matt Deitke and Dustin Schwenk and Jordi Salvador and Luca Weihs and
          Oscar Michel and Eli VanderBilt and Ludwig Schmidt and
          Kiana Ehsani and Aniruddha Kembhavi and Ali Farhadi},
  journal={arXiv preprint arXiv:2212.08051},
  year={2022}
}
@article{objaverseXL,
  title={Objaverse-XL: A Universe of 10M+ 3D Objects},
  author={Matt Deitke and Ruoshi Liu and Matthew Wallingford and Huong Ngo and
          Oscar Michel and Aditya Kusupati and Alan Fan and Christian Laforte and
          Vikram Voleti and Samir Yitzhak Gadre and Eli VanderBilt and
          Aniruddha Kembhavi and Carl Vondrick and Georgia Gkioxari and
          Kiana Ehsani and Ludwig Schmidt and Ali Farhadi},
  journal={arXiv preprint arXiv:2307.05663},
  year={2023}
}
@inproceedings{yu2023mvimgnet,
  title={Mvimgnet: A large-scale dataset of multi-view images},
  author={Yu, Xianggang and Xu, Mutian and Zhang, Yidan and Liu, Haolin and Ye, Chongjie and Wu, Yushuang and Yan, Zizheng and Zhu, Chenming and Xiong, Zhangyang and Liang, Tianyou and others},
  booktitle={IEEE/CVF conference on computer vision and pattern recognition},
  pages={9150--9161},
  year={2023}
}
@article{kaplan2020scaling,
  title={Scaling laws for neural language models},
  author={Kaplan, Jared and McCandlish, Sam and Henighan, Tom and Brown, Tom B and Chess, Benjamin and Child, Rewon and Gray, Scott and Radford, Alec and Wu, Jeffrey and Amodei, Dario},
  journal={arXiv preprint arXiv:2001.08361},
  year={2020}
}
@article{choi2016large,
  title={A large dataset of object scans},
  author={Choi, Sungjoon and Zhou, Qian-Yi and Miller, Stephen and Koltun, Vladlen},
  journal={arXiv preprint arXiv:1602.02481},
  year={2016}
}
@inproceedings{
tang2024dreamgaussian,
title={DreamGaussian: Generative Gaussian Splatting for Efficient 3D Content Creation},
author={Jiaxiang Tang and Jiawei Ren and Hang Zhou and Ziwei Liu and Gang Zeng},
booktitle={The Twelfth International Conference on Learning Representations},
year={2024}
}
@inproceedings{wang2025crm,
  title={Crm: Single image to 3d textured mesh with convolutional reconstruction model},
  author={Wang, Zhengyi and Wang, Yikai and Chen, Yifei and Xiang, Chendong and Chen, Shuo and Yu, Dajiang and Li, Chongxuan and Su, Hang and Zhu, Jun},
  booktitle={European Conference on Computer Vision},
  pages={57--74},
  year={2024}
}

@article{chen2019multi,
  title={Multi-patch collaborative point cloud denoising via low-rank recovery with graph constraint},
  author={Chen, Honghua and Wei, Mingqiang and Sun, Yangxing and Xie, Xingyu and Wang, Jun},
  journal={IEEE transactions on visualization and computer graphics},
  volume={26},
  number={11},
  pages={3255--3270},
  year={2019},
  publisher={IEEE}
}

@article{chen2022repcd,
  title={Repcd-net: Feature-aware recurrent point cloud denoising network},
  author={Chen, Honghua and Wei, Zeyong and Li, Xianzhi and Xu, Yabin and Wei, Mingqiang and Wang, Jun},
  journal={International Journal of Computer Vision},
  volume={130},
  number={3},
  pages={615--629},
  year={2022},
  publisher={Springer}
}

@inproceedings{chen2022imlovenet,
  title={Imlovenet: Misaligned image-supported registration network for low-overlap point cloud pairs},
  author={Chen, Honghua and Wei, Zeyong and Xu, Yabin and Wei, Mingqiang and Wang, Jun},
  booktitle={ACM SIGGRAPH 2022 conference proceedings},
  pages={1--9},
  year={2022}
}

@inproceedings{zhou2020geometry,
  title={Geometry and learning co-supported normal estimation for unstructured point cloud},
  author={Zhou, Haoran and Chen, Honghua and Feng, Yidan and Wang, Qiong and Qin, Jing and Xie, Haoran and Wang, Fu Lee and Wei, Mingqiang and Wang, Jun},
  booktitle={Proceedings of the ieee/cvf conference on computer vision and pattern recognition},
  pages={13238--13247},
  year={2020}
}

@article{scpnet,
  author       = {Fei Hu and
                  Honghua Chen and
                  Xuequan Lu and
                  Zhe Zhu and
                  Jun Wang and
                  Weiming Wang and
                  Fu Lee Wang and
                  Mingqiang Wei},
  title        = {SPCNet: Stepwise Point Cloud Completion Network},
  journal      = {Comput. Graph. Forum},
  volume       = {41},
  number       = {7},
  pages        = {153--164},
  year         = {2022}
}
@article{lan2024ga,
  title={GaussianAnything: Interactive Point Cloud Latent Diffusion for 3D Generation},
  author={Lan, Yushi and Zhou, Shangchen and Lyu, Zhaoyang and Hong, Fangzhou and Yang, Shuai and Dai, Bo and Pan, Xingang and Loy, Chen Change},
  journal={arXiv preprint arXiv:2411.08033},
  year={2024}
}
@article{chen2024primx,
  title={3DTopia-XL: High-Quality 3D PBR Asset Generation via Primitive Diffusion},
  author={Chen, Zhaoxi and Tang, Jiaxiang and Dong, Yuhao and Cao, Ziang and Hong, Fangzhou and Lan, Yushi and Wang, Tengfei and Xie, Haozhe and Wu, Tong and Saito, Shunsuke and Pan, Liang and Lin, Dahua and Liu, Ziwei},
  journal={arXiv preprint arXiv:2409.12957},
  year={2024}
}
@article{zhang2024clay,
  title={CLAY: A Controllable Large-scale Generative Model for Creating High-quality 3D Assets},
  author={Zhang, Longwen and Wang, Ziyu and Zhang, Qixuan and Qiu, Qiwei and Pang, Anqi and Jiang, Haoran and Yang, Wei and Xu, Lan and Yu, Jingyi},
  journal={ACM Transactions on Graphics},
  volume={43},
  number={4},
  pages={1--20},
  year={2024}
}
@article{wei2024pcdreamer,
  title={PCDreamer: Point Cloud Completion Through Multi-view Diffusion Priors},
  author={Wei, Guangshun and Feng, Yuan and Ma, Long and Wang, Chen and Zhou, Yuanfeng and Li, Changjian},
  journal={arXiv preprint arXiv:2411.19036},
  year={2024}
}