@article{brock2018large,
  title={Large Scale GAN Training for High Fidelity Natural Image Synthesis},
  author={Brock, Andrew},
  journal={arXiv preprint arXiv:1809.11096},
  year={2018}
}

@inproceedings{corvi2023detection,
  title={On the detection of synthetic images generated by diffusion models},
  author={Corvi, Riccardo and Cozzolino, Davide and Zingarini, Giada and Poggi, Giovanni and Nagano, Koki and Verdoliva, Luisa},
  booktitle={ICASSP 2023-2023 IEEE International Conference on Acoustics, Speech and Signal Processing (ICASSP)},
  pages={1--5},
  year={2023},
  organization={IEEE}
}

@inproceedings{corvi2023intriguing,
  title={Intriguing properties of synthetic images: from generative adversarial networks to diffusion models},
  author={Corvi, Riccardo and Cozzolino, Davide and Poggi, Giovanni and Nagano, Koki and Verdoliva, Luisa},
  booktitle={Proceedings of the IEEE/CVF Conference on Computer Vision and Pattern Recognition},
  pages={973--982},
  year={2023}
}

@article{dhariwal2021diffusion,
  title={Diffusion models beat gans on image synthesis},
  author={Dhariwal, Prafulla and Nichol, Alexander},
  journal={Advances in neural information processing systems},
  volume={34},
  pages={8780--8794},
  year={2021}
}

@article{goodfellow2014generative,
  title={Generative adversarial nets},
  author={Goodfellow, Ian and Pouget-Abadie, Jean and Mirza, Mehdi and Xu, Bing and Warde-Farley, David and Ozair, Sherjil and Courville, Aaron and Bengio, Yoshua},
  journal={Advances in neural information processing systems},
  volume={27},
  year={2014}
}

@inproceedings{gu2022vector,
  title={Vector quantized diffusion model for text-to-image synthesis},
  author={Gu, Shuyang and Chen, Dong and Bao, Jianmin and Wen, Fang and Zhang, Bo and Chen, Dongdong and Yuan, Lu and Guo, Baining},
  booktitle={Proceedings of the IEEE/CVF conference on computer vision and pattern recognition},
  pages={10696--10706},
  year={2022}
}

@article{ho2020denoising,
  title={Denoising diffusion probabilistic models},
  author={Ho, Jonathan and Jain, Ajay and Abbeel, Pieter},
  journal={Advances in neural information processing systems},
  volume={33},
  pages={6840--6851},
  year={2020}
}

@article{karras2019style,
  title={A Style-Based Generator Architecture for Generative Adversarial Networks},
  author={Karras, Tero},
  journal={arXiv preprint arXiv:1812.04948},
  year={2019}
}

@article{kingma2013auto,
  title={Auto-encoding variational bayes},
  author={Kingma, Diederik P},
  journal={arXiv preprint arXiv:1312.6114},
  year={2013}
}

@inproceedings{li2020face,
  title={Face x-ray for more general face forgery detection},
  author={Li, Lingzhi and Bao, Jianmin and Zhang, Ting and Yang, Hao and Chen, Dong and Wen, Fang and Guo, Baining},
  booktitle={Proceedings of the IEEE/CVF conference on computer vision and pattern recognition},
  pages={5001--5010},
  year={2020}
}

@inproceedings{marra2019gans,
  title={Do gans leave artificial fingerprints?},
  author={Marra, Francesco and Gragnaniello, Diego and Verdoliva, Luisa and Poggi, Giovanni},
  booktitle={2019 IEEE conference on multimedia information processing and retrieval (MIPR)},
  pages={506--511},
  year={2019},
  organization={IEEE}
}

@inproceedings{mccloskey2019detecting,
  title={Detecting GAN-generated imagery using saturation cues},
  author={McCloskey, Scott and Albright, Michael},
  booktitle={2019 IEEE international conference on image processing (ICIP)},
  pages={4584--4588},
  year={2019},
  organization={IEEE}
}

@article{nichol2021glide,
  title={Glide: Towards photorealistic image generation and editing with text-guided diffusion models},
  author={Nichol, Alex and Dhariwal, Prafulla and Ramesh, Aditya and Shyam, Pranav and Mishkin, Pamela and McGrew, Bob and Sutskever, Ilya and Chen, Mark},
  journal={arXiv preprint arXiv:2112.10741},
  year={2021}
}

@inproceedings{ojha2023towards,
  title={Towards universal fake image detectors that generalize across generative models},
  author={Ojha, Utkarsh and Li, Yuheng and Lee, Yong Jae},
  booktitle={Proceedings of the IEEE/CVF Conference on Computer Vision and Pattern Recognition},
  pages={24480--24489},
  year={2023}
}

@article{ramesh2022hierarchical,
  title={Hierarchical text-conditional image generation with clip latents},
  author={Ramesh, Aditya and Dhariwal, Prafulla and Nichol, Alex and Chu, Casey and Chen, Mark},
  journal={arXiv preprint arXiv:2204.06125},
  volume={1},
  number={2},
  pages={3},
  year={2022}
}

@article{ricker2022towards,
  title={Towards the detection of diffusion model deepfakes},
  author={Ricker, Jonas and Damm, Simon and Holz, Thorsten and Fischer, Asja},
  journal={arXiv preprint arXiv:2210.14571},
  year={2022}
}

@inproceedings{rombach2022high,
  title={High-resolution image synthesis with latent diffusion models},
  author={Rombach, Robin and Blattmann, Andreas and Lorenz, Dominik and Esser, Patrick and Ommer, Bj{\"o}rn},
  booktitle={Proceedings of the IEEE/CVF conference on computer vision and pattern recognition},
  pages={10684--10695},
  year={2022}
}

@inproceedings{rossler2019faceforensics++,
  title={Faceforensics++: Learning to detect manipulated facial images},
  author={Rossler, Andreas and Cozzolino, Davide and Verdoliva, Luisa and Riess, Christian and Thies, Justus and Nie{\ss}ner, Matthias},
  booktitle={Proceedings of the IEEE/CVF international conference on computer vision},
  pages={1--11},
  year={2019}
}

@inproceedings{sha2024zerofake,
  title={ZeroFake: Zero-Shot Detection of Fake Images Generated and Edited by Text-to-Image Generation Models},
  author={Sha, Zeyang and Tan, Yicong and Li, Mingjie and Backes, Michael and Zhang, Yang},
  booktitle={Proceedings of the 2024 on ACM SIGSAC Conference on Computer and Communications Security},
  pages={4852--4866},
  year={2024}
}

@article{stein2024exposing,
  title={Exposing flaws of generative model evaluation metrics and their unfair treatment of diffusion models},
  author={Stein, George and Cresswell, Jesse and Hosseinzadeh, Rasa and Sui, Yi and Ross, Brendan and Villecroze, Valentin and Liu, Zhaoyan and Caterini, Anthony L and Taylor, Eric and Loaiza-Ganem, Gabriel},
  journal={Advances in Neural Information Processing Systems},
  volume={36},
  year={2024}
}

@inproceedings{wang2020cnn,
  title={CNN-generated images are surprisingly easy to spot... for now},
  author={Wang, Sheng-Yu and Wang, Oliver and Zhang, Richard and Owens, Andrew and Efros, Alexei A},
  booktitle={Proceedings of the IEEE/CVF conference on computer vision and pattern recognition},
  pages={8695--8704},
  year={2020}
}

@inproceedings{wang2023dire,
  title={Dire for diffusion-generated image detection},
  author={Wang, Zhendong and Bao, Jianmin and Zhou, Wengang and Wang, Weilun and Hu, Hezhen and Chen, Hong and Li, Houqiang},
  booktitle={Proceedings of the IEEE/CVF International Conference on Computer Vision},
  pages={22445--22455},
  year={2023}
}

@article{wang2024deepfake,
  title={Deepfake detection: A comprehensive survey from the reliability perspective},
  author={Wang, Tianyi and Liao, Xin and Chow, Kam Pui and Lin, Xiaodong and Wang, Yinglong},
  journal={ACM Computing Surveys},
  volume={57},
  number={3},
  pages={1--35},
  year={2024},
  publisher={ACM New York, NY}
}

@article{yan2023deepfakebench,
  title={Deepfakebench: A comprehensive benchmark of deepfake detection},
  author={Yan, Zhiyuan and Zhang, Yong and Yuan, Xinhang and Lyu, Siwei and Wu, Baoyuan},
  journal={arXiv preprint arXiv:2307.01426},
  year={2023}
}

@article{yu2015lsun,
  title={Lsun: Construction of a large-scale image dataset using deep learning with humans in the loop},
  author={Yu, Fisher and Seff, Ari and Zhang, Yinda and Song, Shuran and Funkhouser, Thomas and Xiao, Jianxiong},
  journal={arXiv preprint arXiv:1506.03365},
  year={2015}
}

@article{zhu2024genimage,
  title={Genimage: A million-scale benchmark for detecting ai-generated image},
  author={Zhu, Mingjian and Chen, Hanting and Yan, Qiangyu and Huang, Xudong and Lin, Guanyu and Li, Wei and Tu, Zhijun and Hu, Hailin and Hu, Jie and Wang, Yunhe},
  journal={Advances in Neural Information Processing Systems},
  volume={36},
  year={2024}
}

