@article{kingma2013auto,
  title={Auto-encoding variational bayes},
  author={Kingma, Diederik P},
  journal={arXiv preprint arXiv:1312.6114},
  year={2013}
}

@article{goodfellow2014generative,
  title={Generative adversarial nets},
  author={Goodfellow, Ian and Pouget-Abadie, Jean and Mirza, Mehdi and Xu, Bing and Warde-Farley, David and Ozair, Sherjil and Courville, Aaron and Bengio, Yoshua},
  journal={Advances in neural information processing systems},
  volume={27},
  year={2014}
}

@article{karras2019style,
  title={A Style-Based Generator Architecture for Generative Adversarial Networks},
  author={Karras, Tero},
  journal={arXiv preprint arXiv:1812.04948},
  year={2019}
}

@inproceedings{karras2020analyzing,
  title={Analyzing and improving the image quality of stylegan},
  author={Karras, Tero and Laine, Samuli and Aittala, Miika and Hellsten, Janne and Lehtinen, Jaakko and Aila, Timo},
  booktitle={Proceedings of the IEEE/CVF conference on computer vision and pattern recognition},
  pages={8110--8119},
  year={2020}
}


@article{deng2024survey,
  title={A survey of defenses against ai-generated visual media: Detection, disruption, and authentication},
  author={Deng, Jingyi and Lin, Chenhao and Zhao, Zhengyu and Liu, Shuai and Wang, Qian and Shen, Chao},
  journal={arXiv preprint arXiv:2407.10575},
  year={2024}
}

@article{wang2024deepfake,
  title={Deepfake detection: A comprehensive survey from the reliability perspective},
  author={Wang, Tianyi and Liao, Xin and Chow, Kam Pui and Lin, Xiaodong and Wang, Yinglong},
  journal={ACM Computing Surveys},
  volume={57},
  number={3},
  pages={1--35},
  year={2024},
  publisher={ACM New York, NY}
}

@article{yan2023deepfakebench,
  title={Deepfakebench: A comprehensive benchmark of deepfake detection},
  author={Yan, Zhiyuan and Zhang, Yong and Yuan, Xinhang and Lyu, Siwei and Wu, Baoyuan},
  journal={arXiv preprint arXiv:2307.01426},
  year={2023}
}

@article{ho2020denoising,
  title={Denoising diffusion probabilistic models},
  author={Ho, Jonathan and Jain, Ajay and Abbeel, Pieter},
  journal={Advances in neural information processing systems},
  volume={33},
  pages={6840--6851},
  year={2020}
}

@article{brock2018large,
  title={Large Scale GAN Training for High Fidelity Natural Image Synthesis},
  author={Brock, Andrew},
  journal={arXiv preprint arXiv:1809.11096},
  year={2018}
}

@article{dhariwal2021diffusion,
  title={Diffusion models beat gans on image synthesis},
  author={Dhariwal, Prafulla and Nichol, Alexander},
  journal={Advances in neural information processing systems},
  volume={34},
  pages={8780--8794},
  year={2021}
}

@inproceedings{gu2022vector,
  title={Vector quantized diffusion model for text-to-image synthesis},
  author={Gu, Shuyang and Chen, Dong and Bao, Jianmin and Wen, Fang and Zhang, Bo and Chen, Dongdong and Yuan, Lu and Guo, Baining},
  booktitle={Proceedings of the IEEE/CVF conference on computer vision and pattern recognition},
  pages={10696--10706},
  year={2022}
}

@article{nichol2021glide,
  title={Glide: Towards photorealistic image generation and editing with text-guided diffusion models},
  author={Nichol, Alex and Dhariwal, Prafulla and Ramesh, Aditya and Shyam, Pranav and Mishkin, Pamela and McGrew, Bob and Sutskever, Ilya and Chen, Mark},
  journal={arXiv preprint arXiv:2112.10741},
  year={2021}
}

@inproceedings{rombach2022high,
  title={High-resolution image synthesis with latent diffusion models},
  author={Rombach, Robin and Blattmann, Andreas and Lorenz, Dominik and Esser, Patrick and Ommer, Bj{\"o}rn},
  booktitle={Proceedings of the IEEE/CVF conference on computer vision and pattern recognition},
  pages={10684--10695},
  year={2022}
}

@article{ramesh2022hierarchical,
  title={Hierarchical text-conditional image generation with clip latents},
  author={Ramesh, Aditya and Dhariwal, Prafulla and Nichol, Alex and Chu, Casey and Chen, Mark},
  journal={arXiv preprint arXiv:2204.06125},
  volume={1},
  number={2},
  pages={3},
  year={2022}
}

@inproceedings{marra2019gans,
  title={Do gans leave artificial fingerprints?},
  author={Marra, Francesco and Gragnaniello, Diego and Verdoliva, Luisa and Poggi, Giovanni},
  booktitle={2019 IEEE conference on multimedia information processing and retrieval (MIPR)},
  pages={506--511},
  year={2019},
  organization={IEEE}
}

@inproceedings{li2020face,
  title={Face x-ray for more general face forgery detection},
  author={Li, Lingzhi and Bao, Jianmin and Zhang, Ting and Yang, Hao and Chen, Dong and Wen, Fang and Guo, Baining},
  booktitle={Proceedings of the IEEE/CVF conference on computer vision and pattern recognition},
  pages={5001--5010},
  year={2020}
}

@inproceedings{mccloskey2019detecting,
  title={Detecting GAN-generated imagery using saturation cues},
  author={McCloskey, Scott and Albright, Michael},
  booktitle={2019 IEEE international conference on image processing (ICIP)},
  pages={4584--4588},
  year={2019},
  organization={IEEE}
}

@article{verdoliva2020media,
  title={Media forensics and deepfakes: an overview},
  author={Verdoliva, Luisa},
  journal={IEEE journal of selected topics in signal processing},
  volume={14},
  number={5},
  pages={910--932},
  year={2020},
  publisher={IEEE}
}

@inproceedings{rossler2019faceforensics++,
  title={Faceforensics++: Learning to detect manipulated facial images},
  author={Rossler, Andreas and Cozzolino, Davide and Verdoliva, Luisa and Riess, Christian and Thies, Justus and Nie{\ss}ner, Matthias},
  booktitle={Proceedings of the IEEE/CVF international conference on computer vision},
  pages={1--11},
  year={2019}
}

@article{wodajo2021deepfake,
  title={Deepfake video detection using convolutional vision transformer},
  author={Wodajo, Deressa and Atnafu, Solomon},
  journal={arXiv preprint arXiv:2102.11126},
  year={2021}
}

@inproceedings{wang2020cnn,
  title={CNN-generated images are surprisingly easy to spot... for now},
  author={Wang, Sheng-Yu and Wang, Oliver and Zhang, Richard and Owens, Andrew and Efros, Alexei A},
  booktitle={Proceedings of the IEEE/CVF conference on computer vision and pattern recognition},
  pages={8695--8704},
  year={2020}
}

@inproceedings{corvi2023intriguing,
  title={Intriguing properties of synthetic images: from generative adversarial networks to diffusion models},
  author={Corvi, Riccardo and Cozzolino, Davide and Poggi, Giovanni and Nagano, Koki and Verdoliva, Luisa},
  booktitle={Proceedings of the IEEE/CVF Conference on Computer Vision and Pattern Recognition},
  pages={973--982},
  year={2023}
}

@inproceedings{corvi2023detection,
  title={On the detection of synthetic images generated by diffusion models},
  author={Corvi, Riccardo and Cozzolino, Davide and Zingarini, Giada and Poggi, Giovanni and Nagano, Koki and Verdoliva, Luisa},
  booktitle={ICASSP 2023-2023 IEEE International Conference on Acoustics, Speech and Signal Processing (ICASSP)},
  pages={1--5},
  year={2023},
  organization={IEEE}
}

@article{stein2024exposing,
  title={Exposing flaws of generative model evaluation metrics and their unfair treatment of diffusion models},
  author={Stein, George and Cresswell, Jesse and Hosseinzadeh, Rasa and Sui, Yi and Ross, Brendan and Villecroze, Valentin and Liu, Zhaoyan and Caterini, Anthony L and Taylor, Eric and Loaiza-Ganem, Gabriel},
  journal={Advances in Neural Information Processing Systems},
  volume={36},
  year={2024}
}

@article{ricker2022towards,
  title={Towards the detection of diffusion model deepfakes},
  author={Ricker, Jonas and Damm, Simon and Holz, Thorsten and Fischer, Asja},
  journal={arXiv preprint arXiv:2210.14571},
  year={2022}
}



@article{zhu2024genimage,
  title={Genimage: A million-scale benchmark for detecting ai-generated image},
  author={Zhu, Mingjian and Chen, Hanting and Yan, Qiangyu and Huang, Xudong and Lin, Guanyu and Li, Wei and Tu, Zhijun and Hu, Hailin and Hu, Jie and Wang, Yunhe},
  journal={Advances in Neural Information Processing Systems},
  volume={36},
  year={2024}
}

@inproceedings{wang2023dire,
  title={Dire for diffusion-generated image detection},
  author={Wang, Zhendong and Bao, Jianmin and Zhou, Wengang and Wang, Weilun and Hu, Hezhen and Chen, Hong and Li, Houqiang},
  booktitle={Proceedings of the IEEE/CVF International Conference on Computer Vision},
  pages={22445--22455},
  year={2023}
}

@inproceedings{sha2024zerofake,
  title={ZeroFake: Zero-Shot Detection of Fake Images Generated and Edited by Text-to-Image Generation Models},
  author={Sha, Zeyang and Tan, Yicong and Li, Mingjie and Backes, Michael and Zhang, Yang},
  booktitle={Proceedings of the 2024 on ACM SIGSAC Conference on Computer and Communications Security},
  pages={4852--4866},
  year={2024}
}

@inproceedings{ojha2023towards,
  title={Towards universal fake image detectors that generalize across generative models},
  author={Ojha, Utkarsh and Li, Yuheng and Lee, Yong Jae},
  booktitle={Proceedings of the IEEE/CVF Conference on Computer Vision and Pattern Recognition},
  pages={24480--24489},
  year={2023}
}


@misc{wukong2022,
  author       = {Wukong},
  year         = {2022},
  url          = {https://xihe.mindspore.cn/modelzoo/wukong},
}


@inproceedings{deng2009imagenet,
  title={Imagenet: A large-scale hierarchical image database},
  author={Deng, Jia and Dong, Wei and Socher, Richard and Li, Li-Jia and Li, Kai and Fei-Fei, Li},
  booktitle={2009 IEEE conference on computer vision and pattern recognition},
  pages={248--255},
  year={2009},
  organization={Ieee}
}

@article{zhang2017beyond,
  title={Beyond a gaussian denoiser: Residual learning of deep cnn for image denoising},
  author={Zhang, Kai and Zuo, Wangmeng and Chen, Yunjin and Meng, Deyu and Zhang, Lei},
  journal={IEEE transactions on image processing},
  volume={26},
  number={7},
  pages={3142--3155},
  year={2017},
  publisher={IEEE}
}

@article{tack2020csi,
  title={Csi: Novelty detection via contrastive learning on distributionally shifted instances},
  author={Tack, Jihoon and Mo, Sangwoo and Jeong, Jongheon and Shin, Jinwoo},
  journal={Advances in neural information processing systems},
  volume={33},
  pages={11839--11852},
  year={2020}
}

@article{bergman2020deep,
  title={Deep nearest neighbor anomaly detection},
  author={Bergman, Liron and Cohen, Niv and Hoshen, Yedid},
  journal={arXiv preprint arXiv:2002.10445},
  year={2020}
}


@inproceedings{yu2024online,
  title={Online boosting adaptive learning under concept drift for multistream classification},
  author={Yu, En and Lu, Jie and Zhang, Bin and Zhang, Guangquan},
  booktitle={Proceedings of the AAAI Conference on Artificial Intelligence},
  volume={38},
  number={15},
  pages={16522--16530},
  year={2024}
}

@inproceedings{liu2023flood,
  title={FLOOD: A flexible invariant learning framework for out-of-distribution generalization on graphs},
  author={Liu, Yang and Ao, Xiang and Feng, Fuli and Ma, Yunshan and Li, Kuan and Chua, Tat-Seng and He, Qing},
  booktitle={Proceedings of the 29th ACM SIGKDD Conference on Knowledge Discovery and Data Mining},
  pages={1548--1558},
  year={2023}
}
@inproceedings{guo2024investigating,
  title={Investigating out-of-distribution generalization of GNNs: An architecture perspective},
  author={Guo, Kai and Wen, Hongzhi and Jin, Wei and Guo, Yaming and Tang, Jiliang and Chang, Yi},
  booktitle={Proceedings of the 30th ACM SIGKDD Conference on Knowledge Discovery and Data Mining},
  pages={932--943},
  year={2024}
}

@article{sun2021react,
  title={React: Out-of-distribution detection with rectified activations},
  author={Sun, Yiyou and Guo, Chuan and Li, Yixuan},
  journal={Advances in Neural Information Processing Systems},
  volume={34},
  pages={144--157},
  year={2021}
}
@article{hendrycks2016baseline,
  title={A baseline for detecting misclassified and out-of-distribution examples in neural networks},
  author={Hendrycks, Dan and Gimpel, Kevin},
  journal={arXiv preprint arXiv:1610.02136},
  year={2016}
}

@inproceedings{sha2023fake,
  title={De-fake: Detection and attribution of fake images generated by text-to-image generation models},
  author={Sha, Zeyang and Li, Zheng and Yu, Ning and Zhang, Yang},
  booktitle={Proceedings of the 2023 ACM SIGSAC Conference on Computer and Communications Security},
  pages={3418--3432},
  year={2023}
}

@article{djurisic2022extremely,
  title={Extremely simple activation shaping for out-of-distribution detection},
  author={Djurisic, Andrija and Bozanic, Nebojsa and Ashok, Arjun and Liu, Rosanne},
  journal={arXiv preprint arXiv:2209.09858},
  year={2022}
}


@inproceedings{sun2022dice,
  title={Dice: Leveraging sparsification for out-of-distribution detection},
  author={Sun, Yiyou and Li, Yixuan},
  booktitle={European Conference on Computer Vision},
  pages={691--708},
  year={2022},
  organization={Springer}
}

@inproceedings{sun2022out,
  title={Out-of-distribution detection with deep nearest neighbors},
  author={Sun, Yiyou and Ming, Yifei and Zhu, Xiaojin and Li, Yixuan},
  booktitle={International Conference on Machine Learning},
  pages={20827--20840},
  year={2022},
  organization={PMLR}
}

@article{van2008visualizing,
  title={Visualizing data using t-SNE.},
  author={Van der Maaten, Laurens and Hinton, Geoffrey},
  journal={Journal of machine learning research},
  volume={9},
  number={11},
  year={2008}
}
@inproceedings{tan2024rethinking,
  title={Rethinking the up-sampling operations in cnn-based generative network for generalizable deepfake detection},
  author={Tan, Chuangchuang and Zhao, Yao and Wei, Shikui and Gu, Guanghua and Liu, Ping and Wei, Yunchao},
  booktitle={Proceedings of the IEEE/CVF Conference on Computer Vision and Pattern Recognition},
  pages={28130--28139},
  year={2024}
}

@inproceedings{he2016deep,
  title={Deep residual learning for image recognition},
  author={He, Kaiming and Zhang, Xiangyu and Ren, Shaoqing and Sun, Jian},
  booktitle={Proceedings of the IEEE conference on computer vision and pattern recognition},
  pages={770--778},
  year={2016}
}

@inproceedings{wang2024dp,
  title={dp-promise: Differentially Private Diffusion Probabilistic Models for Image Synthesis},
  author={Wang, Haichen and Pang, Shuchao and Lu, Zhigang and Rao, Yihang and Zhou, Yongbin and Xue, Minhui},
  year={2024},
  organization={USENIX}
}

@inproceedings{kim2022diffusionclip,
  title={Diffusionclip: Text-guided diffusion models for robust image manipulation},
  author={Kim, Gwanghyun and Kwon, Taesung and Ye, Jong Chul},
  booktitle={Proceedings of the IEEE/CVF conference on computer vision and pattern recognition},
  pages={2426--2435},
  year={2022}
}

@inproceedings{kang2023scaling,
  title={Scaling up gans for text-to-image synthesis},
  author={Kang, Minguk and Zhu, Jun-Yan and Zhang, Richard and Park, Jaesik and Shechtman, Eli and Paris, Sylvain and Park, Taesung},
  booktitle={Proceedings of the IEEE/CVF Conference on Computer Vision and Pattern Recognition},
  pages={10124--10134},
  year={2023}
}

@article{zhang2023text,
  title={Text-to-image diffusion models in generative ai: A survey},
  author={Zhang, Chenshuang and Zhang, Chaoning and Zhang, Mengchun and Kweon, In So},
  journal={arXiv preprint arXiv:2303.07909},
  year={2023}
}

@article{barrett2023identifying,
  title={Identifying and mitigating the security risks of generative ai},
  author={Barrett, Clark and Boyd, Brad and Bursztein, Elie and Carlini, Nicholas and Chen, Brad and Choi, Jihye and Chowdhury, Amrita Roy and Christodorescu, Mihai and Datta, Anupam and Feizi, Soheil and others},
  journal={Foundations and Trends{\textregistered} in Privacy and Security},
  volume={6},
  number={1},
  pages={1--52},
  year={2023},
  publisher={Now Publishers, Inc.}
}

@article{chen2022ost,
  title={Ost: Improving generalization of deepfake detection via one-shot test-time training},
  author={Chen, Liang and Zhang, Yong and Song, Yibing and Wang, Jue and Liu, Lingqiao},
  journal={Advances in Neural Information Processing Systems},
  volume={35},
  pages={24597--24610},
  year={2022}
}

@article{liang2024comprehensive,
  title={A comprehensive survey on test-time adaptation under distribution shifts},
  author={Liang, Jian and He, Ran and Tan, Tieniu},
  journal={International Journal of Computer Vision},
  pages={1--34},
  year={2024},
  publisher={Springer}
}

@article{zhang2024boosting,
  title={Boosting Deepfake Detection Generalizability via Expansive Learning and Confidence Judgement},
  author={Zhang, Kuiyuan and Hou, Zeming and Hua, Zhongyun and Zheng, Yifeng and Zhang, Leo Yu},
  journal={IEEE Transactions on Circuits and Systems for Video Technology},
  year={2024},
  publisher={IEEE}
}


@article{heidari2024deepfake,
  title={Deepfake detection using deep learning methods: A systematic and comprehensive review},
  author={Heidari, Arash and Jafari Navimipour, Nima and Dag, Hasan and Unal, Mehmet},
  journal={Wiley Interdisciplinary Reviews: Data Mining and Knowledge Discovery},
  volume={14},
  number={2},
  pages={e1520},
  year={2024},
  publisher={Wiley Online Library}
}

@article{yu2015lsun,
  title={Lsun: Construction of a large-scale image dataset using deep learning with humans in the loop},
  author={Yu, Fisher and Seff, Ari and Zhang, Yinda and Song, Shuran and Funkhouser, Thomas and Xiao, Jianxiong},
  journal={arXiv preprint arXiv:1506.03365},
  year={2015}
}

@incollection{kurakin2018adversarial,
  title={Adversarial examples in the physical world},
  author={Kurakin, Alexey and Goodfellow, Ian J and Bengio, Samy},
  booktitle={Artificial intelligence safety and security},
  pages={99--112},
  year={2018},
  publisher={Chapman and Hall/CRC}
}

@inproceedings{zhang2019detecting,
  title={Detecting and simulating artifacts in gan fake images},
  author={Zhang, Xu and Karaman, Svebor and Chang, Shih-Fu},
  booktitle={2019 IEEE international workshop on information forensics and security (WIFS)},
  pages={1--6},
  year={2019},
  organization={IEEE}
}


@article{simonyan2014very,
  title={Very deep convolutional networks for large-scale image recognition},
  author={Simonyan, Karen},
  journal={arXiv preprint arXiv:1409.1556},
  year={2014}
}