@inproceedings{aa,
  title={Animate anyone: Consistent and controllable image-to-video synthesis for character animation},
  author={Hu, Li},
  booktitle={Proceedings of the IEEE/CVF Conference on Computer Vision and Pattern Recognition},
  pages={8153--8163},
  year={2024}
}

@inproceedings{addme,
  title={AddMe: Zero-Shot Group-Photo Synthesis by Inserting People Into Scenes},
  author={Yue, Dongxu and Li, Maomao and Liu, Yunfei and Guo, Qin and Zeng, Ailing and Yang, Tianyu and Li, Yu},
  booktitle={European Conference on Computer Vision},
  pages={222--239},
  year={2024},
  organization={Springer}
}

@inproceedings{align,
  title={Align your latents: High-resolution video synthesis with latent diffusion models},
  author={Blattmann, Andreas and Rombach, Robin and Ling, Huan and Dockhorn, Tim and Kim, Seung Wook and Fidler, Sanja and Kreis, Karsten},
  booktitle={Proceedings of the IEEE/CVF Conference on Computer Vision and Pattern Recognition},
  pages={22563--22575},
  year={2023}
}

@article{anchorcrafter,
  title={AnchorCrafter: Animate CyberAnchors Saling Your Products via Human-Object Interacting Video Generation},
  author={Xu, Ziyi and Huang, Ziyao and Cao, Juan and Zhang, Yong and Cun, Xiaodong and Shuai, Qing and Wang, Yuchen and Bao, Linchao and Li, Jintao and Tang, Fan},
  journal={arXiv preprint arXiv:2411.17383},
  year={2024}
}

@article{animatediff,
  title={Animatediff: Animate your personalized text-to-image diffusion models without specific tuning},
  author={Guo, Yuwei and Yang, Ceyuan and Rao, Anyi and Wang, Yaohui and Qiao, Yu and Lin, Dahua and Dai, Bo},
  journal={arXiv preprint arXiv:2307.04725},
  year={2023}
}

@inproceedings{bidirectionally,
  title={Bidirectionally Deformable Motion Modulation For Video-based Human Pose Transfer},
  author={Yu, Wing-Yin and Po, Lai-Man and Cheung, Ray CC and Zhao, Yuzhi and Xue, Yu and Li, Kun},
  booktitle={Proceedings of the IEEE/CVF International Conference on Computer Vision},
  pages={7502--7512},
  year={2023}
}

@inproceedings{champ,
  title={Champ: Controllable and consistent human image animation with 3d parametric guidance},
  author={Zhu, Shenhao and Chen, Junming Leo and Dai, Zuozhuo and Dong, Zilong and Xu, Yinghui and Cao, Xun and Yao, Yao and Zhu, Hao and Zhu, Siyu},
  booktitle={European Conference on Computer Vision},
  pages={145--162},
  year={2025},
  organization={Springer}
}

@inproceedings{densepose,
  title={Densepose: Dense human pose estimation in the wild},
  author={G{\"u}ler, R{\i}za Alp and Neverova, Natalia and Kokkinos, Iasonas},
  booktitle={Proceedings of the IEEE conference on computer vision and pattern recognition},
  pages={7297--7306},
  year={2018}
}

@article{disco,
  title={Disco: Disentangled control for referring human dance generation in real world},
  author={Wang, Tan and Li, Linjie and Lin, Kevin and Lin, Chung-Ching and Yang, Zhengyuan and Zhang, Hanwang and Liu, Zicheng and Wang, Lijuan},
  journal={arXiv preprint arXiv:2307.00040},
  year={2023}
}

@inproceedings{dreampose,
  title={DreamPose: Fashion Video Synthesis with Stable Diffusion},
  author={Karras, Johanna and Holynski, Aleksander and Wang, Ting-Chun and Kemelmacher-Shlizerman, Ira},
  booktitle={Proceedings of the IEEE/CVF International Conference on Computer Vision},
  pages={22680--22690},
  year={2023}
}

@inproceedings{environment-specific,
  title={Synthesizing Environment-Specific People in Photographs},
  author={Ostrek, Mirela and Oâ€™Sullivan, Carol and Black, Michael J and Thies, Justus},
  booktitle={European Conference on Computer Vision},
  pages={292--309},
  year={2024},
  organization={Springer}
}

@inproceedings{everybody,
  title={Everybody dance now},
  author={Chan, Caroline and Ginosar, Shiry and Zhou, Tinghui and Efros, Alexei A},
  booktitle={Proceedings of the IEEE/CVF international conference on computer vision},
  pages={5933--5942},
  year={2019}
}

@article{fomm,
  title={First order motion model for image animation},
  author={Siarohin, Aliaksandr and Lathuili{\`e}re, St{\'e}phane and Tulyakov, Sergey and Ricci, Elisa and Sebe, Nicu},
  journal={Advances in neural information processing systems},
  volume={32},
  year={2019}
}

@article{gan,
  title={Generative adversarial nets},
  author={Goodfellow, Ian and Pouget-Abadie, Jean and Mirza, Mehdi and Xu, Bing and Warde-Farley, David and Ozair, Sherjil and Courville, Aaron and Bengio, Yoshua},
  journal={Advances in neural information processing systems},
  volume={27},
  year={2014}
}

@article{invi,
  title={InVi: Object Insertion In Videos Using Off-the-Shelf Diffusion Models},
  author={Saini, Nirat and Bodla, Navaneeth and Shrivastava, Ashish and Ravichandran, Avinash and Zhang, Xiao and Shrivastava, Abhinav and Singh, Bharat},
  journal={arXiv preprint arXiv:2407.10958},
  year={2024}
}

@inproceedings{ldm,
  title={High-resolution image synthesis with latent diffusion models},
  author={Rombach, Robin and Blattmann, Andreas and Lorenz, Dominik and Esser, Patrick and Ommer, Bj{\"o}rn},
  booktitle={Proceedings of the IEEE/CVF conference on computer vision and pattern recognition},
  pages={10684--10695},
  year={2022}
}

@inproceedings{magicanimate,
  title={Magicanimate: Temporally consistent human image animation using diffusion model},
  author={Xu, Zhongcong and Zhang, Jianfeng and Liew, Jun Hao and Yan, Hanshu and Liu, Jia-Wei and Zhang, Chenxu and Feng, Jiashi and Shou, Mike Zheng},
  booktitle={Proceedings of the IEEE/CVF Conference on Computer Vision and Pattern Recognition},
  pages={1481--1490},
  year={2024}
}

@inproceedings{magicpose,
  title={Magicpose: Realistic human poses and facial expressions retargeting with identity-aware diffusion},
  author={Chang, Di and Shi, Yichun and Gao, Quankai and Xu, Hongyi and Fu, Jessica and Song, Guoxian and Yan, Qing and Zhu, Yizhe and Yang, Xiao and Soleymani, Mohammad},
  booktitle={Forty-first International Conference on Machine Learning},
  year={2023}
}

@article{mamba,
  title={Mamba: Linear-time sequence modeling with selective state spaces},
  author={Gu, Albert and Dao, Tri},
  journal={arXiv preprint arXiv:2312.00752},
  year={2023}
}

@article{mimicmotion,
  title={Mimicmotion: High-quality human motion video generation with confidence-aware pose guidance},
  author={Zhang, Yuang and Gu, Jiaxi and Wang, Li-Wen and Wang, Han and Cheng, Junqi and Zhu, Yuefeng and Zou, Fangyuan},
  journal={arXiv preprint arXiv:2406.19680},
  year={2024}
}

@article{mimo,
  title={Mimo: Controllable character video synthesis with spatial decomposed modeling},
  author={Men, Yifang and Yao, Yuan and Cui, Miaomiao and Bo, Liefeng},
  journal={arXiv preprint arXiv:2409.16160},
  year={2024}
}

@article{moviecharacter,
  title={MovieCharacter: A Tuning-Free Framework for Controllable Character Video Synthesis},
  author={Qiu, Di and Chen, Zheng and Wang, Rui and Fan, Mingyuan and Yu, Changqian and Huan, Junshi and Wen, Xiang},
  journal={arXiv preprint arXiv:2410.20974},
  year={2024}
}

@inproceedings{mraa,
  title={Motion representations for articulated animation},
  author={Siarohin, Aliaksandr and Woodford, Oliver J and Ren, Jian and Chai, Menglei and Tulyakov, Sergey},
  booktitle={Proceedings of the IEEE/CVF Conference on Computer Vision and Pattern Recognition},
  pages={13653--13662},
  year={2021}
}

@inproceedings{putting,
  title={Putting people in their place: Affordance-aware human insertion into scenes},
  author={Kulal, Sumith and Brooks, Tim and Aiken, Alex and Wu, Jiajun and Yang, Jimei and Lu, Jingwan and Efros, Alexei A and Singh, Krishna Kumar},
  booktitle={Proceedings of the IEEE/CVF Conference on Computer Vision and Pattern Recognition},
  pages={17089--17099},
  year={2023}
}

@article{ren2020deep,
  title={Deep spatial transformation for pose-guided person image generation and animation},
  author={Ren, Yurui and Li, Ge and Liu, Shan and Li, Thomas H},
  journal={IEEE Transactions on Image Processing},
  volume={29},
  pages={8622--8635},
  year={2020},
  publisher={IEEE}
}

@inproceedings{siarohin2019animating,
  title={Animating arbitrary objects via deep motion transfer},
  author={Siarohin, Aliaksandr and Lathuili{\`e}re, St{\'e}phane and Tulyakov, Sergey and Ricci, Elisa and Sebe, Nicu},
  booktitle={Proceedings of the IEEE/CVF Conference on Computer Vision and Pattern Recognition},
  pages={2377--2386},
  year={2019}
}

@incollection{smpl,
  title={SMPL: A skinned multi-person linear model},
  author={Loper, Matthew and Mahmood, Naureen and Romero, Javier and Pons-Moll, Gerard and Black, Michael J},
  booktitle={Seminal Graphics Papers: Pushing the Boundaries, Volume 2},
  pages={851--866},
  year={2023}
}

@inproceedings{stylegan,
  title={A style-based generator architecture for generative adversarial networks},
  author={Karras, Tero and Laine, Samuli and Aila, Timo},
  booktitle={Proceedings of the IEEE/CVF conference on computer vision and pattern recognition},
  pages={4401--4410},
  year={2019}
}

@article{svd,
  title={Stable video diffusion: Scaling latent video diffusion models to large datasets},
  author={Blattmann, Andreas and Dockhorn, Tim and Kulal, Sumith and Mendelevitch, Daniel and Kilian, Maciej and Lorenz, Dominik and Levi, Yam and English, Zion and Voleti, Vikram and Letts, Adam and others},
  journal={arXiv preprint arXiv:2311.15127},
  year={2023}
}

@inproceedings{tcan,
  title={Tcan: Animating human images with temporally consistent pose guidance using diffusion models},
  author={Kim, Jeongho and Kim, Min-Jung and Lee, Junsoo and Choo, Jaegul},
  booktitle={European Conference on Computer Vision},
  pages={326--342},
  year={2024},
  organization={Springer}
}

@inproceedings{text2place,
  title={Text2Place: Affordance-Aware Text Guided Human Placement},
  author={Parihar, Rishubh and Gupta, Harsh and VS, Sachidanand and Babu, R Venkatesh},
  booktitle={European Conference on Computer Vision},
  pages={57--77},
  year={2024}
}

@article{tpc,
  title={TPC: Test-time Procrustes Calibration for Diffusion-based Human Image Animation},
  author={Yoon, Sunjae and Koo, Gwanhyeong and Lee, Younghwan and Yoo, Chang D},
  journal={arXiv preprint arXiv:2410.24037},
  year={2024}
}

@inproceedings{tpsmm,
  title={Thin-plate spline motion model for image animation},
  author={Zhao, Jian and Zhang, Hui},
  booktitle={Proceedings of the IEEE/CVF Conference on Computer Vision and Pattern Recognition},
  pages={3657--3666},
  year={2022}
}

@inproceedings{unet,
  title={U-net: Convolutional networks for biomedical image segmentation},
  author={Ronneberger, Olaf and Fischer, Philipp and Brox, Thomas},
  booktitle={Medical Image Computing and Computer-Assisted Intervention--MICCAI 2015: 18th International Conference, Munich, Germany, October 5-9, 2015, Proceedings, Part III 18},
  pages={234--241},
  year={2015},
  organization={Springer}
}

@article{unianimate,
  title={UniAnimate: Taming Unified Video Diffusion Models for Consistent Human Image Animation},
  author={Wang, Xiang and Zhang, Shiwei and Gao, Changxin and Wang, Jiayu and Zhou, Xiaoqiang and Zhang, Yingya and Yan, Luxin and Sang, Nong},
  journal={arXiv preprint arXiv:2406.01188},
  year={2024}
}

@inproceedings{wgan,
  title={Wasserstein generative adversarial networks},
  author={Arjovsky, Martin and Chintala, Soumith and Bottou, L{\'e}on},
  booktitle={International conference on machine learning},
  pages={214--223},
  year={2017},
  organization={PMLR}
}

@inproceedings{zhang2022exploring,
  title={Exploring dual-task correlation for pose guided person image generation},
  author={Zhang, Pengze and Yang, Lingxiao and Lai, Jian-Huang and Xie, Xiaohua},
  booktitle={Proceedings of the IEEE/CVF Conference on Computer Vision and Pattern Recognition},
  pages={7713--7722},
  year={2022}
}

