@String(PAMI = {IEEE Trans. Pattern Anal. Mach. Intell.})
@String(IJCV = {Int. J. Comput. Vis.})
@String(CVPR= {IEEE Conf. Comput. Vis. Pattern Recog.})
@String(ICCV= {Int. Conf. Comput. Vis.})
@String(ECCV= {Eur. Conf. Comput. Vis.})
@String(NIPS= {Adv. Neural Inform. Process. Syst.})
@String(ICPR = {Int. Conf. Pattern Recog.})
@String(BMVC= {Brit. Mach. Vis. Conf.})
@String(TOG= {ACM Trans. Graph.})
@String(TIP  = {IEEE Trans. Image Process.})
@String(TVCG  = {IEEE Trans. Vis. Comput. Graph.})
@String(TMM  = {IEEE Trans. Multimedia})
@String(ACMMM= {ACM Int. Conf. Multimedia})
@String(ICME = {Int. Conf. Multimedia and Expo})
@String(ICASSP=	{ICASSP})
@String(ICIP = {IEEE Int. Conf. Image Process.})
@String(ACCV  = {ACCV})
@String(ICLR = {Int. Conf. Learn. Represent.})
@String(IJCAI = {IJCAI})
@String(PR   = {Pattern Recognition})
@String(AAAI = {AAAI})
@String(CVPRW= {IEEE Conf. Comput. Vis. Pattern Recog. Worksh.})
@String(CSVT = {IEEE Trans. Circuit Syst. Video Technol.})

@String(SPL	= {IEEE Sign. Process. Letters})
@String(VR   = {Vis. Res.})
@String(JOV	 = {J. Vis.})
@String(TVC  = {The Vis. Comput.})
@String(JCST  = {J. Comput. Sci. Tech.})
@String(CGF  = {Comput. Graph. Forum})
@String(CVM = {Computational Visual Media})


@String(PAMI  = {IEEE TPAMI})
@String(IJCV  = {IJCV})
@String(CVPR  = {CVPR})
@String(ICCV  = {ICCV})
@String(ECCV  = {ECCV})
@String(NIPS  = {NeurIPS})
@String(ICPR  = {ICPR})
@String(BMVC  =	{BMVC})
@String(TOG   = {ACM TOG})
@String(TIP   = {IEEE TIP})
@String(TVCG  = {IEEE TVCG})
@String(TCSVT = {IEEE TCSVT})
@String(TMM   =	{IEEE TMM})
@String(ACMMM = {ACM MM})
@String(ICME  =	{ICME})
@String(ICASSP=	{ICASSP})
@String(ICIP  = {ICIP})
@String(ACCV  = {ACCV})
@String(ICLR  = {ICLR})
@String(IJCAI = {IJCAI})
@String(PR = {PR})
@String(AAAI = {AAAI})
@String(CVPRW= {CVPRW})
@String(CSVT = {IEEE TCSVT})





@inproceedings{clip,
  title={Learning transferable visual models from natural language supervision},
  author={Radford, Alec and Kim, Jong Wook and Hallacy, Chris and Ramesh, Aditya and Goh, Gabriel and Agarwal, Sandhini and Sastry, Girish and Askell, Amanda and Mishkin, Pamela and Clark, Jack and others},
  booktitle={International conference on machine learning},
  pages={8748--8763},
  year={2021},
  organization={PMLR}
}




@inproceedings{dreampose,
  title={DreamPose: Fashion Video Synthesis with Stable Diffusion},
  author={Karras, Johanna and Holynski, Aleksander and Wang, Ting-Chun and Kemelmacher-Shlizerman, Ira},
  booktitle={Proceedings of the IEEE/CVF International Conference on Computer Vision},
  pages={22680--22690},
  year={2023}
}

@InProceedings{text2performer,
    author    = {Jiang, Yuming and Yang, Shuai and Koh, Tong Liang and Wu, Wayne and Loy, Chen Change and Liu, Ziwei},
    title     = {Text2Performer: Text-Driven Human Video Generation},
    booktitle = {Proceedings of the IEEE/CVF International Conference on Computer Vision (ICCV)},
    month     = {October},
    year      = {2023},
    pages     = {22747-22757}
}

@InProceedings{text2videozero,
    author    = {Khachatryan, Levon and Movsisyan, Andranik and Tadevosyan, Vahram and Henschel, Roberto and Wang, Zhangyang and Navasardyan, Shant and Shi, Humphrey},
    title     = {Text2Video-Zero: Text-to-Image Diffusion Models are Zero-Shot Video Generators},
    booktitle = {Proceedings of the IEEE/CVF International Conference on Computer Vision (ICCV)},
    month     = {October},
    year      = {2023},
    pages     = {15954-15964}
}

@article{disco,
  title={Disco: Disentangled control for referring human dance generation in real world},
  author={Wang, Tan and Li, Linjie and Lin, Kevin and Lin, Chung-Ching and Yang, Zhengyuan and Zhang, Hanwang and Liu, Zicheng and Wang, Lijuan},
  journal={arXiv preprint arXiv:2307.00040},
  year={2023}
}

@inproceedings{controlnet,
  title={Adding conditional control to text-to-image diffusion models},
  author={Zhang, Lvmin and Rao, Anyi and Agrawala, Maneesh},
  booktitle={Proceedings of the IEEE/CVF International Conference on Computer Vision},
  pages={3836--3847},
  year={2023}
}

@article{animatediff,
  title={Animatediff: Animate your personalized text-to-image diffusion models without specific tuning},
  author={Guo, Yuwei and Yang, Ceyuan and Rao, Anyi and Wang, Yaohui and Qiao, Yu and Lin, Dahua and Dai, Bo},
  journal={arXiv preprint arXiv:2307.04725},
  year={2023}
}

@inproceedings{ldm,
  title={High-resolution image synthesis with latent diffusion models},
  author={Rombach, Robin and Blattmann, Andreas and Lorenz, Dominik and Esser, Patrick and Ommer, Bj{\"o}rn},
  booktitle={Proceedings of the IEEE/CVF conference on computer vision and pattern recognition},
  pages={10684--10695},
  year={2022}
}

@article{followyourpose,
  title={Follow Your Pose: Pose-Guided Text-to-Video Generation using Pose-Free Videos},
  author={Ma, Yue and He, Yingqing and Cun, Xiaodong and Wang, Xintao and Shan, Ying and Li, Xiu and Chen, Qifeng},
  journal={arXiv preprint arXiv:2304.01186},
  year={2023}
}


@inproceedings{videocomposer,
title={VideoComposer: Compositional Video Synthesis with Motion Controllability},
author={Xiang Wang and Hangjie Yuan and Shiwei Zhang and Dayou Chen and Jiuniu Wang and Yingya Zhang and Yujun Shen and Deli Zhao and Jingren Zhou},
booktitle={Thirty-seventh Conference on Neural Information Processing Systems},
year={2023},
url={https://openreview.net/forum?id=h4r00NGkjR}
}

@InProceedings{fatezero,
    author    = {QI, Chenyang and Cun, Xiaodong and Zhang, Yong and Lei, Chenyang and Wang, Xintao and Shan, Ying and Chen, Qifeng},
    title     = {FateZero: Fusing Attentions for Zero-shot Text-based Video Editing},
    booktitle = {Proceedings of the IEEE/CVF International Conference on Computer Vision (ICCV)},
    month     = {October},
    year      = {2023},
    pages     = {15932-15942}
}


@article{rerender,
  title={Rerender A Video: Zero-Shot Text-Guided Video-to-Video Translation},
  author={Yang, Shuai and Zhou, Yifan and Liu, Ziwei and Loy, Chen Change},
  journal={arXiv preprint arXiv:2306.07954},
  year={2023}
}

@inproceedings{align,
  title={Align your latents: High-resolution video synthesis with latent diffusion models},
  author={Blattmann, Andreas and Rombach, Robin and Ling, Huan and Dockhorn, Tim and Kim, Seung Wook and Fidler, Sanja and Kreis, Karsten},
  booktitle={Proceedings of the IEEE/CVF Conference on Computer Vision and Pattern Recognition},
  pages={22563--22575},
  year={2023}
}

@inproceedings{tryondiffusion,
  title={TryOnDiffusion: A Tale of Two UNets},
  author={Zhu, Luyang and Yang, Dawei and Zhu, Tyler and Reda, Fitsum and Chan, William and Saharia, Chitwan and Norouzi, Mohammad and Kemelmacher-Shlizerman, Ira},
  booktitle={Proceedings of the IEEE/CVF Conference on Computer Vision and Pattern Recognition},
  pages={4606--4615},
  year={2023}
}


@article{dwnet,
  title={Dwnet: Dense warp-based network for pose-guided human video generation},
  author={Zablotskaia, Polina and Siarohin, Aliaksandr and Zhao, Bo and Sigal, Leonid},
  journal={arXiv preprint arXiv:1910.09139},
  year={2019}
}

@inproceedings{tuneavideo,
  title={Tune-a-video: One-shot tuning of image diffusion models for text-to-video generation},
  author={Wu, Jay Zhangjie and Ge, Yixiao and Wang, Xintao and Lei, Stan Weixian and Gu, Yuchao and Shi, Yufei and Hsu, Wynne and Shan, Ying and Qie, Xiaohu and Shou, Mike Zheng},
  booktitle={Proceedings of the IEEE/CVF International Conference on Computer Vision},
  pages={7623--7633},
  year={2023}
}

@article{imagenvideo,
  title={Imagen video: High definition video generation with diffusion models},
  author={Ho, Jonathan and Chan, William and Saharia, Chitwan and Whang, Jay and Gao, Ruiqi and Gritsenko, Alexey and Kingma, Diederik P and Poole, Ben and Norouzi, Mohammad and Fleet, David J and others},
  journal={arXiv preprint arXiv:2210.02303},
  year={2022}
}

@article{videocrafter1,
  title={VideoCrafter1: Open Diffusion Models for High-Quality Video Generation},
  author={Chen, Haoxin and Xia, Menghan and He, Yingqing and Zhang, Yong and Cun, Xiaodong and Yang, Shaoshu and Xing, Jinbo and Liu, Yaofang and Chen, Qifeng and Wang, Xintao and others},
  journal={arXiv preprint arXiv:2310.19512},
  year={2023}
}

@article{i2vgen,
  title={I2VGen-XL: High-Quality Image-to-Video Synthesis via Cascaded Diffusion Models},
  author={Zhang, Shiwei and Wang, Jiayu and Zhang, Yingya and Zhao, Kang and Yuan, Hangjie and Qin, Zhiwu and Wang, Xiang and Zhao, Deli and Zhou, Jingren},
  journal={arXiv preprint arXiv:2311.04145},
  year={2023}
}


@inproceedings{makeavideo,
  author       = {Uriel Singer and
                  Adam Polyak and
                  Thomas Hayes and
                  Xi Yin and
                  Jie An and
                  Songyang Zhang and
                  Qiyuan Hu and
                  Harry Yang and
                  Oron Ashual and
                  Oran Gafni and
                  Devi Parikh and
                  Sonal Gupta and
                  Yaniv Taigman},
  title        = {Make-A-Video: Text-to-Video Generation without Text-Video Data},
  booktitle    = {The Eleventh International Conference on Learning Representations,
                  {ICLR} 2023, Kigali, Rwanda, May 1-5, 2023},
  publisher    = {OpenReview.net},
  year         = {2023},
  url          = {https://openreview.net/pdf?id=nJfylDvgzlq},
  timestamp    = {Fri, 30 Jun 2023 14:55:53 +0200},
  biburl       = {https://dblp.org/rec/conf/iclr/SingerPH00ZHYAG23.bib},
  bibsource    = {dblp computer science bibliography, https://dblp.org}
}


@inproceedings{vae,
  author       = {Diederik P. Kingma and
                  Max Welling},
  editor       = {Yoshua Bengio and
                  Yann LeCun},
  title        = {Auto-Encoding Variational Bayes},
  booktitle    = {2nd International Conference on Learning Representations, {ICLR} 2014,
                  Banff, AB, Canada, April 14-16, 2014, Conference Track Proceedings},
  year         = {2014},
  url          = {http://arxiv.org/abs/1312.6114},
  timestamp    = {Thu, 04 Apr 2019 13:20:07 +0200},
  biburl       = {https://dblp.org/rec/journals/corr/KingmaW13.bib},
  bibsource    = {dblp computer science bibliography, https://dblp.org}
}

@article{vqvae,
  title={Neural discrete representation learning},
  author={Van Den Oord, Aaron and Vinyals, Oriol and others},
  journal={Advances in neural information processing systems},
  volume={30},
  year={2017}
}

@inproceedings{vit,
  author       = {Alexey Dosovitskiy and
                  Lucas Beyer and
                  Alexander Kolesnikov and
                  Dirk Weissenborn and
                  Xiaohua Zhai and
                  Thomas Unterthiner and
                  Mostafa Dehghani and
                  Matthias Minderer and
                  Georg Heigold and
                  Sylvain Gelly and
                  Jakob Uszkoreit and
                  Neil Houlsby},
  title        = {An Image is Worth 16x16 Words: Transformers for Image Recognition
                  at Scale},
  booktitle    = {9th International Conference on Learning Representations, {ICLR} 2021,
                  Virtual Event, Austria, May 3-7, 2021},
  publisher    = {OpenReview.net},
  year         = {2021},
  url          = {https://openreview.net/forum?id=YicbFdNTTy},
  timestamp    = {Wed, 23 Jun 2021 17:36:39 +0200},
  biburl       = {https://dblp.org/rec/conf/iclr/DosovitskiyB0WZ21.bib},
  bibsource    = {dblp computer science bibliography, https://dblp.org}
}

@article{denoising,
  title={Denoising diffusion probabilistic models},
  author={Ho, Jonathan and Jain, Ajay and Abbeel, Pieter},
  journal={Advances in neural information processing systems},
  volume={33},
  pages={6840--6851},
  year={2020}
}

@inproceedings{vdm,
  author       = {Jonathan Ho and
                  Tim Salimans and
                  Alexey A. Gritsenko and
                  William Chan and
                  Mohammad Norouzi and
                  David J. Fleet},
  title        = {Video Diffusion Models},
  booktitle    = {NeurIPS},
  year         = {2022},
  url          = {http://papers.nips.cc/paper\_files/paper/2022/hash/39235c56aef13fb05a6adc95eb9d8d66-Abstract-Conference.html},
  timestamp    = {Thu, 11 May 2023 17:08:21 +0200},
  biburl       = {https://dblp.org/rec/conf/nips/HoSGC0F22.bib},
  bibsource    = {dblp computer science bibliography, https://dblp.org}
}


@inproceedings{ddim,
  author       = {Jiaming Song and
                  Chenlin Meng and
                  Stefano Ermon},
  title        = {Denoising Diffusion Implicit Models},
  booktitle    = {9th International Conference on Learning Representations, {ICLR} 2021,
                  Virtual Event, Austria, May 3-7, 2021},
  publisher    = {OpenReview.net},
  year         = {2021},
  url          = {https://openreview.net/forum?id=St1giarCHLP},
  timestamp    = {Wed, 23 Jun 2021 17:36:39 +0200},
  biburl       = {https://dblp.org/rec/conf/iclr/SongME21.bib},
  bibsource    = {dblp computer science bibliography, https://dblp.org}
}

@inproceedings{paint,
  title={Paint by example: Exemplar-based image editing with diffusion models},
  author={Yang, Binxin and Gu, Shuyang and Zhang, Bo and Zhang, Ting and Chen, Xuejin and Sun, Xiaoyan and Chen, Dong and Wen, Fang},
  booktitle={Proceedings of the IEEE/CVF Conference on Computer Vision and Pattern Recognition},
  pages={18381--18391},
  year={2023}
}

@inproceedings{objectstitch,
  title={ObjectStitch: Object Compositing With Diffusion Model},
  author={Song, Yizhi and Zhang, Zhifei and Lin, Zhe and Cohen, Scott and Price, Brian and Zhang, Jianming and Kim, Soo Ye and Aliaga, Daniel},
  booktitle={Proceedings of the IEEE/CVF Conference on Computer Vision and Pattern Recognition},
  pages={18310--18319},
  year={2023}
}

@inproceedings{resnet,
  title={Deep residual learning for image recognition},
  author={He, Kaiming and Zhang, Xiangyu and Ren, Shaoqing and Sun, Jian},
  booktitle={Proceedings of the IEEE conference on computer vision and pattern recognition},
  pages={770--778},
  year={2016}
}

@article{attention,
  title={Attention is all you need},
  author={Vaswani, Ashish and Shazeer, Noam and Parmar, Niki and Uszkoreit, Jakob and Jones, Llion and Gomez, Aidan N and Kaiser, {\L}ukasz and Polosukhin, Illia},
  journal={Advances in neural information processing systems},
  volume={30},
  year={2017}
}

@inproceedings{openpose,
  title={Realtime multi-person 2d pose estimation using part affinity fields},
  author={Cao, Zhe and Simon, Tomas and Wei, Shih-En and Sheikh, Yaser},
  booktitle={Proceedings of the IEEE conference on computer vision and pattern recognition},
  pages={7291--7299},
  year={2017}
}

@inproceedings{tiktok,
  title={Learning high fidelity depths of dressed humans by watching social media dance videos},
  author={Jafarian, Yasamin and Park, Hyun Soo},
  booktitle={Proceedings of the IEEE/CVF Conference on Computer Vision and Pattern Recognition},
  pages={12753--12762},
  year={2021}
}

@article{laion,
  title={Laion-400m: Open dataset of clip-filtered 400 million image-text pairs},
  author={Schuhmann, Christoph and Vencu, Richard and Beaumont, Romain and Kaczmarczyk, Robert and Mullis, Clayton and Katta, Aarush and Coombes, Theo and Jitsev, Jenia and Komatsuzaki, Aran},
  journal={arXiv preprint arXiv:2111.02114},
  year={2021}
}


@InProceedings{segment,
    author    = {Kirillov, Alexander and Mintun, Eric and Ravi, Nikhila and Mao, Hanzi and Rolland, Chloe and Gustafson, Laura and Xiao, Tete and Whitehead, Spencer and Berg, Alexander C. and Lo, Wan-Yen and Dollar, Piotr and Girshick, Ross},
    title     = {Segment Anything},
    booktitle = {Proceedings of the IEEE/CVF International Conference on Computer Vision (ICCV)},
    month     = {October},
    year      = {2023},
    pages     = {4015-4026}
}

@inproceedings{unet,
  title={U-net: Convolutional networks for biomedical image segmentation},
  author={Ronneberger, Olaf and Fischer, Philipp and Brox, Thomas},
  booktitle={Medical Image Computing and Computer-Assisted Intervention--MICCAI 2015: 18th International Conference, Munich, Germany, October 5-9, 2015, Proceedings, Part III 18},
  pages={234--241},
  year={2015},
  organization={Springer}
}

@inproceedings{psnr,
  title={Image quality metrics: PSNR vs. SSIM},
  author={Hore, Alain and Ziou, Djemel},
  booktitle={2010 20th international conference on pattern recognition},
  pages={2366--2369},
  year={2010},
  organization={IEEE}
}

@article{ssim,
  title={Image quality assessment: from error visibility to structural similarity},
  author={Wang, Zhou and Bovik, Alan C and Sheikh, Hamid R and Simoncelli, Eero P},
  journal={IEEE transactions on image processing},
  volume={13},
  number={4},
  pages={600--612},
  year={2004},
  publisher={IEEE}
}

@inproceedings{lpips,
  title={The unreasonable effectiveness of deep features as a perceptual metric},
  author={Zhang, Richard and Isola, Phillip and Efros, Alexei A and Shechtman, Eli and Wang, Oliver},
  booktitle={Proceedings of the IEEE conference on computer vision and pattern recognition},
  pages={586--595},
  year={2018}
}

@inproceedings{fidvid,
  title={Conditional GAN with Discriminative Filter Generation for Text-to-Video Synthesis.},
  author={Balaji, Yogesh and Min, Martin Renqiang and Bai, Bing and Chellappa, Rama and Graf, Hans Peter},
  booktitle={IJCAI},
  volume={1},
  number={2019},
  pages={2},
  year={2019}
}

@article{fvd,
  title={Towards accurate generative models of video: A new metric \& challenges},
  author={Unterthiner, Thomas and Van Steenkiste, Sjoerd and Kurach, Karol and Marinier, Raphael and Michalski, Marcin and Gelly, Sylvain},
  journal={arXiv preprint arXiv:1812.01717},
  year={2018}
}

@inproceedings{densepose,
  title={Densepose: Dense human pose estimation in the wild},
  author={G{\"u}ler, R{\i}za Alp and Neverova, Natalia and Kokkinos, Iasonas},
  booktitle={Proceedings of the IEEE conference on computer vision and pattern recognition},
  pages={7297--7306},
  year={2018}
}

@inproceedings{dwpose,
  title={Effective whole-body pose estimation with two-stages distillation},
  author={Yang, Zhendong and Zeng, Ailing and Yuan, Chun and Li, Yu},
  booktitle={Proceedings of the IEEE/CVF International Conference on Computer Vision},
  pages={4210--4220},
  year={2023}
}

@article{canny,
  title={A computational approach to edge detection},
  author={Canny, John},
  journal={IEEE Transactions on pattern analysis and machine intelligence},
  number={6},
  pages={679--698},
  year={1986},
  publisher={Ieee}
}


@inproceedings{composer,
  title={Composer: Creative and Controllable Image Synthesis with Composable Conditions},
  author={Lianghua Huang and Di Chen and Yu Liu and Yujun Shen and Deli Zhao and Jingren Zhou},
  booktitle={International Conference on Machine Learning},
  year={2023},
  url={https://api.semanticscholar.org/CorpusID:257038979}
}

@article{ip,
  title={Ip-adapter: Text compatible image prompt adapter for text-to-image diffusion models},
  author={Ye, Hu and Zhang, Jun and Liu, Sibo and Han, Xiao and Yang, Wei},
  journal={arXiv preprint arXiv:2308.06721},
  year={2023}
}

@inproceedings{edge,
  title={Edge: Editable dance generation from music},
  author={Tseng, Jonathan and Castellon, Rodrigo and Liu, Karen},
  booktitle={Proceedings of the IEEE/CVF Conference on Computer Vision and Pattern Recognition},
  pages={448--458},
  year={2023}
}

@article{t2iadapter,
  title={T2i-adapter: Learning adapters to dig out more controllable ability for text-to-image diffusion models},
  author={Mou, Chong and Wang, Xintao and Xie, Liangbin and Zhang, Jian and Qi, Zhongang and Shan, Ying and Qie, Xiaohu},
  journal={arXiv preprint arXiv:2302.08453},
  year={2023}
}


@inproceedings{cogvideo,
  author       = {Wenyi Hong and
                  Ming Ding and
                  Wendi Zheng and
                  Xinghan Liu and
                  Jie Tang},
  title        = {CogVideo: Large-scale Pretraining for Text-to-Video Generation via
                  Transformers},
  booktitle    = {The Eleventh International Conference on Learning Representations,
                  {ICLR} 2023, Kigali, Rwanda, May 1-5, 2023},
  publisher    = {OpenReview.net},
  year         = {2023},
  url          = {https://openreview.net/pdf?id=rB6TpjAuSRy},
  timestamp    = {Fri, 30 Jun 2023 14:55:53 +0200},
  biburl       = {https://dblp.org/rec/conf/iclr/Hong0ZL023.bib},
  bibsource    = {dblp computer science bibliography, https://dblp.org}
}

@inproceedings{gen1,
  title={Structure and content-guided video synthesis with diffusion models},
  author={Esser, Patrick and Chiu, Johnathan and Atighehchian, Parmida and Granskog, Jonathan and Germanidis, Anastasis},
  booktitle={Proceedings of the IEEE/CVF International Conference on Computer Vision},
  pages={7346--7356},
  year={2023}
}

@inproceedings{bidirectionally,
  title={Bidirectionally Deformable Motion Modulation For Video-based Human Pose Transfer},
  author={Yu, Wing-Yin and Po, Lai-Man and Cheung, Ray CC and Zhao, Yuzhi and Xue, Yu and Li, Kun},
  booktitle={Proceedings of the IEEE/CVF International Conference on Computer Vision},
  pages={7502--7512},
  year={2023}
}

@inproceedings{everybody,
  title={Everybody dance now},
  author={Chan, Caroline and Ginosar, Shiry and Zhou, Tinghui and Efros, Alexei A},
  booktitle={Proceedings of the IEEE/CVF international conference on computer vision},
  pages={5933--5942},
  year={2019}
}

@article{leo,
  title={LEO: Generative Latent Image Animator for Human Video Synthesis},
  author={Wang, Yaohui and Ma, Xin and Chen, Xinyuan and Dantcheva, Antitza and Dai, Bo and Qiao, Yu},
  journal={arXiv preprint arXiv:2305.03989},
  year={2023}
}

@inproceedings{LFDM,
  title={Conditional Image-to-Video Generation with Latent Flow Diffusion Models},
  author={Ni, Haomiao and Shi, Changhao and Li, Kai and Huang, Sharon X and Min, Martin Renqiang},
  booktitle={Proceedings of the IEEE/CVF Conference on Computer Vision and Pattern Recognition},
  pages={18444--18455},
  year={2023}
}

@article{implicitwarping,
  title={Implicit warping for animation with image sets},
  author={Mallya, Arun and Wang, Ting-Chun and Liu, Ming-Yu},
  journal={Advances in Neural Information Processing Systems},
  volume={35},
  pages={22438--22450},
  year={2022}
}

@inproceedings{mraa,
  title={Motion representations for articulated animation},
  author={Siarohin, Aliaksandr and Woodford, Oliver J and Ren, Jian and Chai, Menglei and Tulyakov, Sergey},
  booktitle={Proceedings of the IEEE/CVF Conference on Computer Vision and Pattern Recognition},
  pages={13653--13662},
  year={2021}
}

@inproceedings{tpsmm,
  title={Thin-plate spline motion model for image animation},
  author={Zhao, Jian and Zhang, Hui},
  booktitle={Proceedings of the IEEE/CVF Conference on Computer Vision and Pattern Recognition},
  pages={3657--3666},
  year={2022}
}

@inproceedings{pidm,
  title={Person image synthesis via denoising diffusion model},
  author={Bhunia, Ankan Kumar and Khan, Salman and Cholakkal, Hisham and Anwer, Rao Muhammad and Laaksonen, Jorma and Shah, Mubarak and Khan, Fahad Shahbaz},
  booktitle={Proceedings of the IEEE/CVF Conference on Computer Vision and Pattern Recognition},
  pages={5968--5976},
  year={2023}
}

@article{dalle2,
  title={Hierarchical text-conditional image generation with clip latents},
  author={Ramesh, Aditya and Dhariwal, Prafulla and Nichol, Alex and Chu, Casey and Chen, Mark},
  journal={arXiv preprint arXiv:2204.06125},
  volume={1},
  number={2},
  pages={3},
  year={2022}
}

@article{imagen,
  title={Photorealistic text-to-image diffusion models with deep language understanding},
  author={Saharia, Chitwan and Chan, William and Saxena, Saurabh and Li, Lala and Whang, Jay and Denton, Emily L and Ghasemipour, Kamyar and Gontijo Lopes, Raphael and Karagol Ayan, Burcu and Salimans, Tim and others},
  journal={Advances in Neural Information Processing Systems},
  volume={35},
  pages={36479--36494},
  year={2022}
}


@inproceedings{glide,
  title={GLIDE: Towards Photorealistic Image Generation and Editing with Text-Guided Diffusion Models},
  author={Alex Nichol and Prafulla Dhariwal and Aditya Ramesh and Pranav Shyam and Pamela Mishkin and Bob McGrew and Ilya Sutskever and Mark Chen},
  booktitle={International Conference on Machine Learning},
  year={2021},
  url={https://api.semanticscholar.org/CorpusID:245335086}
}

@article{ediffi,
  title={ediffi: Text-to-image diffusion models with an ensemble of expert denoisers},
  author={Balaji, Yogesh and Nah, Seungjun and Huang, Xun and Vahdat, Arash and Song, Jiaming and Kreis, Karsten and Aittala, Miika and Aila, Timo and Laine, Samuli and Catanzaro, Bryan and others},
  journal={arXiv preprint arXiv:2211.01324},
  year={2022}
}

@article{fomm,
  title={First order motion model for image animation},
  author={Siarohin, Aliaksandr and Lathuili{\`e}re, St{\'e}phane and Tulyakov, Sergey and Ricci, Elisa and Sebe, Nicu},
  journal={Advances in neural information processing systems},
  volume={32},
  year={2019}
}

@article{ren2020deep,
  title={Deep spatial transformation for pose-guided person image generation and animation},
  author={Ren, Yurui and Li, Ge and Liu, Shan and Li, Thomas H},
  journal={IEEE Transactions on Image Processing},
  volume={29},
  pages={8622--8635},
  year={2020},
  publisher={IEEE}
}

@inproceedings{zhang2022exploring,
  title={Exploring dual-task correlation for pose guided person image generation},
  author={Zhang, Pengze and Yang, Lingxiao and Lai, Jian-Huang and Xie, Xiaohua},
  booktitle={Proceedings of the IEEE/CVF Conference on Computer Vision and Pattern Recognition},
  pages={7713--7722},
  year={2022}
}

@inproceedings{siarohin2019animating,
  title={Animating arbitrary objects via deep motion transfer},
  author={Siarohin, Aliaksandr and Lathuili{\`e}re, St{\'e}phane and Tulyakov, Sergey and Ricci, Elisa and Sebe, Nicu},
  booktitle={Proceedings of the IEEE/CVF Conference on Computer Vision and Pattern Recognition},
  pages={2377--2386},
  year={2019}
}

@article{gan,
  title={Generative adversarial nets},
  author={Goodfellow, Ian and Pouget-Abadie, Jean and Mirza, Mehdi and Xu, Bing and Warde-Farley, David and Ozair, Sherjil and Courville, Aaron and Bengio, Yoshua},
  journal={Advances in neural information processing systems},
  volume={27},
  year={2014}
}

@inproceedings{wgan,
  title={Wasserstein generative adversarial networks},
  author={Arjovsky, Martin and Chintala, Soumith and Bottou, L{\'e}on},
  booktitle={International conference on machine learning},
  pages={214--223},
  year={2017},
  organization={PMLR}
}

@inproceedings{stylegan,
  title={A style-based generator architecture for generative adversarial networks},
  author={Karras, Tero and Laine, Samuli and Aila, Timo},
  booktitle={Proceedings of the IEEE/CVF conference on computer vision and pattern recognition},
  pages={4401--4410},
  year={2019}
}


@inproceedings{anti_color,
  title={Face anti-spoofing based on color texture analysis},
  author={Boulkenafet, Zinelabidine and Komulainen, Jukka and Hadid, Abdenour},
  booktitle={2015 IEEE international conference on image processing (ICIP)},
  pages={2636--2640},
  year={2015},
  organization={IEEE}
}

@inproceedings{anti_search,
  title={Searching central difference convolutional networks for face anti-spoofing},
  author={Yu, Zitong and Zhao, Chenxu and Wang, Zezheng and Qin, Yunxiao and Su, Zhuo and Li, Xiaobai and Zhou, Feng and Zhao, Guoying},
  booktitle={Proceedings of the IEEE/CVF conference on computer vision and pattern recognition},
  pages={5295--5305},
  year={2020}
}

@inproceedings{anti_deep,
  title={Deep spatial gradient and temporal depth learning for face anti-spoofing},
  author={Wang, Zezheng and Yu, Zitong and Zhao, Chenxu and Zhu, Xiangyu and Qin, Yunxiao and Zhou, Qiusheng and Zhou, Feng and Lei, Zhen},
  booktitle={Proceedings of the IEEE/CVF conference on computer vision and pattern recognition},
  pages={5042--5051},
  year={2020}
}



@inproceedings{liquid,
  title={Liquid warping gan: A unified framework for human motion imitation, appearance transfer and novel view synthesis},
  author={Liu, Wen and Piao, Zhixin and Min, Jie and Luo, Wenhan and Ma, Lin and Gao, Shenghua},
  booktitle={Proceedings of the IEEE/CVF international conference on computer vision},
  pages={5904--5913},
  year={2019}
}


@inproceedings{editable,
  title={Learning locally editable virtual humans},
  author={Ho, Hsuan-I and Xue, Lixin and Song, Jie and Hilliges, Otmar},
  booktitle={Proceedings of the IEEE/CVF Conference on Computer Vision and Pattern Recognition},
  pages={21024--21035},
  year={2023}
}







@inproceedings{magicanimate,
  title={Magicanimate: Temporally consistent human image animation using diffusion model},
  author={Xu, Zhongcong and Zhang, Jianfeng and Liew, Jun Hao and Yan, Hanshu and Liu, Jia-Wei and Zhang, Chenxu and Feng, Jiashi and Shou, Mike Zheng},
  booktitle={Proceedings of the IEEE/CVF Conference on Computer Vision and Pattern Recognition},
  pages={1481--1490},
  year={2024}
}


@inproceedings{aa,
  title={Animate anyone: Consistent and controllable image-to-video synthesis for character animation},
  author={Hu, Li},
  booktitle={Proceedings of the IEEE/CVF Conference on Computer Vision and Pattern Recognition},
  pages={8153--8163},
  year={2024}
}


@inproceedings{champ,
  title={Champ: Controllable and consistent human image animation with 3d parametric guidance},
  author={Zhu, Shenhao and Chen, Junming Leo and Dai, Zuozhuo and Dong, Zilong and Xu, Yinghui and Cao, Xun and Yao, Yao and Zhu, Hao and Zhu, Siyu},
  booktitle={European Conference on Computer Vision},
  pages={145--162},
  year={2025},
  organization={Springer}
}


@article{mimicmotion,
  title={Mimicmotion: High-quality human motion video generation with confidence-aware pose guidance},
  author={Zhang, Yuang and Gu, Jiaxi and Wang, Li-Wen and Wang, Han and Cheng, Junqi and Zhu, Yuefeng and Zou, Fangyuan},
  journal={arXiv preprint arXiv:2406.19680},
  year={2024}
}

@article{unianimate,
  title={UniAnimate: Taming Unified Video Diffusion Models for Consistent Human Image Animation},
  author={Wang, Xiang and Zhang, Shiwei and Gao, Changxin and Wang, Jiayu and Zhou, Xiaoqiang and Zhang, Yingya and Yan, Luxin and Sang, Nong},
  journal={arXiv preprint arXiv:2406.01188},
  year={2024}
}


@article{anchorcrafter,
  title={AnchorCrafter: Animate CyberAnchors Saling Your Products via Human-Object Interacting Video Generation},
  author={Xu, Ziyi and Huang, Ziyao and Cao, Juan and Zhang, Yong and Cun, Xiaodong and Shuai, Qing and Wang, Yuchen and Bao, Linchao and Li, Jintao and Tang, Fan},
  journal={arXiv preprint arXiv:2411.17383},
  year={2024}
}

@article{mimo,
  title={Mimo: Controllable character video synthesis with spatial decomposed modeling},
  author={Men, Yifang and Yao, Yuan and Cui, Miaomiao and Bo, Liefeng},
  journal={arXiv preprint arXiv:2409.16160},
  year={2024}
}

@inproceedings{emo,
  title={EMO: Emote Portrait Alive Generating Expressive Portrait Videos with Audio2Video Diffusion Model Under Weak Conditions},
  author={Tian, Linrui and Wang, Qi and Zhang, Bang and Bo, Liefeng},
  booktitle={European Conference on Computer Vision},
  pages={244--260},
  year={2025},
  organization={Springer}
}


@inproceedings{putting,
  title={Putting people in their place: Affordance-aware human insertion into scenes},
  author={Kulal, Sumith and Brooks, Tim and Aiken, Alex and Wu, Jiajun and Yang, Jimei and Lu, Jingwan and Efros, Alexei A and Singh, Krishna Kumar},
  booktitle={Proceedings of the IEEE/CVF Conference on Computer Vision and Pattern Recognition},
  pages={17089--17099},
  year={2023}
}


@inproceedings{text2place,
  title={Text2Place: Affordance-Aware Text Guided Human Placement},
  author={Parihar, Rishubh and Gupta, Harsh and VS, Sachidanand and Babu, R Venkatesh},
  booktitle={European Conference on Computer Vision},
  pages={57--77},
  year={2024}
}


@article{invi,
  title={InVi: Object Insertion In Videos Using Off-the-Shelf Diffusion Models},
  author={Saini, Nirat and Bodla, Navaneeth and Shrivastava, Ashish and Ravichandran, Avinash and Zhang, Xiao and Shrivastava, Abhinav and Singh, Bharat},
  journal={arXiv preprint arXiv:2407.10958},
  year={2024}
}


@inproceedings{sam,
  title={Segment anything},
  author={Kirillov, Alexander and Mintun, Eric and Ravi, Nikhila and Mao, Hanzi and Rolland, Chloe and Gustafson, Laura and Xiao, Tete and Whitehead, Spencer and Berg, Alexander C and Lo, Wan-Yen and others},
  booktitle={Proceedings of the IEEE/CVF International Conference on Computer Vision},
  pages={4015--4026},
  year={2023}
}


@article{sam2,
  title={Sam 2: Segment anything in images and videos},
  author={Ravi, Nikhila and Gabeur, Valentin and Hu, Yuan-Ting and Hu, Ronghang and Ryali, Chaitanya and Ma, Tengyu and Khedr, Haitham and R{\"a}dle, Roman and Rolland, Chloe and Gustafson, Laura and others},
  journal={arXiv preprint arXiv:2408.00714},
  year={2024}
}


@inproceedings{groundingdino,
  title={Grounding dino: Marrying dino with grounded pre-training for open-set object detection},
  author={Liu, Shilong and Zeng, Zhaoyang and Ren, Tianhe and Li, Feng and Zhang, Hao and Yang, Jie and Jiang, Qing and Li, Chunyuan and Yang, Jianwei and Su, Hang and others},
  booktitle={European Conference on Computer Vision},
  pages={38--55},
  year={2025},
  organization={Springer}
}

@article{groundingsam,
  title={Grounded sam: Assembling open-world models for diverse visual tasks},
  author={Ren, Tianhe and Liu, Shilong and Zeng, Ailing and Lin, Jing and Li, Kunchang and Cao, He and Chen, Jiayu and Huang, Xinyu and Chen, Yukang and Yan, Feng and others},
  journal={arXiv preprint arXiv:2401.14159},
  year={2024}
}

@inproceedings{sapiens,
  title={Sapiens: Foundation for human vision models},
  author={Khirodkar, Rawal and Bagautdinov, Timur and Martinez, Julieta and Zhaoen, Su and James, Austin and Selednik, Peter and Anderson, Stuart and Saito, Shunsuke},
  booktitle={European Conference on Computer Vision},
  pages={206--228},
  year={2025},
  organization={Springer}
}


@incollection{smpl,
  title={SMPL: A skinned multi-person linear model},
  author={Loper, Matthew and Mahmood, Naureen and Romero, Javier and Pons-Moll, Gerard and Black, Michael J},
  booktitle={Seminal Graphics Papers: Pushing the Boundaries, Volume 2},
  pages={851--866},
  year={2023}
}


@inproceedings{magicpose,
  title={Magicpose: Realistic human poses and facial expressions retargeting with identity-aware diffusion},
  author={Chang, Di and Shi, Yichun and Gao, Quankai and Xu, Hongyi and Fu, Jessica and Song, Guoxian and Yan, Qing and Zhu, Yizhe and Yang, Xiao and Soleymani, Mohammad},
  booktitle={Forty-first International Conference on Machine Learning},
  year={2023}
}


@article{mamba,
  title={Mamba: Linear-time sequence modeling with selective state spaces},
  author={Gu, Albert and Dao, Tri},
  journal={arXiv preprint arXiv:2312.00752},
  year={2023}
}

@article{svd,
  title={Stable video diffusion: Scaling latent video diffusion models to large datasets},
  author={Blattmann, Andreas and Dockhorn, Tim and Kulal, Sumith and Mendelevitch, Daniel and Kilian, Maciej and Lorenz, Dominik and Levi, Yam and English, Zion and Voleti, Vikram and Letts, Adam and others},
  journal={arXiv preprint arXiv:2311.15127},
  year={2023}
}

@inproceedings{propainter,
  title={Propainter: Improving propagation and transformer for video inpainting},
  author={Zhou, Shangchen and Li, Chongyi and Chan, Kelvin CK and Loy, Chen Change},
  booktitle={Proceedings of the IEEE/CVF International Conference on Computer Vision},
  pages={10477--10486},
  year={2023}
}

@article{moviecharacter,
  title={MovieCharacter: A Tuning-Free Framework for Controllable Character Video Synthesis},
  author={Qiu, Di and Chen, Zheng and Wang, Rui and Fan, Mingyuan and Yu, Changqian and Huan, Junshi and Wen, Xiang},
  journal={arXiv preprint arXiv:2410.20974},
  year={2024}
}


@article{demamba,
  title={DeMamba: AI-Generated Video Detection on Million-Scale GenVideo Benchmark},
  author={Chen, Haoxing and Hong, Yan and Huang, Zizheng and Xu, Zhuoer and Gu, Zhangxuan and Li, Yaohui and Lan, Jun and Zhu, Huijia and Zhang, Jianfu and Wang, Weiqiang and others},
  journal={arXiv preprint arXiv:2405.19707},
  year={2024}
}


@article{dormant,
  title={Dormant: Defending against Pose-driven Human Image Animation},
  author={Zhou, Jiachen and Wang, Mingsi and Li, Tianlin and Meng, Guozhu and Chen, Kai},
  journal={arXiv preprint arXiv:2409.14424},
  year={2024}
}



@inproceedings{environment-specific,
  title={Synthesizing Environment-Specific People in Photographs},
  author={Ostrek, Mirela and O’Sullivan, Carol and Black, Michael J and Thies, Justus},
  booktitle={European Conference on Computer Vision},
  pages={292--309},
  year={2024},
  organization={Springer}
}


@inproceedings{addme,
  title={AddMe: Zero-Shot Group-Photo Synthesis by Inserting People Into Scenes},
  author={Yue, Dongxu and Li, Maomao and Liu, Yunfei and Guo, Qin and Zeng, Ailing and Yang, Tianyu and Li, Yu},
  booktitle={European Conference on Computer Vision},
  pages={222--239},
  year={2024},
  organization={Springer}
}


@inproceedings{tcan,
  title={Tcan: Animating human images with temporally consistent pose guidance using diffusion models},
  author={Kim, Jeongho and Kim, Min-Jung and Lee, Junsoo and Choo, Jaegul},
  booktitle={European Conference on Computer Vision},
  pages={326--342},
  year={2024},
  organization={Springer}
}

@article{tpc,
  title={TPC: Test-time Procrustes Calibration for Diffusion-based Human Image Animation},
  author={Yoon, Sunjae and Koo, Gwanhyeong and Lee, Younghwan and Yoo, Chang D},
  journal={arXiv preprint arXiv:2410.24037},
  year={2024}
}


@article{cogvlm,
  title={Cogvlm: Visual expert for pretrained language models},
  author={Wang, Weihan and Lv, Qingsong and Yu, Wenmeng and Hong, Wenyi and Qi, Ji and Wang, Yan and Ji, Junhui and Yang, Zhuoyi and Zhao, Lei and Song, Xixuan and others},
  journal={arXiv preprint arXiv:2311.03079},
  year={2023}
}

@article{qwenvl,
  title={Qwen-vl: A frontier large vision-language model with versatile abilities},
  author={Bai, Jinze and Bai, Shuai and Yang, Shusheng and Wang, Shijie and Tan, Sinan and Wang, Peng and Lin, Junyang and Zhou, Chang and Zhou, Jingren},
  journal={arXiv preprint arXiv:2308.12966},
  year={2023}
}
