@ARTICLE{8631004-2019,
  author={Dang, Sihang and Cao, Zongjie and Cui, Zongyong and Pi, Yiming and Liu, Nengyuan},
  journal={IEEE Transactions on Geoscience and Remote Sensing}, 
  title={Open Set Incremental Learning for Automatic Target Recognition}, 
  year={2019},
  volume={57},
  number={7},
  pages={4445-4456}}

@InProceedings{Joseph_2021_CVPR,
    author    = {Joseph, K J and Khan, Salman and Khan, Fahad Shahbaz and Balasubramanian, Vineeth N},
    title     = {Towards Open World Object Detection},
    booktitle = {Proceedings of the IEEE/CVF Conference on Computer Vision and Pattern Recognition},
    month     = {June},
    year      = {2021},
    pages     = {5830-5840}
}

@inproceedings{aljundi2022continual,
  title={Continual novelty detection},
  author={Aljundi, Rahaf and Reino, Daniel Olmeda and Chumerin, Nikolay and Turner, Richard E},
  booktitle={Conference on Lifelong Learning Agents},
  pages={1004--1025},
  year={2022},
  organization={PMLR}
}

@inproceedings{bendale2015towards,
  title={Towards open world recognition},
  author={Bendale, Abhijit and Boult, Terrance},
  booktitle={Proceedings of the IEEE Conference on Computer Vision and Pattern Recognition},
  pages={1893--1902},
  year={2015}
}

@inproceedings{chan2021entropy,
  title={Entropy maximization and meta classification for out-of-distribution detection in semantic segmentation},
  author={Chan, Robin and Rottmann, Matthias and Gottschalk, Hanno},
  booktitle={Proceedings of the ieee/cvf international conference on computer vision},
  pages={5128--5137},
  year={2021}
}

@inproceedings{fei2016learning,
  title={Learning cumulatively to become more knowledgeable},
  author={Fei, Geli and Wang, Shuai and Liu, Bing},
  booktitle={Proceedings of the 22nd ACM SIGKDD International Conference on Knowledge Discovery and Data Mining},
  pages={1565--1574},
  year={2016}
}

@article{kim2022theoretical,
  title={A theoretical study on solving continual learning},
  author={Kim, Gyuhak and Xiao, Changnan and Konishi, Tatsuya and Ke, Zixuan and Liu, Bing},
  journal={Advances in neural information processing systems},
  volume={35},
  pages={5065--5079},
  year={2022}
}

@article{kim2025open,
  title={Open-world continual learning: Unifying novelty detection and continual learning},
  author={Kim, Gyuhak and Xiao, Changnan and Konishi, Tatsuya and Ke, Zixuan and Liu, Bing},
  journal={Artificial Intelligence},
  volume={338},
  pages={104237},
  year={2025},
  publisher={Elsevier}
}

@article{kirkpatrick2017overcoming,
  title={Overcoming catastrophic forgetting in neural networks},
  author={Kirkpatrick, James and Pascanu, Razvan and Rabinowitz, Neil and Veness, Joel and Desjardins, Guillaume and Rusu, Andrei A and Milan, Kieran and Quan, John and Ramalho, Tiago and Grabska-Barwinska, Agnieszka and others},
  journal={Proceedings of the national academy of sciences},
  volume={114},
  number={13},
  pages={3521--3526},
  year={2017},
  publisher={National Acad Sciences}
}

@article{li2017learning,
  title={Learning without forgetting},
  author={Li, Zhizhong and Hoiem, Derek},
  journal={IEEE transactions on pattern analysis and machine intelligence},
  volume={40},
  number={12},
  pages={2935--2947},
  year={2017},
  publisher={IEEE}
}

@inproceedings{li2024learning,
  title={Learning to Prompt Knowledge Transfer for Open-World Continual Learning},
  author={Li, Yujie and Yang, Xin and Wang, Hao and Wang, Xiangkun and Li, Tianrui},
  booktitle={Proceedings of the AAAI Conference on Artificial Intelligence},
  volume={38(12)},
  pages={13700--13708},
  year={2024}
}

@article{liu2023ai,
  title={AI Autonomy: Self-Initiation, Adaptation and Continual Learning},
  author={Liu, Bing and Mazumder, Sahisnu and Robertson, Eric and Grigsby, Scott},
  journal={AI Magazine},
  year={2023},
  publisher={Wiley Online Library}
}

@inproceedings{liu2024task,
  title={Task-Adaptive Saliency Guidance for Exemplar-free Class Incremental Learning},
  author={Liu, Xialei and Zhai, Jiang-Tian and Bagdanov, Andrew D and Li, Ke and Cheng, Ming-Ming},
  booktitle={Proceedings of the IEEE/CVF Conference on Computer Vision and Pattern Recognition},
  pages={23954--23963},
  year={2024}
}

@book{mazumder2024lifelong,
  title={Lifelong and Continual Learning Dialogue Systems},
  author={Mazumder, Sahisnu and Liu, Bing},
  year={2024},
  publisher={Springer Nature}
}

@article{mundt2022unified,
  title={Unified probabilistic deep continual learning through generative replay and open set recognition},
  author={Mundt, Martin and Pliushch, Iuliia and Majumder, Sagnik and Hong, Yongwon and Ramesh, Visvanathan},
  journal={Journal of Imaging},
  volume={8},
  number={4},
  pages={93},
  year={2022},
  publisher={MDPI}
}

@article{schlachter2020deep,
  title={Deep open set recognition using dynamic intra-class splitting},
  author={Schlachter, Patrick and Liao, Yiwen and Yang, Bin},
  journal={SN Computer Science},
  volume={1},
  pages={1--12},
  year={2020},
  publisher={Springer}
}

@article{wang2020novelty,
  title={Novelty detection and online learning for chunk data streams},
  author={Wang, Yi and Ding, Yi and He, Xiangjian and Fan, Xin and Lin, Chi and Li, Fengqi and Wang, Tianzhu and Luo, Zhongxuan and Luo, Jiebo},
  journal={IEEE Transactions on Pattern Analysis and Machine Intelligence},
  volume={43},
  number={7},
  pages={2400--2412},
  year={2020},
  publisher={IEEE}
}

@article{yu2022self,
  title={Self-training for class-incremental semantic segmentation},
  author={Yu, Lu and Liu, Xialei and Van de Weijer, Joost},
  journal={IEEE Transactions on Neural Networks and Learning Systems},
  volume={34},
  number={11},
  pages={9116--9127},
  year={2022},
  publisher={IEEE}
}

@article{zhou2024class,
  title={Class-Incremental Learning: A Survey},
  author={Zhou, Da-Wei and Wang, Qi-Wei and Qi, Zhi-Hong and Ye, Han-Jia and Zhan, De-Chuan and Liu, Ziwei},
  journal={IEEE Transactions on Pattern Analysis and Machine Intelligence},
  year={2024},
  publisher={IEEE}
}

