@inproceedings{wang2019forward,
  title={Forward and backward knowledge transfer for sentiment classification},
  author={Wang, Hao and Liu, Bing and Wang, Shuai and Ma, Nianzu and Yang, Yan},
  booktitle={Asian Conference on Machine Learning},
  pages={457--472},
  year={2019},
  organization={PMLR}
}
@book{mazumder2024lifelong,
  title={Lifelong and Continual Learning Dialogue Systems},
  author={Mazumder, Sahisnu and Liu, Bing},
  year={2024},
  publisher={Springer Nature}
}
@ARTICLE{8631004-2019,
  author={Dang, Sihang and Cao, Zongjie and Cui, Zongyong and Pi, Yiming and Liu, Nengyuan},
  journal={IEEE Transactions on Geoscience and Remote Sensing}, 
  title={Open Set Incremental Learning for Automatic Target Recognition}, 
  year={2019},
  volume={57},
  number={7},
  pages={4445-4456}}
@InProceedings{Joseph_2021_CVPR,
    author    = {Joseph, K J and Khan, Salman and Khan, Fahad Shahbaz and Balasubramanian, Vineeth N},
    title     = {Towards Open World Object Detection},
    booktitle = {Proceedings of the IEEE/CVF Conference on Computer Vision and Pattern Recognition},
    month     = {June},
    year      = {2021},
    pages     = {5830-5840}
}
@article{kim2022theoretical,
  title={A theoretical study on solving continual learning},
  author={Kim, Gyuhak and Xiao, Changnan and Konishi, Tatsuya and Ke, Zixuan and Liu, Bing},
  journal={Advances in neural information processing systems},
  volume={35},
  pages={5065--5079},
  year={2022}
}
@article{liu2023ai,
  title={AI Autonomy: Self-Initiation, Adaptation and Continual Learning},
  author={Liu, Bing and Mazumder, Sahisnu and Robertson, Eric and Grigsby, Scott},
  journal={AI Magazine},
  year={2023},
  publisher={Wiley Online Library}
}
@inproceedings{fei2016learning,
  title={Learning cumulatively to become more knowledgeable},
  author={Fei, Geli and Wang, Shuai and Liu, Bing},
  booktitle={Proceedings of the 22nd ACM SIGKDD International Conference on Knowledge Discovery and Data Mining},
  pages={1565--1574},
  year={2016}
}
@inproceedings{hao2023cikm,
author = {Hao, Hongyan and Chu, Zhixuan and Zhu, Shiyi and Jiang, Gangwei and Wang, Yan and Jiang, Caigao and Zhang, James Y. and Jiang, Wei and Xue, Siqiao and Zhou, Jun},
title = {Continual Learning in Predictive Autoscaling},
year = {2023},
isbn = {9798400701245},
publisher = {ACM},
booktitle = {Proceedings of the 32nd ACM International Conference on Information and Knowledge Management},
pages = {4616â€“4622},
numpages = {7},
}
@inproceedings{bendale2015towards,
  title={Towards open world recognition},
  author={Bendale, Abhijit and Boult, Terrance},
  booktitle={Proceedings of the IEEE Conference on Computer Vision and Pattern Recognition},
  pages={1893--1902},
  year={2015}
}
@inproceedings{wang2022learning,
  title={Learning to prompt for continual learning},
  author={Wang, Zifeng and Zhang, Zizhao and Lee, Chen-Yu and Zhang, Han and Sun, Ruoxi and Ren, Xiaoqi and Su, Guolong and Perot, Vincent and Dy, Jennifer and Pfister, Tomas},
  booktitle={Proceedings of the IEEE/CVF Conference on Computer Vision and Pattern Recognition},
  pages={139--149},
  year={2022}
}
@article{zhou2023revisiting,
  title={Revisiting class-incremental learning with pre-trained models: Generalizability and adaptivity are all you need},
  author={Zhou, Da-Wei and Ye, Han-Jia and Zhan, De-Chuan and Liu, Ziwei},
  journal={arXiv preprint arXiv:2303.07338},
  year={2023}
}
@article{mcdonnell2024ranpac,
  title={Ranpac: Random projections and pre-trained models for continual learning},
  author={McDonnell, Mark D and Gong, Dong and Parvaneh, Amin and Abbasnejad, Ehsan and van den Hengel, Anton},
  journal={Advances in Neural Information Processing Systems},
  volume={36},
  year={2024}
}
@article{shi2024unified,
  title={A Unified Approach to Domain Incremental Learning with Memory: Theory and Algorithm},
  author={Shi, Haizhou and Wang, Hao},
  journal={Advances in Neural Information Processing Systems},
  volume={36},
  year={2024}
}
@inproceedings{fang2021learning,
  title={Learning bounds for open-set learning},
  author={Fang, Zhen and Lu, Jie and Liu, Anjin and Liu, Feng and Zhang, Guangquan},
  booktitle={International conference on machine learning},
  pages={3122--3132},
  year={2021},
  organization={PMLR}
}
@article{chen1996rapid,
  title={A rapid supervised learning neural network for function interpolation and approximation},
  author={Chen, C.L. Philip},
  journal={IEEE Transactions on Neural Networks},
  volume={7},
  number={5},
  pages={1220--1230},
  year={1996},
  publisher={IEEE}
}
@article{huang2006extreme,
  title={Extreme learning machine: theory and applications},
  author={Huang, Guang-Bin and Zhu, Qin-Yu and Siew, Chee-Kheong},
  journal={Neurocomputing},
  volume={70},
  number={1-3},
  pages={489--501},
  year={2006},
  publisher={Elsevier}
}
@inproceedings{van2018three,
  title={Three continual learning scenarios},
  author={van de Ven, Gido M and Tolias, Andreas S},
  booktitle={NeurIPS Continual Learning Workshop},
  volume={1(9)},
  year={2018}
}
@inproceedings{li2024learning,
  title={Learning to Prompt Knowledge Transfer for Open-World Continual Learning},
  author={Li, Yujie and Yang, Xin and Wang, Hao and Wang, Xiangkun and Li, Tianrui},
  booktitle={Proceedings of the AAAI Conference on Artificial Intelligence},
  volume={38(12)},
  pages={13700--13708},
  year={2024}
}
@InProceedings{pmlr-v70-zenke17a,
  title = 	 {Continual Learning Through Synaptic Intelligence},
  author =       {Friedemann Zenke and Ben Poole and Surya Ganguli},
  booktitle = 	 {Proceedings of the 34th International Conference on Machine Learning},
  pages = 	 {3987--3995},
  year = 	 {2017},
  editor = 	 {Precup, Doina and Teh, Yee Whye},
  volume = 	 {70},
  series = 	 {Proceedings of Machine Learning Research},
  month = 	 {06--11 Aug},
  publisher =    {PMLR}
}

@inproceedings{wang2022dualprompt,
  title={Dualprompt: Complementary prompting for rehearsal-free continual learning},
  author={Wang, Zifeng and Zhang, Zizhao and Ebrahimi, Sayna and Sun, Ruoxi and Zhang, Han and Lee, Chen-Yu and Ren, Xiaoqi and Su, Guolong and Perot, Vincent and Dy, Jennifer and others},
  booktitle={European Conference on Computer Vision},
  pages={631--648},
  year={2022},
  organization={Springer}
}
@inproceedings{smith2023coda,
  title={Coda-prompt: Continual decomposed attention-based prompting for rehearsal-free continual learning},
  author={Smith, James Seale and Karlinsky, Leonid and Gutta, Vyshnavi and Cascante-Bonilla, Paola and Kim, Donghyun and Arbelle, Assaf and Panda, Rameswar and Feris, Rogerio and Kira, Zsolt},
  booktitle={Proceedings of the IEEE/CVF Conference on Computer Vision and Pattern Recognition},
  pages={11909--11919},
  year={2023}
}
@article{zhou2023learning,
  title={Learning without forgetting for vision-language models},
  author={Zhou, Da-Wei and Zhang, Yuanhan and Ning, Jingyi and Ye, Han-Jia and Zhan, De-Chuan and Liu, Ziwei},
  journal={arXiv preprint arXiv:2305.19270},
  year={2023}
}
@inproceedings{basart2022scaling,
  title={Scaling Out-of-Distribution Detection for Real-World Settings},
  author={Basart, Steven and Mantas, Mazeika and Mohammadreza, Mostajabi and Jacob, Steinhardt and Dawn, Song},
  booktitle={International Conference on Machine Learning},
  year={2022}
}
@inproceedings{chan2021entropy,
  title={Entropy maximization and meta classification for out-of-distribution detection in semantic segmentation},
  author={Chan, Robin and Rottmann, Matthias and Gottschalk, Hanno},
  booktitle={Proceedings of the ieee/cvf international conference on computer vision},
  pages={5128--5137},
  year={2021}
}
@article{liu2020energy,
  title={Energy-based out-of-distribution detection},
  author={Liu, Weitang and Wang, Xiaoyun and Owens, John and Li, Yixuan},
  journal={Advances in Neural Information Processing Systems},
  volume={33},
  pages={21464--21475},
  year={2020}
}
@article{krizhevsky2009learning,
  title={Learning multiple layers of features from tiny images},
  author={Krizhevsky, Alex and Hinton, Geoffrey and others},
  year={2009},
  journal={Master's thesis, University of Tront},
  publisher={Toronto, ON, Canada}
}
@inproceedings{lomonaco2017core50,
  title={Core50: a new dataset and benchmark for continuous object recognition},
  author={Lomonaco, Vincenzo and Maltoni, Davide},
  booktitle={Conference on robot learning},
  pages={17--26},
  year={2017},
  organization={PMLR}
}

@article{vapnik1998statistical,
  title={Statistical learning theory},
  author={Vapnik, Vladimir Naumovich and Vapnik, Vlamimir and others},
  year={1998},
  journal={Wiley New York}
}
@inproceedings{zhou2022knn,
  title={KNN-contrastive learning for out-of-domain intent classification},
  author={Zhou, Yunhua and Liu, Peiju and Qiu, Xipeng},
  booktitle={Proceedings of the 60th Annual Meeting of the Association for Computational Linguistics (Volume 1: Long Papers)},
  pages={5129--5141},
  year={2022}
}
@book{anthony1999neural,
  title={Neural network learning: Theoretical foundations},
  author={Anthony, Martin and Bartlett, Peter L and Bartlett, Peter L and others},
  volume={9},
  year={1999},
  publisher={cambridge university press Cambridge}
}
@article{chen2022adaptformer,
  title={Adaptformer: Adapting vision transformers for scalable visual recognition},
  author={Chen, Shoufa and Ge, Chongjian and Tong, Zhan and Wang, Jiangliu and Song, Yibing and Wang, Jue and Luo, Ping},
  journal={Advances in Neural Information Processing Systems},
  volume={35},
  pages={16664--16678},
  year={2022}
}
@article{lian2022scaling,
  title={Scaling \& shifting your features: A new baseline for efficient model tuning},
  author={Lian, Dongze and Zhou, Daquan and Feng, Jiashi and Wang, Xinchao},
  journal={Advances in Neural Information Processing Systems},
  volume={35},
  pages={109--123},
  year={2022}
}
@inproceedings{jia2022visual,
  title={Visual prompt tuning},
  author={Jia, Menglin and Tang, Luming and Chen, Bor-Chun and Cardie, Claire and Belongie, Serge and Hariharan, Bharath and Lim, Ser-Nam},
  booktitle={European Conference on Computer Vision},
  pages={709--727},
  year={2022},
  organization={Springer}
}
@article{mundt2022unified,
  title={Unified probabilistic deep continual learning through generative replay and open set recognition},
  author={Mundt, Martin and Pliushch, Iuliia and Majumder, Sagnik and Hong, Yongwon and Ramesh, Visvanathan},
  journal={Journal of Imaging},
  volume={8},
  number={4},
  pages={93},
  year={2022},
  publisher={MDPI}
}@article{kim2023open,
  title={Open-world continual learning: Unifying novelty detection and continual learning},
  author={Kim, Gyuhak and Xiao, Changnan and Konishi, Tatsuya and Ke, Zixuan and Liu, Bing},
  journal={arXiv preprint arXiv:2304.10038},
  year={2023}
}
@article{truong2023fairness,
  title={Fairness continual learning approach to semantic scene understanding in open-world environments},
  author={Truong, Thanh-Dat and Nguyen, Hoang-Quan and Raj, Bhiksha and Luu, Khoa},
  journal={Advances in Neural Information Processing Systems},
  volume={36},
  pages={65456--65467},
  year={2023}
}
@article{wang2024comprehensive,
  title={A comprehensive survey of continual learning: theory, method and application},
  author={Wang, Liyuan and Zhang, Xingxing and Su, Hang and Zhu, Jun},
  journal={IEEE Transactions on Pattern Analysis and Machine Intelligence},
  year={2024},
  publisher={IEEE}
}
@article{kirkpatrick2017overcoming,
  title={Overcoming catastrophic forgetting in neural networks},
  author={Kirkpatrick, James and Pascanu, Razvan and Rabinowitz, Neil and Veness, Joel and Desjardins, Guillaume and Rusu, Andrei A and Milan, Kieran and Quan, John and Ramalho, Tiago and Grabska-Barwinska, Agnieszka and others},
  journal={Proceedings of the national academy of sciences},
  volume={114},
  number={13},
  pages={3521--3526},
  year={2017},
  publisher={National Acad Sciences}
}
@article{scheirer2012toward,
  title={Toward open set recognition},
  author={Scheirer, Walter J and de Rezende Rocha, Anderson and Sapkota, Archana and Boult, Terrance E},
  journal={IEEE transactions on pattern analysis and machine intelligence},
  volume={35},
  number={7},
  pages={1757--1772},
  year={2012},
  publisher={IEEE}
}
@inproceedings{kishida2021object,
  title={Object recognition with continual open set domain adaptation for home robot},
  author={Kishida, Ikki and Chen, Hong and Baba, Masaki and Jin, Jiren and Amma, Ayako and Nakayama, Hideki},
  booktitle={Proceedings of the IEEE/CVF Winter Conference on Applications of Computer Vision},
  pages={1517--1526},
  year={2021}
}
@article{masana2022class,
  title={Class-incremental learning: survey and performance evaluation on image classification},
  author={Masana, Marc and Liu, Xialei and Twardowski, Bart{\l}omiej and Menta, Mikel and Bagdanov, Andrew D and Van De Weijer, Joost},
  journal={IEEE Transactions on Pattern Analysis and Machine Intelligence},
  volume={45},
  number={5},
  pages={5513--5533},
  year={2022},
  publisher={IEEE}
}
@article{lo2022adversarially,
  title={Adversarially robust one-class novelty detection},
  author={Lo, Shao-Yuan and Oza, Poojan and Patel, Vishal M},
  journal={IEEE Transactions on Pattern Analysis and Machine Intelligence},
  volume={45},
  number={4},
  pages={4167--4179},
  year={2022},
  publisher={IEEE}
}
@article{li2017learning,
  title={Learning without forgetting},
  author={Li, Zhizhong and Hoiem, Derek},
  journal={IEEE transactions on pattern analysis and machine intelligence},
  volume={40},
  number={12},
  pages={2935--2947},
  year={2017},
  publisher={IEEE}
}
@inproceedings{aljundi2022continual,
  title={Continual novelty detection},
  author={Aljundi, Rahaf and Reino, Daniel Olmeda and Chumerin, Nikolay and Turner, Richard E},
  booktitle={Conference on Lifelong Learning Agents},
  pages={1004--1025},
  year={2022},
  organization={PMLR}
}
@article{wang2020novelty,
  title={Novelty detection and online learning for chunk data streams},
  author={Wang, Yi and Ding, Yi and He, Xiangjian and Fan, Xin and Lin, Chi and Li, Fengqi and Wang, Tianzhu and Luo, Zhongxuan and Luo, Jiebo},
  journal={IEEE Transactions on Pattern Analysis and Machine Intelligence},
  volume={43},
  number={7},
  pages={2400--2412},
  year={2020},
  publisher={IEEE}
}
@inproceedings{houlsby2019parameter,
  title={Parameter-efficient transfer learning for {NLP}},
  author={Houlsby, Neil and Giurgiu, Andrei and Jastrzebski, Stanislaw and Morrone, Bruna and de Laroussilhe, Quentin and Gesmundo, Andrea and Attariyan, Mona and Gelly, Sylvain},
  booktitle={Proceedings of the 36th International Conference on Machine Learning (ICML 2019)},
  year={2019},
  pages={2790--2799},
  organization={PMLR}
}

@inproceedings{li2021prefix,
  title={Prefix-Tuning: Optimizing Continuous Prompts for Generation},
  author={Li, Xiang and Liang, Yuxian and Ma, Zihan and Li, Yuanmeng and Hoi, Steven C. H.},
  booktitle={Association for Computational Linguistics (ACL) 2021},
  year={2021}
}
@article{zhu2022multi,
  title={Multi-granularity Inter-class Correlation Based Contrastive Learning for Open Set Recognition.},
  author={Zhu, Pengfei and Zhang, Wanying and Wang, Yu and Hu, Qinghua},
  journal={Int. J. Softw. Informatics},
  volume={12},
  number={2},
  pages={157--175},
  year={2022}
}

@article{schlachter2020deep,
  title={Deep open set recognition using dynamic intra-class splitting},
  author={Schlachter, Patrick and Liao, Yiwen and Yang, Bin},
  journal={SN Computer Science},
  volume={1},
  pages={1--12},
  year={2020},
  publisher={Springer}
}

@article{huang2022class,
  title={Class-specific semantic reconstruction for open set recognition},
  author={Huang, Hongzhi and Wang, Yu and Hu, Qinghua and Cheng, Ming-Ming},
  journal={IEEE transactions on pattern analysis and machine intelligence},
  volume={45},
  number={4},
  pages={4214--4228},
  year={2022},
  publisher={IEEE}
}
@article{kim2025open,
  title={Open-world continual learning: Unifying novelty detection and continual learning},
  author={Kim, Gyuhak and Xiao, Changnan and Konishi, Tatsuya and Ke, Zixuan and Liu, Bing},
  journal={Artificial Intelligence},
  volume={338},
  pages={104237},
  year={2025},
  publisher={Elsevier}
}
@article{zhou2024class,
  title={Class-Incremental Learning: A Survey},
  author={Zhou, Da-Wei and Wang, Qi-Wei and Qi, Zhi-Hong and Ye, Han-Jia and Zhan, De-Chuan and Liu, Ziwei},
  journal={IEEE Transactions on Pattern Analysis and Machine Intelligence},
  year={2024},
  publisher={IEEE}
}
@inproceedings{vijayan2023trire,
  title={TriRE: A Multi-Mechanism Learning Paradigm for Continual Knowledge Retention and Promotion},
  author={Vijayan, Preetha and Bhat, Prashant and Zonooz, Bahram and Arani, Elahe},
  booktitle={Advances in Neural Information Processing Systems},
  year={2023}
}
@inproceedings{dhar2019learning,
  title={Learning without Memorizing},
  author={Dhar, Prithviraj and Singh, Rajat Vikram and Peng, Kuan-Chuan and Wu, Ziyan and Chellappa, Rama},
  booktitle={Proceedings of the IEEE/CVF Conference on Computer Vision and Pattern Recognition (CVPR)},
  pages={5138--5146},
  year={2019},
  organization={IEEE}
}
@article{parisi2019continual,
  title={Continual Learning with Dual Memory},
  author={Parisi, G. I. and Tani, J. and Weber, C. and Wermter, S.},
  journal={IEEE Transactions on Neural Networks and Learning Systems},
  volume={30},
  number={4},
  pages={1053--1065},
  year={2019},
  publisher={IEEE},
  doi={10.1109/TNNLS.2018.2841055}
}
@inproceedings{liu2024task,
  title={Task-Adaptive Saliency Guidance for Exemplar-free Class Incremental Learning},
  author={Liu, Xialei and Zhai, Jiang-Tian and Bagdanov, Andrew D and Li, Ke and Cheng, Ming-Ming},
  booktitle={Proceedings of the IEEE/CVF Conference on Computer Vision and Pattern Recognition},
  pages={23954--23963},
  year={2024}
}
@article{yu2022self,
  title={Self-training for class-incremental semantic segmentation},
  author={Yu, Lu and Liu, Xialei and Van de Weijer, Joost},
  journal={IEEE Transactions on Neural Networks and Learning Systems},
  volume={34},
  number={11},
  pages={9116--9127},
  year={2022},
  publisher={IEEE}
}