@article{TelcoRAG,
      title={Telco-{RAG}: Navigating the Challenges of Retrieval-Augmented Language Models for Telecommunications}, 
      author={Andrei-Laurentiu Bornea and Fadhel Ayed and Antonio De Domenico and Nicola Piovesan and Ali Maatouk},
      year={2024},
      eprint={2404.15939},
      archivePrefix={arXiv},
      primaryClass={cs.IR},
      journal={arXiv preprint arXiv:2404.15939},
      url={https://arxiv.org/abs/2404.15939}, 
}

@article{TeleQnA,
      title={Tele{Q}n{A}: A Benchmark Dataset to Assess Large Language Models Telecommunications Knowledge}, 
      author={Ali Maatouk and Fadhel Ayed and Nicola Piovesan and Antonio De Domenico and Merouane Debbah and Zhi-Quan Luo},
      year={2023},
      eprint={2310.15051},
      archivePrefix={arXiv},
      primaryClass={cs.IT},
      journal={arXiv preprint arXiv:2310.15051},
      url={https://arxiv.org/abs/2310.15051}, 
}

@article{TelecomRAG,
      title={Telecom{RAG}: Taming Telecom Standards with Retrieval Augmented Generation and {LLM}s}, 
      author={Girma M. Yilma and Jose A. Ayala-Romero and Andres Garcia-Saavedra and Xavier Costa-Perez},
      year={2024},
      eprint={2406.07053},
      archivePrefix={arXiv},
      primaryClass={cs.NI},
      journal={arXiv preprint arXiv:2406.07053},
      url={https://arxiv.org/abs/2406.07053}, 
}

@INPROCEEDINGS{Telecom_RAG_IEEE,
  author={Roychowdhury, Sujoy and Jain, Nishkarsh and Soman, Sumit},
  booktitle={2024 16th International Conference on COMmunication Systems \& NETworkS (COMSNETS)}, 
  title={Unlocking Telecom Domain Knowledge Using {LLMs}}, 
  year={2024},
  volume={},
  number={},
  pages={267-269},
  keywords={Knowledge engineering;Question answering (information retrieval);Telecommunications;Standards;Indexing;Context modeling},
  doi={10.1109/COMSNETS59351.2024.10427044}}

