@article{lewis2021retrievalaugmented,
      title={Retrieval-Augmented Generation for Knowledge-Intensive {NLP} Tasks}, 
      author={Patrick Lewis and others},
      year={2021},
      eprint={2005.11401},
      archivePrefix={arXiv},
      journal={arXiv preprint arXiv:2005.11401},
      primaryClass={cs.CL}
}

@ARTICLE{9169810,

  author={Zhang, Fuzhi and Wang, Shilei},

  journal={IEEE Transactions on Computational Social Systems}, 

  title={Detecting Group Shilling Attacks in Online Recommender Systems Based on Bisecting K-Means Clustering}, 

  year={2020},

  volume={7},

  number={5},

  pages={1189-1199},

  keywords={Recommender systems;Feature extraction;Clustering algorithms;Principal component analysis;Target tracking;Support vector machines;Bisecting K-means clustering;group shilling attack detection;group shilling attacks;recommender systems},

  doi={10.1109/TCSS.2020.3013878}},

@INPROCEEDINGS{7847231,
  author={Zhuang, Yu and Mao, Yu and Chen, Xin},
  booktitle={2016 IEEE Trustcom/BigDataSE/ISPA}, 
  title={A Limited-Iteration Bisecting K-Means for Fast Clustering Large Datasets}, 
  year={2016},
  volume={},
  number={},
  pages={2257-2262},
  keywords={Standards;Testing;Measurement;clustering;bisecting K-means;large datasets},
  doi={10.1109/TrustCom.2016.0348}}


@article{retrievalaugmentedgenerationlargelanguage,
      title={Retrieval-Augmented Generation for Large Language Models: A Survey}, 
      author={Yunfan Gao and Yun Xiong and Xinyu Gao and Kangxiang Jia and Jinliu Pan and Yuxi Bi and Yi Dai and Jiawei Sun and Meng Wang and Haofen Wang},
      year={2024},
      eprint={2312.10997},
      archivePrefix={arXiv},
      primaryClass={cs.CL},
      journal={arXiv preprint arXiv:2312.10997},
      url={https://arxiv.org/abs/2312.10997}, 
},



@article{TelcoRAG,
      title={Telco-{RAG}: Navigating the Challenges of Retrieval-Augmented Language Models for Telecommunications}, 
      author={Andrei-Laurentiu Bornea and Fadhel Ayed and Antonio De Domenico and Nicola Piovesan and Ali Maatouk},
      year={2024},
      eprint={2404.15939},
      archivePrefix={arXiv},
      primaryClass={cs.IR},
      journal={arXiv preprint arXiv:2404.15939},
      url={https://arxiv.org/abs/2404.15939}, 
},

%BAAI model 
@article{bge_embedding,
      title={C-Pack: Packaged Resources To Advance General Chinese Embedding}, 
      author={Shitao Xiao and Zheng Liu and Peitian Zhang and Niklas Muennighoff},
      year={2023},
      eprint={2309.07597},
      archivePrefix={arXiv},
      journal={arXiv preprint arXiv:2309.07597},
      primaryClass={cs.CL}
}


@article{ragfinetune,
  title={R{A-DIT}: Retrieval-augmented dual instruction tuning},
  author={Lin, Xi Victoria and Chen, Xilun and Chen, Mingda and Shi, Weijia and Lomeli, Maria and James, Rich and Rodriguez, Pedro and Kahn, Jacob and Szilvasy, Gergely and Lewis, Mike and others},
  journal={arXiv preprint arXiv:2310.01352},
  year={2023}
}


@article{TeleQnA,
      title={Tele{Q}n{A}: A Benchmark Dataset to Assess Large Language Models Telecommunications Knowledge}, 
      author={Ali Maatouk and Fadhel Ayed and Nicola Piovesan and Antonio De Domenico and Merouane Debbah and Zhi-Quan Luo},
      year={2023},
      eprint={2310.15051},
      archivePrefix={arXiv},
      primaryClass={cs.IT},
      journal={arXiv preprint arXiv:2310.15051},
      url={https://arxiv.org/abs/2310.15051}, 
}

@article{TelecomRAG,
      title={Telecom{RAG}: Taming Telecom Standards with Retrieval Augmented Generation and {LLM}s}, 
      author={Girma M. Yilma and Jose A. Ayala-Romero and Andres Garcia-Saavedra and Xavier Costa-Perez},
      year={2024},
      eprint={2406.07053},
      archivePrefix={arXiv},
      primaryClass={cs.NI},
      journal={arXiv preprint arXiv:2406.07053},
      url={https://arxiv.org/abs/2406.07053}, 
}

@INPROCEEDINGS{Telecom_RAG_IEEE,
  author={Roychowdhury, Sujoy and Jain, Nishkarsh and Soman, Sumit},
  booktitle={2024 16th International Conference on COMmunication Systems \& NETworkS (COMSNETS)}, 
  title={Unlocking Telecom Domain Knowledge Using {LLMs}}, 
  year={2024},
  volume={},
  number={},
  pages={267-269},
  keywords={Knowledge engineering;Question answering (information retrieval);Telecommunications;Standards;Indexing;Context modeling},
  doi={10.1109/COMSNETS59351.2024.10427044}}

@article{gemma2,
    title={Gemma 2: Improving Open Language Models at a Practical Size},
    author={Team, Gemma and Riviere, Morgane and Pathak, Shreya and Sessa, Pier Giuseppe and Hardin, Cassidy and Bhupatiraju, Surya and Hussenot, L{\'e}onard and Mesnard, Thomas and Shahriari, Bobak and Ram{\'e}, Alexandre and others},
    journal={arXiv preprint arXiv:2408.00118},
    year={2024},
    url={https://arxiv.org/abs/2408.00118}
    
}

@article{yepes2024financialreportchunkingeffective,
      title={Financial Report Chunking for Effective Retrieval Augmented Generation}, 
      author={Antonio Jimeno Yepes and Yao You and Jan Milczek and Sebastian Laverde and Renyu Li},
      year={2024},
      eprint={2402.05131},
      archivePrefix={arXiv},
      primaryClass={cs.CL},
      journal={arXiv preprint arXiv:2402.05131},
      url={https://arxiv.org/abs/2402.05131}, 
}

@article{phi3,
    title={Phi-3 technical report: A highly capable language model locally on your phone},
    author={Abdin, Marah and Jacobs, Sam Ade and Awan, Ammar Ahmad and Aneja, Jyoti and Awadallah, Ahmed and Awadalla, Hany and Bach, Nguyen and Bahree, Amit and Bakhtiari, Arash and Behl, Harkirat and others},
    journal={arXiv preprint arXiv:2404.14219},
    year={2024},
    url={https://arxiv.org/abs/2404.14219}
}

@article{steinbach2000comparison,
  title={A comparison of document clustering techniques},
  author={Steinbach, Michael and Karypis, George and Kumar, Vipin},
  journal = {https://conservancy.umn.edu/handle/11299/215421},
  year={2000},
  url = {https://conservancy.umn.edu/handle/11299/215421}
}

@article{ovadia2023fine,
  title={Fine-tuning or retrieval? comparing knowledge injection in {LLM}s},
  author={Ovadia, Oded and Brief, Menachem and Mishaeli, Moshik and Elisha, Oren},
  journal={arXiv preprint arXiv:2312.05934},
  year={2023}
}

@article{bariah2023large,
  title={Large {L}anguage {M}odels for Telecom: The next big thing?},
  author={Bariah, Lina and Zhao, Qiyang and Zou, Hang and Tian, Yu and Bader, Faouzi and Debbah, Merouane},
  journal={arXiv preprint arXiv:2306.10249},
  year={2023}
}

% SITES
@misc{huggingfaceBGE,
  author={HuggingFace},
  title={BAAI/bge-large-en},
  year=2023,
  howpublished={https://huggingface.co/BAAI/bge-large-en},
  note={Accessed: 2024-08-04}
}

@misc{huggingface_phi2,
  author={HuggingFace},
  title={microsoft/phi-2},
  year=2023,
  howpublished={https://huggingface.co/microsoft/phi-2},
  note={Accessed: 2024-08-04}
}

@misc{microsoft_phi2,
  author={{Microsoft Research}},
  title={Phi-2: The surprising power of small language models},
  year=2023,
  howpublished={https://www.microsoft.com/en-us/research/blog/phi-2-the-surprising-power-of-small-language-models/},
  note={Accessed: 2024-08-04}
}

@article{openai2024gpt4technicalreport,
      title={G{PT}-4 Technical Report}, 
      author={OpenAI and Josh Achiam and Steven Adler and Sandhini Agarwal and Lama Ahmad and others},
      year={2024},
      eprint={2303.08774},
      archivePrefix={arXiv},
      primaryClass={cs.CL},
      journal={arXiv preprint arXiv:2303.08774},
      url={https://arxiv.org/abs/2303.08774}, 
}


@article{TelecomGPT,
      title={Telecom{GPT}: A Framework to Build Telecom-Specfic Large Language Models}, 
      author={Hang Zou and Qiyang Zhao and Yu Tian and Lina Bariah and Faouzi Bader and Thierry Lestable and Merouane Debbah},
      year={2024},
      eprint={2407.09424},
      archivePrefix={arXiv},
      primaryClass={eess.SP},
      journal={arXiv preprint arXiv:2407.09424},
      url={https://arxiv.org/abs/2407.09424}, 
}

@article{faiss,
      title={The {F}aiss library}, 
      author={Matthijs Douze and Alexandr Guzhva and Chengqi Deng and Jeff Johnson and Gergely Szilvasy and Pierre-Emmanuel Mazaré and Maria Lomeli and Lucas Hosseini and Hervé Jégou},
      year={2024},
      eprint={2401.08281},
      archivePrefix={arXiv},
      primaryClass={cs.LG},
      journal={arXiv preprint arXiv:2401.08281},
      url={https://arxiv.org/abs/2401.08281}, 
}

@misc{sqlite2020hipp, 
  title={{SQLite}},
  howpublished={https://www.sqlite.org/index.html},
  version={3.31.1},
  year={2020},
  note={Accessed: August 2024},
  author={Hipp, Richard D}
}