@article{alsentzer2019publicly,
  title={Publicly available clinical BERT embeddings},
  author={Alsentzer, Emily and Murphy, John R and Boag, Willie and Weng, Wei-Hung and Jin, Di and Naumann, Tristan and McDermott, Matthew},
  journal={arXiv preprint arXiv:1904.03323},
  year={2019}
}

@article{aronson2010overview,
  title={An overview of MetaMap: historical perspective and recent advances},
  author={Aronson, Alan R and Lang, Fran{\c{c}}ois-Michel},
  journal={Journal of the American Medical Informatics Association},
  volume={17},
  number={3},
  pages={229--236},
  year={2010},
  publisher={BMJ Group BMA House, Tavistock Square, London, WC1H 9JR}
}

@article{butler2024jargon,
  title={From jargon to clarity: Improving the readability of foot and ankle radiology reports with an artificial intelligence large language model},
  author={Butler, James J and Harrington, Michael C and Tong, Yixuan and Rosenbaum, Andrew J and Samsonov, Alan P and Walls, Raymond J and Kennedy, John G},
  journal={Foot and Ankle Surgery},
  volume={30},
  number={4},
  pages={331--337},
  year={2024},
  publisher={Elsevier}
}

@inproceedings{cai2022generation,
  title={Generation of patient after-visit summaries to support physicians},
  author={Cai, Pengshan and Liu, Fei and Bajracharya, Adarsha and Sills, Joe and Kapoor, Alok and Liu, Weisong and Berlowitz, Dan and Levy, David and Pradhan, Richeek and Yu, Hong},
  booktitle={Proceedings of the 29th International Conference on Computational Linguistics (COLING)},
  year={2022}
}

@article{cai2023paniniqa,
  title={Paniniqa: Enhancing patient education through interactive question answering},
  author={Cai, Pengshan and Yao, Zonghai and Liu, Fei and Wang, Dakuo and Reilly, Meghan and Zhou, Huixue and Li, Lingxi and Cao, Yi and Kapoor, Alok and Bajracharya, Adarsha and others},
  journal={Transactions of the Association for Computational Linguistics},
  volume={11},
  pages={1518--1536},
  year={2023},
  publisher={MIT Press One Broadway, 12th Floor, Cambridge, Massachusetts 02142, USA~…}
}

@article{ghali2024gamedx,
  title={Gamedx: Generative ai-based medical entity data extractor using large language models},
  author={Ghali, Mohammed-Khalil and Farrag, Abdelrahman and Sakai, Hajar and Baz, Hicham El and Jin, Yu and Lam, Sarah},
  journal={arXiv preprint arXiv:2405.20585},
  year={2024}
}

@article{gutierrez2022thinking,
  title={Thinking about gpt-3 in-context learning for biomedical ie? think again},
  author={Gutierrez, Bernal Jimenez and McNeal, Nikolas and Washington, Clay and Chen, You and Li, Lang and Sun, Huan and Su, Yu},
  journal={arXiv preprint arXiv:2203.08410},
  year={2022}
}

@article{hu2024improving,
  title={Improving large language models for clinical named entity recognition via prompt engineering},
  author={Hu, Yan and Chen, Qingyu and Du, Jingcheng and Peng, Xueqing and Keloth, Vipina Kuttichi and Zuo, Xu and Zhou, Yujia and Li, Zehan and Jiang, Xiaoqian and Lu, Zhiyong and others},
  journal={Journal of the American Medical Informatics Association},
  pages={ocad259},
  year={2024},
  publisher={Oxford University Press}
}

@article{hu2024zero,
  title={Zero-shot information extraction from radiological reports using ChatGPT},
  author={Hu, Danqing and Liu, Bing and Zhu, Xiaofeng and Lu, Xudong and Wu, Nan},
  journal={International Journal of Medical Informatics},
  volume={183},
  pages={105321},
  year={2024},
  publisher={Elsevier}
}

@inproceedings{kwonMedJExMedicalJargon2022a,
  title={Medjex: A medical jargon extraction model with wiki’s hyperlink span and contextualized masked language model score},
  author={Kwon, Sunjae and Yao, Zonghai and Jordan, Harmon S and Levy, David A and Corner, Brian and Yu, Hong},
  booktitle={Proceedings of the Conference on Empirical Methods in Natural Language Processing. Conference on Empirical Methods in Natural Language Processing},
  volume={2022},
  pages={11733},
  year={2022},
  organization={NIH Public Access}
}

@article{lee2020biobert,
  title={BioBERT: a pre-trained biomedical language representation model for biomedical text mining},
  author={Lee, Jinhyuk and Yoon, Wonjin and Kim, Sungdong and Kim, Donghyeon and Kim, Sunkyu and So, Chan Ho and Kang, Jaewoo},
  journal={Bioinformatics},
  volume={36},
  number={4},
  pages={1234--1240},
  year={2020},
  publisher={Oxford University Press}
}

@article{lim2024large,
  title={Large Language Model-based Role-Playing for Personalized Medical Jargon Extraction},
  author={Lim, Jung Hoon and Kwon, Sunjae and Yao, Zonghai and Lalor, John P and Yu, Hong},
  journal={arXiv preprint arXiv:2408.05555},
  year={2024}
}

@article{liu2019roberta,
  title={Roberta: A robustly optimized bert pretraining approach},
  author={Liu, Yinhan},
  journal={arXiv preprint arXiv:1907.11692},
  year={2019}
}

@article{lu2023napss,
  title={Napss: Paragraph-level medical text simplification via narrative prompting and sentence-matching summarization},
  author={Lu, Junru and Li, Jiazheng and Wallace, Byron C and He, Yulan and Pergola, Gabriele},
  journal={arXiv preprint arXiv:2302.05574},
  year={2023}
}

@article{mannhardt2024impact,
  title={Impact of Large Language Model Assistance on Patients Reading Clinical Notes: A Mixed-Methods Study},
  author={Mannhardt, Niklas and Bondi-Kelly, Elizabeth and Lam, Barbara and O'Connell, Chloe and Asiedu, Mercy and Mozannar, Hussein and Agrawal, Monica and Buendia, Alejandro and Urman, Tatiana and Riaz, Irbaz B and others},
  journal={arXiv preprint arXiv:2401.09637},
  year={2024}
}

@article{moradi2021gpt,
  title={Gpt-3 models are poor few-shot learners in the biomedical domain},
  author={Moradi, Milad and Blagec, Kathrin and Haberl, Florian and Samwald, Matthias},
  journal={arXiv preprint arXiv:2109.02555},
  year={2021}
}

@article{neumann2019scispacy,
  title={ScispaCy: fast and robust models for biomedical natural language processing},
  author={Neumann, Mark and King, Daniel and Beltagy, Iz and Ammar, Waleed},
  journal={arXiv preprint arXiv:1902.07669},
  year={2019}
}

@misc{openai_website,
  title     = {OpenAI Website},
  author    = {OpenAI},
  url       = {https://openai.com/},
}

@article{yao2023context,
  title={Context variance evaluation of pretrained language models for prompt-based biomedical knowledge probing},
  author={Yao, Zonghai and Cao, Yi and Yang, Zhichao and Yu, Hong},
  journal={AMIA Summits on Translational Science Proceedings},
  volume={2023},
  pages={592},
  year={2023},
  publisher={American Medical Informatics Association}
}

@inproceedings{yao2023extracting,
  title={Extracting biomedical factual knowledge using pretrained language model and electronic health record context},
  author={Yao, Zonghai and Cao, Yi and Yang, Zhichao and Deshpande, Vijeta and Yu, Hong},
  booktitle={AMIA Annual Symposium Proceedings},
  volume={2022},
  pages={1188},
  year={2023}
}

@article{yao2023readme,
  title={Readme: Bridging medical jargon and lay understanding for patient education through data-centric nlp},
  author={Yao, Zonghai and Kantu, Nandyala Siddharth and Wei, Guanghao and Tran, Hieu and Duan, Zhangqi and Kwon, Sunjae and Yang, Zhichao and Yu, Hong and others},
  journal={arXiv preprint arXiv:2312.15561},
  year={2023}
}

