@inproceedings{Loktionova:19,
  title={Studies of age-related changes in blood perfusion coherence using wearable blood perfusion sensor system},
  author={Loktionova, Yulia I and Zherebtsov, Evgeny A and Zharkikh, Elena V and Kozlov, Igor O and Zherebtsova, Angelina I and Sidorov, Victor V and Sokolovski, Sergei G and Rafailov, Ilya E and Dunaev, Andrey V and Rafailov, Edik U},
  booktitle={European Conference on Biomedical Optics},
  pages={11075\_6},
  year={2019},
  organization={Optica Publishing Group}
}

@inproceedings{Zherebtsov:19,
  title={Wearable sensor system for multipoint measurements of blood perfusion: pilot studies in patients with diabetes mellitus},
  author={Zherebtsov, Evgeny A and Zharkikh, Elena V and Kozlov, Igor O and Loktionova, Yulia I and Zherebtsova, Angelina I and Rafailov, Ilya E and Sokolovski, Sergei G and Sidorov, Victor V and Dunaev, Andrey V and Rafailov, Edik U},
  booktitle={European Conference on Biomedical Optics},
  pages={11079\_62},
  year={2019},
  organization={Optica Publishing Group}
}

@article{article2022,
author = {Zharkikh, Elena and Loktionova, Yulia and Sidorov, V. and Krupatkin, Alexander and Masalygina, Galina and Dunaev, Andrey},
year = {2022},
month = {09},
pages = {456-464},
title = {Control of Blood Microcirculation Parameters in Therapy with Alpha-Lipoic Acid in Patients with Diabetes Mellitus},
volume = {48},
journal = {Human Physiology},
doi = {10.1134/S0362119722040156}
}

@Article{diagnostics13050920,
  title={Assessment of blood microcirculation changes after COVID-19 using wearable laser Doppler flowmetry},
  author={Zharkikh, Elena V and Loktionova, Yulia I and Fedorovich, Andrey A and Gorshkov, Alexander Y and Dunaev, Andrey V},
  journal={Diagnostics},
  volume={13},
  number={5},
  pages={920},
  year={2023},
  publisher={MDPI}
}

@inproceedings{inproceedings19,
  title={Novel wearable VCSEL-based sensors for multipoint measurements of blood perfusion},
  author={Zherebtsov, Evgeny A and Zharkikh, Elena V and Kozlov, Igor and Zherebtsova, Angelina I and Loktionova, Yulia I and Chichkov, Nikolay B and Rafailov, Ilya E and Sidorov, Victor V and Sokolovski, Sergei G and Dunaev, Andrey V and others},
  booktitle={Dynamics and Fluctuations in Biomedical Photonics XVI},
  volume={10877},
  pages={38--41},
  year={2019},
  organization={SPIE}
}

@article{kralj2023wavelet,
  title={Wavelet analysis of laser Doppler microcirculatory signals: Current applications and limitations},
  author={Kralj, Lana and Lenasi, Helena},
  journal={Frontiers in Physiology},
  volume={13},
  pages={1076445},
  year={2023},
  publisher={Frontiers}
}

@article{low2020historical,
  title={Historical reviews of the assessment of human cardiovascular function: interrogation and understanding of the control of skin blood flow},
  author={Low, David A and Jones, Helen and Cable, N Tim and Alexander, Lacy M and Kenney, W Larry},
  journal={European Journal of Applied Physiology},
  volume={120},
  pages={1--16},
  year={2020},
  publisher={Springer}
}

@article{zharkikh2020biophotonics,
  title={Biophotonics methods for functional monitoring of complications of diabetes mellitus},
  author={Zharkikh, Elena and Dremin, Viktor and Zherebtsov, Evgeny and Dunaev, Andrey and Meglinski, Igor},
  journal={Journal of biophotonics},
  volume={13},
  number={10},
  pages={e202000203},
  year={2020},
  publisher={Wiley Online Library}
}

