@article{Zherebtsov2023,
author = {Zherebtsov, Evgeny and Zharkikh, Elena and Loktionova, Yulia and Zherebtsova, Angelina and Sidorov, Victor and Rafailov, E.U. and Dunaev, Andrey},
year = {2023},
month = {05},
pages = {3073-3081},
title = {Wireless Dynamic Light Scattering Sensors Detect Microvascular Changes Associated With Ageing and Diabetes},
volume = {70},
journal = {IEEE transactions on bio-medical engineering},
}

@article{Alexey2017,
  title={Bifurcation in blood oscillatory rhythms for patients with ischemic stroke: A small scale clinical trial using laser doppler flowmetry and computational modeling of vasomotion},
  author={Goltsov, Alexey and Anisimova, Anastasia V and Zakharkina, Maria and Krupatkin, Alexander I and Sidorov, Viktor V and Sokolovski, Sergei G and Rafailov, Edik},
  journal={Frontiers in physiology},
  volume={8},
  pages={251012},
  year={2017},
  publisher={Frontiers}
}

@article{Zherebtsova2019MultimodalOD,
  title={Multimodal Optical Diagnostics of the Microhaemodynamics in Upper and Lower Limbs},
  author={Angeina I. Zherebtsova and Viktor V. Dremin and Irina Makovik and Evgeny A. Zherebtsov and Andrey V. Dunaev and A. N. Goltsov and Sergei Sokolovski and Edik U. Rafailov},
  journal={Frontiers in Physiology},
  year={2019},
  volume={10},
}


@inproceedings{inproceedings19,
  title={Novel wearable VCSEL-based sensors for multipoint measurements of blood perfusion},
  author={Zherebtsov, Evgeny A and Zharkikh, Elena V and Kozlov, Igor and Zherebtsova, Angelina I and Loktionova, Yulia I and Chichkov, Nikolay B and Rafailov, Ilya E and Sidorov, Victor V and Sokolovski, Sergei G and Dunaev, Andrey V and others},
  booktitle={Dynamics and Fluctuations in Biomedical Photonics XVI},
  volume={10877},
  pages={38--41},
  year={2019},
  organization={SPIE}
}

@inproceedings{inproceedingsage19,
  title={Pilot studies of age-related changes in blood perfusion in two different types of skin},
  author={Loktionova, Yulia I and Zharkikh, Elena V and Kozlov, Igor O and Zherebtsov, Evgeny A and Bryanskaya, Svetlana A and Zherebtsova, Angelina I and Sidorov, Victor V and Sokolovski, Sergei G and Dunaev, Andrey V and Rafailov, Edik U},
  booktitle={Saratov Fall Meeting 2018: Optical and Nano-Technologies for Biology and Medicine},
  volume={11065},
  pages={184--188},
  year={2019},
  organization={SPIE}
}

@inproceedings{Loktionova:19,
  title={Studies of age-related changes in blood perfusion coherence using wearable blood perfusion sensor system},
  author={Loktionova, Yulia I and Zherebtsov, Evgeny A and Zharkikh, Elena V and Kozlov, Igor O and Zherebtsova, Angelina I and Sidorov, Victor V and Sokolovski, Sergei G and Rafailov, Ilya E and Dunaev, Andrey V and Rafailov, Edik U},
  booktitle={European Conference on Biomedical Optics},
  pages={11075\_6},
  year={2019},
  organization={Optica Publishing Group}
}

@inproceedings{Zherebtsov:19,
  title={Wearable sensor system for multipoint measurements of blood perfusion: pilot studies in patients with diabetes mellitus},
  author={Zherebtsov, Evgeny A and Zharkikh, Elena V and Kozlov, Igor O and Loktionova, Yulia I and Zherebtsova, Angelina I and Rafailov, Ilya E and Sokolovski, Sergei G and Sidorov, Victor V and Dunaev, Andrey V and Rafailov, Edik U},
  booktitle={European Conference on Biomedical Optics},
  pages={11079\_62},
  year={2019},
  organization={Optica Publishing Group}
}

@article{article2022,
author = {Zharkikh, Elena and Loktionova, Yulia and Sidorov, V. and Krupatkin, Alexander and Masalygina, Galina and Dunaev, Andrey},
year = {2022},
month = {09},
pages = {456-464},
title = {Control of Blood Microcirculation Parameters in Therapy with Alpha-Lipoic Acid in Patients with Diabetes Mellitus},
volume = {48},
journal = {Human Physiology},
doi = {10.1134/S0362119722040156}
}

@inproceedings{inproceedings2021,
author = {Zharkikh, Elena and Loktionova, Yulia and Zherebtsova, Angelina and Tsyganova, Mariia and Zherebtsov, Evgeny and Tiselko, Alena},
year = {2021},
month = {10},
pages = {238-240},
title = {Skin Blood Perfusion and Fluorescence Parameters in Pregnant Women with Type 1 Diabetes Mellitus},
}

@article{article,
author = {Fedorovich, Andrey and Loktionova, Yulia and Zharkikh, Elena and Gorshkov, A. and Королев, Андрей and Dadaeva, V. and Drapkina, Oxana and Zherebtsov, Evgeny},
year = {2022},
month = {08},
pages = {104419},
title = {Skin microcirculation in middle-aged men with newly diagnosed arterial hypertension according to remote laser Doppler flowmetry data},
volume = {144},
journal = {Microvascular Research},
}

@Article{BodyPosition,
  title={Body position affects capillary blood flow regulation measured with wearable blood flow sensors},
  author={Fedorovich, Andrey A and Loktionova, Yulia I and Zharkikh, Elena V and Mikhailova, Maria A and Popova, Julia A and Suvorov, Alexander V and Zherebtsov, Evgeny A},
  journal={Diagnostics},
  volume={11},
  number={3},
  pages={436},
  year={2021},
  publisher={MDPI}
}



@INPROCEEDINGS{9839922,
  author={Dunaev, A.V. and Zharkikh, E.V. and Loktionova, Y.I. and Fedorovich, A.A. and Sidoro, V.V. and Vasin, A.V. and Misurkin, A.A. and Dubinin, V.I.},
  booktitle={2022 International Conference Laser Optics (ICLO)}, 
  title={Application of wearable multimodal devices to study microcirculatory-tissue systems under microgravity conditions}, 
  year={2022},
  volume={},
  number={},
  pages={1-1},
}


@article{GAZENKO1988173,
  title={Central and regional hemodynamics in prolonged space flights},
  author={Gazenko, OG and Shulzhenko, EB and Turchaninova, VF and Egorov, AD},
  journal={Acta astronautica},
  volume={17},
  number={2},
  pages={173--179},
  year={1988},
  publisher={Elsevier}
}

@Article{Zhu2015,
  title={Effects of real and simulated weightlessness on the cardiac and peripheral vascular functions of humans: A review},
  author={Zhu, Hui and Wang, Hanqing and Liu, Zhiqiang},
  journal={International Journal of Occupational Medicine and Environmental Health},
  volume={28},
  number={5},
  pages={793--802},
  year={2015},
  publisher={Instytut Medycyny Pracy im. prof. dra Jerzego Nofera w {\L}odzi}
}

@article{POPOVA2022438,
  title={Exposure of inspiratory negative pressure breathing on cosmonauts during spaceflight},
  author={Popova, Julia A and Suvorov, Alexander V and Zaripov, Rustam N and Dyachenko, Alexander I},
  journal={Acta Astronautica},
  volume={199},
  pages={438--444},
  year={2022},
  publisher={Elsevier}
}


@article{dunaev2023wearable,
  title={Wearable devices for multimodal optical diagnostics of microcirculatory-tissue systems: application experience in the clinic and space},
  author={Dunaev, Andrey},
  journal={Journal of Biomedical Photonics \& Engineering},
  volume={9},
  number={2},
  pages={020201},
  year={2023},
  publisher={Федеральное государственное автономное образовательное учреждение высшего~…}
}

@article{saha2020wearable,
  title={Wearable laser Doppler flowmetry sensor: a feasibility study with smoker and non-smoker volunteers},
  author={Saha, Mou and Dremin, Viktor and Rafailov, Ilya and Dunaev, Andrey and Sokolovski, Sergei and Rafailov, Edik},
  journal={Biosensors},
  volume={10},
  number={12},
  pages={201},
  year={2020},
  publisher={MDPI}
}
@article{world2001world,
  title={World Medical Association Declaration of Helsinki. Ethical principles for medical research involving human subjects.},
  author={World Medical Association and others},
  journal={Bulletin of the world health organization},
  volume={79},
  number={4},
  pages={373},
  year={2001},
  publisher={World Health Organization}
}
@article{lundberg2017unified,
  title={A unified approach to interpreting model predictions},
  author={Lundberg, Scott M and Lee, Su-In},
  journal={Advances in neural information processing systems},
  volume={30},
  year={2017}
}
@Article{diagnostics13050920,
  title={Assessment of blood microcirculation changes after COVID-19 using wearable laser Doppler flowmetry},
  author={Zharkikh, Elena V and Loktionova, Yulia I and Fedorovich, Andrey A and Gorshkov, Alexander Y and Dunaev, Andrey V},
  journal={Diagnostics},
  volume={13},
  number={5},
  pages={920},
  year={2023},
  publisher={MDPI}
}

@article{zharkikh2020biophotonics,
  title={Biophotonics methods for functional monitoring of complications of diabetes mellitus},
  author={Zharkikh, Elena and Dremin, Viktor and Zherebtsov, Evgeny and Dunaev, Andrey and Meglinski, Igor},
  journal={Journal of biophotonics},
  volume={13},
  number={10},
  pages={e202000203},
  year={2020},
  publisher={Wiley Online Library}
}

@article{ralevic1995effects,
  title={Effects of streptozotocin-diabetes on sympathetic nerve, endothelial and smooth muscle function in the rat mesenteric arterial bed},
  author={Ralevic, Vera and Belai, Abebech and Burnstock, Geoffrey},
  journal={European journal of pharmacology},
  volume={286},
  number={2},
  pages={193--199},
  year={1995},
  publisher={Elsevier}
}

@article{humeau2004spectral,
  title={Spectral components of laser Doppler flowmetry signals recorded in healthy and type 1 diabetic subjects at rest and during a local and progressive cutaneous pressure application: scalogram analyses},
  author={Humeau, Anne and Ko{\"\i}tka, Audrey and Abraham, Pierre and Saumet, Jean-Louis and L'Huillier, Jean-Pierre},
  journal={Physics in Medicine \& Biology},
  volume={49},
  number={17},
  pages={3957},
  year={2004},
  publisher={IOP Publishing}
}

@article{jan2013skin,
  title={Skin blood flow response to locally applied mechanical and thermal stresses in the diabetic foot},
  author={Jan, Yih-Kuen and Shen, Sa and Foreman, Robert D and Ennis, William J},
  journal={Microvascular research},
  volume={89},
  pages={40--46},
  year={2013},
  publisher={Elsevier}
}

@article{peters2021comparison,
  title={Comparison of DASS-21, PHQ-8, and GAD-7 in a virtual behavioral health care setting},
  author={Peters, Lila and Peters, Aimee and Andreopoulos, Evie and Pollock, Naomi and Pande, Reena L and Mochari-Greenberger, Heidi},
  journal={Heliyon},
  volume={7},
  number={3},
  year={2021},
  publisher={Elsevier}
}

@article{monteiro202312,
  title={The 12-Item Mini-DASS: A Concise and Efficient Measure of Depression, Anxiety, and Stress},
  author={Monteiro, Renan P and Coelho, Gabriel Lins de Holanda and Hanel, Paul HP and Gouveia, Valdiney V and Vilar, Roosevelt},
  journal={Applied Research in Quality of Life},
  volume={18},
  number={6},
  pages={2955--2979},
  year={2023},
  publisher={Springer}
}

@article{dykxhoorn2024temporal,
  title={Temporal patterns in the recorded annual incidence of common mental disorders over two decades in the United Kingdom: A primary care cohort study},
  author={Dykxhoorn, J and Osborn, D and Walters, K and Kirkbride, JB and Gnani, S and Lazzarino, AI},
  journal={Psychological Medicine},
  volume={54},
  number={4},
  pages={663--674},
  year={2024},
  publisher={Cambridge University Press}
}

@article{wu2023changing,
  title={Changing trends in the global burden of mental disorders from 1990 to 2019 and predicted levels in 25 years},
  author={Wu, Yang and Wang, Lu and Tao, Mengjun and Cao, Huiru and Yuan, Hui and Ye, Mingquan and Chen, Xingui and Wang, Kai and Zhu, Chunyan},
  journal={Epidemiology and Psychiatric Sciences},
  volume={32},
  pages={e63},
  year={2023},
  publisher={Cambridge University Press}
}
@article{Mentalhealthstatistics2024,
  title={Mental health statistics: prevalence, services and funding in England},
  author={Carl Baker, Esme Kirk-Wade},
  journal={commonslibrary.parliament.uk},
  volume={Number CBP-06988},
  pages={1-44},
  year={2024},
  publisher={The Commons Library},
ULR={https://researchbriefings.files.parliament.uk/documents/SN06988/SN06988.pdf},

}

@article{steptoe2012stress,
  title={Stress and cardiovascular disease},
  author={Steptoe, Andrew and Kivim{\"a}ki, Mika},
  journal={Nature Reviews Cardiology},
  volume={9},
  number={6},
  pages={360--370},
  year={2012},
  publisher={Nature Publishing Group UK London}
}

@article{pedersen2010influence,
  title={Influence of psychological stress on upper respiratory infection—a meta-analysis of prospective studies},
  author={Pedersen, Anette and Zachariae, Robert and Bovbjerg, Dana H},
  journal={Psychosomatic medicine},
  volume={72},
  number={8},
  pages={823--832},
  year={2010},
  publisher={LWW}
}

@article{harris2017stress,
  title={Stress increases the risk of type 2 diabetes onset in women: A 12-year longitudinal study using causal modelling},
  author={Harris, Melissa L and Oldmeadow, Christopher and Hure, Alexis and Luu, Judy and Loxton, Deborah and Attia, John},
  journal={PloS one},
  volume={12},
  number={2},
  pages={e0172126},
  year={2017},
  publisher={Public Library of Science San Francisco, CA USA}
}

@book{mcgaugh2013emotions,
  title={Emotions and bodily responses: A psychophysiological approach},
  author={McGaugh, James L},
  year={2013},
  publisher={Academic Press}
}

@article{low2020historical,
  title={Historical reviews of the assessment of human cardiovascular function: interrogation and understanding of the control of skin blood flow},
  author={Low, David A and Jones, Helen and Cable, N Tim and Alexander, Lacy M and Kenney, W Larry},
  journal={European Journal of Applied Physiology},
  volume={120},
  pages={1--16},
  year={2020},
  publisher={Springer}
}

@article{kralj2023wavelet,
  title={Wavelet analysis of laser Doppler microcirculatory signals: Current applications and limitations},
  author={Kralj, Lana and Lenasi, Helena},
  journal={Frontiers in Physiology},
  volume={13},
  pages={1076445},
  year={2023},
  publisher={Frontiers}
}

@inproceedings{bagno2015wavelet,
  title={Wavelet analysis of the Laser Doppler signal to assess skin perfusion},
  author={Bagno, Andrea and Martini, Romeo},
  booktitle={2015 37th Annual International Conference of the IEEE Engineering in Medicine and Biology Society (EMBC)},
  pages={7374--7377},
  year={2015},
  organization={IEEE}
}

@article{beck1993beck,
  title={Beck anxiety inventory},
  author={Beck, Aaron T and Epstein, Norman and Brown, Gary and Steer, Robert},
  journal={Journal of consulting and clinical psychology},
  year={1993}
}

@article{beck1987beck,
  title={Beck depression inventory},
  author={Beck, Aaron T and Steer, Robert A and Brown, Gregory K},
  journal={San Antonio, TX},
  year={1987},
  publisher={Springer}
}

@article{lovibond1995depression,
  title={Depression anxiety stress scales},
  author={Lovibond, Sydney H and Lovibond, Peter F},
  journal={Psychological Assessment},
  year={1995}
}

@article{meyer2001psychological,
  title={Psychological testing and psychological assessment: A review of evidence and issues.},
  author={Meyer, Gregory J and Finn, Stephen E and Eyde, Lorraine D and Kay, Gary G and Moreland, Kevin L and Dies, Robert R and Eisman, Elena J and Kubiszyn, Tom W and Reed, Geoffrey M},
  journal={American psychologist},
  volume={56},
  number={2},
  pages={128},
  year={2001},
  publisher={American Psychological Association}
}

@article{miranda2019overview,
  title={Overview of current diagnostic, prognostic, and therapeutic use of EEG and EEG-based markers of cognition, mental, and brain health},
  author={Miranda, Priya and Cox, Christopher D and Alexander, Michael and Danev, Slav and Lakey, Jonathan RT},
  journal={Integrative Molecular Medicine},
  volume={6},
  pages={1--9},
  year={2019}
}

@article{whitten2012functional,
  title={Functional magnetic resonance imaging (fMRI): An invaluable tool in translational neuroscience},
  author={Whitten, Lori A},
  year={2012},
  publisher={RTI Press}
}

@article{wang2024biosensors,
  title={Biosensors for psychiatric biomarkers in mental health monitoring},
  author={Wang, Lin and Hu, Yubing and Jiang, Nan and Yetisen, Ali K},
  journal={Biosensors and Bioelectronics},
  pages={116242},
  year={2024},
  publisher={Elsevier}
}

@article{bowman2021impact,
  title={The impact of viral epidemics and pandemics on acute mental health service use: an integrative review},
  author={Bowman, Candice and Branjerdporn, Grace and Turner, Kathryn and Kamara, Memunatu and Tyagi, Nischal and Reyes, Neil Josen Delos and Stapelberg, Nicolas JC},
  journal={Health psychology review},
  volume={15},
  number={1},
  pages={1--33},
  year={2021},
  publisher={Taylor \& Francis}
}

@article{krokstad2022divergent,
  title={Divergent decennial trends in mental health according to age reveal poorer mental health for young people: repeated cross-sectional population-based surveys from the HUNT Study, Norway},
  author={Krokstad, Steinar and Weiss, Daniel Albert and Krokstad, Morten Austheim and Rangul, Vegar and Kval{\o}y, Kirsti and Ingul, Jo Magne and Bjerkeset, Ottar and Twenge, Jean and Sund, Erik R},
  journal={BMJ open},
  volume={12},
  number={5},
  pages={e057654},
  year={2022},
  publisher={British Medical Journal Publishing Group}
}
@article{patel2007mental,
  title={Mental health of young people: a global public-health challenge},
  author={Patel, Vikram and Flisher, Alan J and Hetrick, Sarah and McGorry, Patrick},
  journal={The lancet},
  volume={369},
  number={9569},
  pages={1302--1313},
  year={2007},
  publisher={Elsevier}
}
@article{lange2021coronavirus,
  title={Coronavirus disease 2019 (COVID-19) and global mental health},
  author={Lange, Klaus W},
  journal={Global health journal},
  volume={5},
  number={1},
  pages={31--36},
  year={2021},
  publisher={Elsevier}
}

@article{kola2021covid,
  title={COVID-19 mental health impact and responses in low-income and middle-income countries: reimagining global mental health},
  author={Kola, Lola and Kohrt, Brandon A and Hanlon, Charlotte and Naslund, John A and Sikander, Siham and Balaji, Madhumitha and Benjet, Corina and Cheung, Eliza Yee Lai and Eaton, Julian and Gonsalves, Pattie and others},
  journal={The Lancet Psychiatry},
  volume={8},
  number={6},
  pages={535--550},
  year={2021},
  publisher={Elsevier}
}

@article{calabrese2009neuronal,
  title={Neuronal plasticity: a link between stress and mood disorders},
  author={Calabrese, Francesca and Molteni, Raffaella and Racagni, Giorgio and Riva, Marco A},
  journal={Psychoneuroendocrinology},
  volume={34},
  pages={S208--S216},
  year={2009},
  publisher={Elsevier}
}

@article{umer2022quantifying,
  title={Quantifying the effect of mental stress on physical stress for construction tasks},
  author={Umer, Waleed and Yu, Yantao and Antwi Afari, Maxwell Fordjour},
  journal={Journal of Construction Engineering and Management},
  volume={148},
  number={3},
  pages={04021204},
  year={2022},
  publisher={American Society of Civil Engineers}
}

@article{restrepo2008medication,
  title={Medication adherence issues in patients treated for COPD},
  author={Restrepo, Ruben D and Alvarez, Melissa T and Wittnebel, Leonard D and Sorenson, Helen and Wettstein, Richard and Vines, David L and Sikkema-Ortiz, Jennifer and Gardner, Donna D and Wilkins, Robert L},
  journal={International journal of chronic obstructive pulmonary disease},
  volume={3},
  number={3},
  pages={371--384},
  year={2008},
  publisher={Taylor & Francis}
}

@article{yonel2018patients,
  title={Patients’ attendance patterns to different healthcare settings and perceptions of stakeholders regarding screening for chronic, non-communicable diseases in high street dental practices and community pharmacy: a cross-sectional study},
  author={Yonel, Zehra and Sharma, Praveen and Yahyouche, Asma and Jalal, Zahraa and Dietrich, Thomas and Chapple, Iain L},
  journal={BMJ open},
  volume={8},
  number={11},
  pages={e024503},
  year={2018},
  publisher={British Medical Journal Publishing Group}
}

@article{mularczyk2022preventive,
  title={Preventive health screening during the COVID-19 pandemic: a cross-sectional survey among 102,928 internet users in Poland},
  author={Mularczyk-Tomczewska, Paulina and {\.Z}arnowski, Adam and Gujski, Mariusz and Sytnik-Czetwerty{\'n}ski, Janusz and Pa{\'n}kowski, Igor and Smoli{\'n}ski, Rafa{\l} and Jankowski, Mateusz},
  journal={Journal of Clinical Medicine},
  volume={11},
  number={12},
  pages={3423},
  year={2022},
  publisher={MDPI}
}

@article{world2020impact,
  title={The impact of the COVID-19 pandemic on noncommunicable disease resources and services: results of a rapid assessment},
  author={World Health Organization and others},
  year={2020},
  publisher={World Health Organization}
}

@book{hastie2009elements,
  title={The elements of statistical learning: data mining, inference, and prediction},
  author={Hastie, Trevor and Tibshirani, Robert and Friedman, Jerome H and Friedman, Jerome H},
  volume={2},
  year={2009},
  publisher={Springer}
}

@article{chrousos2009stress,
  title={Stress and disorders of the stress system},
  author={Chrousos, George P},
  journal={Nature reviews endocrinology},
  volume={5},
  number={7},
  pages={374--381},
  year={2009},
  publisher={Nature Publishing Group UK London}
}
@article{mahesh2020machine,
  title={Machine learning algorithms-a review},
  author={Mahesh, Batta},
  journal={International Journal of Science and Research (IJSR).[Internet]},
  volume={9},
  number={1},
  pages={381--386},
  year={2020}
}