@inproceedings{abbasi2011regret,
  title={Regret bounds for the adaptive control of linear quadratic systems},
  author={Abbasi-Yadkori, Yasin and Szepesv{\'a}ri, Csaba},
  booktitle={Proceedings of the 24th Annual Conference on Learning Theory},
  pages={1--26},
  year={2011},
  organization={JMLR Workshop and Conference Proceedings}
}

@article{akkaya2019solving,
  title={Solving rubik's cube with a robot hand},
  author={Akkaya, Ilge and Andrychowicz, Marcin and Chociej, Maciek and Litwin, Mateusz and McGrew, Bob and Petron, Arthur and Paino, Alex and Plappert, Matthias and Powell, Glenn and Ribas, Raphael and others},
  journal={arXiv preprint arXiv:1910.07113},
  year={2019}
}

@book{bacsar2008h,
  title={H-infinity optimal control and related minimax design problems: a dynamic game approach},
  author={Ba{\c{s}}ar, Tamer and Bernhard, Pierre},
  year={2008},
  publisher={Springer Science \& Business Media}
}

@INPROCEEDINGS{berberich2020robust,
  author={Berberich, Julian and Koch, Anne and Scherer, Carsten W. and Allg√∂wer, Frank},
  booktitle={2020 American Control Conference (ACC)}, 
  title={Robust data-driven state-feedback design}, 
  year={2020},
  volume={},
  number={},
  pages={1532-1538},
  keywords={Trajectory;Linear matrix inequalities;Robustness;Noise measurement;Linear systems;Robust control;Mathematical model},
  doi={10.23919/ACC45564.2020.9147320}}

@article{calafiore2006scenario,
  title={The scenario approach to robust control design},
  author={Calafiore, Giuseppe Carlo and Campi, Marco C},
  journal={IEEE Transactions on automatic control},
  volume={51},
  number={5},
  pages={742--753},
  year={2006},
  publisher={IEEE}
}

@article{chen2021understanding,
  title={Understanding domain randomization for sim-to-real transfer},
  author={Chen, Xiaoyu and Hu, Jiachen and Jin, Chi and Li, Lihong and Wang, Liwei},
  journal={arXiv preprint arXiv:2110.03239},
  year={2021}
}

@article{chiuso2023harnessing,
  title={Harnessing Uncertainty for a Separation Principle in Direct Data-Driven Predictive Control},
  author={Chiuso, Alessandro and Fabris, Marco and Breschi, Valentina and Formentin, Simone},
  journal={arXiv preprint arXiv:2312.14788},
  year={2023}
}

@article{dean2020sample,
  title={On the sample complexity of the linear quadratic regulator},
  author={Dean, Sarah and Mania, Horia and Matni, Nikolai and Recht, Benjamin and Tu, Stephen},
  journal={Foundations of Computational Mathematics},
  volume={20},
  number={4},
  pages={633--679},
  year={2020},
  publisher={Springer}
}

@inproceedings{doyle1982analysis,
  title={Analysis of feedback systems with structured uncertainties},
  author={Doyle, John},
  booktitle={IEE Proceedings D (Control Theory and Applications)},
  volume={129},
  number={6},
  pages={242--250},
  year={1982},
  organization={IET Digital Library}
}

@ARTICLE{fan1991robustness,
  author={Fan, M.K.H. and Tits, A.L. and Doyle, J.C.},
  journal={IEEE Transactions on Automatic Control}, 
  title={Robustness in the presence of mixed parametric uncertainty and unmodeled dynamics}, 
  year={1991},
  volume={36},
  number={1},
  pages={25-38},
  keywords={Robustness;Uncertainty;Robust stability;Constraint optimization;Upper bound;Differential equations;NASA;Space technology;Grid computing;Search methods},
  doi={10.1109/9.62265}}

@article{gevers2005identification,
  title={Identification for control: From the early achievements to the revival of experiment design},
  author={Gevers, Michel},
  journal={European journal of control},
  volume={11},
  number={4-5},
  pages={335--352},
  year={2005},
  publisher={Elsevier}
}

@inproceedings{jiang2018pac,
  title={PAC reinforcement learning with an imperfect model},
  author={Jiang, Nan},
  booktitle={Proceedings of the AAAI Conference on Artificial Intelligence},
  volume={32},
  number={1},
  year={2018}
}

@inproceedings{lee2023fundamental,
  title={The fundamental limitations of learning linear-quadratic regulators},
  author={Lee, Bruce D and Ziemann, Ingvar and Tsiamis, Anastasios and Sandberg, Henrik and Matni, Nikolai},
  booktitle={2023 62nd IEEE Conference on Decision and Control (CDC)},
  pages={4053--4060},
  year={2023},
  organization={IEEE}
}

@article{lee2024active,
  title={Active Learning for Control-Oriented Identification of Nonlinear Systems},
  author={Lee, Bruce D and Ziemann, Ingvar and Pappas, George J and Matni, Nikolai},
  journal={arXiv preprint arXiv:2404.09030},
  year={2024}
}

@incollection{ljung1998system,
  title={System identification},
  author={Ljung, Lennart},
  booktitle={Signal analysis and prediction},
  pages={163--173},
  publisher={Springer},
  year = {1998}
}

@article{loquercio2019deep,
  title={Deep drone racing: From simulation to reality with domain randomization},
  author={Loquercio, Antonio and Kaufmann, Elia and Ranftl, Ren{\'e} and Dosovitskiy, Alexey and Koltun, Vladlen and Scaramuzza, Davide},
  journal={IEEE Transactions on Robotics},
  volume={36},
  number={1},
  pages={1--14},
  year={2019},
  publisher={IEEE}
}

@article{mania2019certainty,
  title={Certainty equivalence is efficient for linear quadratic control},
  author={Mania, Horia and Tu, Stephen and Recht, Benjamin},
  journal={Advances in Neural Information Processing Systems},
  volume={32},
  year={2019}
}

@inproceedings{mehta2020active,
  title={Active domain randomization},
  author={Mehta, Bhairav and Diaz, Manfred and Golemo, Florian and Pal, Christopher J and Paull, Liam},
  booktitle={Conference on Robot Learning},
  pages={1162--1176},
  year={2020},
  organization={PMLR}
}

@INPROCEEDINGS{peng2018drforcontrol,
  author={Peng, Xue Bin and Andrychowicz, Marcin and Zaremba, Wojciech and Abbeel, Pieter},
  booktitle={2018 IEEE International Conference on Robotics and Automation (ICRA)}, 
  title={Sim-to-Real Transfer of Robotic Control with Dynamics Randomization}, 
  year={2018},
  volume={},
  number={},
  pages={3803-3810},
  keywords={Robots;Training;Adaptation models;Task analysis;Trajectory;Data models;Robustness},
  doi={10.1109/ICRA.2018.8460528}}

@article{ray1993monte,
  title={A Monte Carlo approach to the analysis of control system robustness},
  author={Ray, Laura Ryan and Stengel, Robert F},
  journal={Automatica},
  volume={29},
  number={1},
  pages={229--236},
  year={1993},
  publisher={Elsevier}
}

@article{recht2019tour,
  title={A tour of reinforcement learning: The view from continuous control},
  author={Recht, Benjamin},
  journal={Annual Review of Control, Robotics, and Autonomous Systems},
  volume={2},
  number={1},
  pages={253--279},
  year={2019},
  publisher={Annual Reviews}
}

@article{stengel1991technical,
  title={Technical notes and correspondence: Stochastic robustness of linear time-invariant control systems},
  author={Stengel, Robert F and Ray, Laura R},
  journal={NASA. Langley Research Center, Joint University Program for Air Transportation Research, 1990-1991},
  year={1991}
}

@INPROCEEDINGS{tobin2017dr,
  author={Tobin, Josh and Fong, Rachel and Ray, Alex and Schneider, Jonas and Zaremba, Wojciech and Abbeel, Pieter},
  booktitle={2017 IEEE/RSJ International Conference on Intelligent Robots and Systems (IROS)}, 
  title={Domain randomization for transferring deep neural networks from simulation to the real world}, 
  year={2017},
  volume={},
  number={},
  pages={23-30}
}

@article{vidyasagar2001randomized,
  title={Randomized algorithms for robust controller synthesis using statistical learning theory},
  author={Vidyasagar, Mathukumalli},
  journal={Automatica},
  volume={37},
  number={10},
  pages={1515--1528},
  year={2001},
  publisher={Elsevier}
}

@inproceedings{von2022improving,
  title={Improving the Performance of Robust Control through Event-Triggered Learning},
  author={von Rohr, Alexander and Solowjow, Friedrich and Trimpe, Sebastian},
  booktitle={2022 IEEE 61st Conference on Decision and Control (CDC)},
  pages={3424--3430},
  year={2022},
  organization={IEEE}
}

@inproceedings{wagenmaker2021task,
  title={Task-optimal exploration in linear dynamical systems},
  author={Wagenmaker, Andrew J and Simchowitz, Max and Jamieson, Kevin},
  booktitle={International Conference on Machine Learning},
  pages={10641--10652},
  year={2021},
  organization={PMLR}
}

@article{wagenmaker2024optimal,
  title={Optimal exploration for model-based rl in nonlinear systems},
  author={Wagenmaker, Andrew and Shi, Guanya and Jamieson, Kevin G},
  journal={Advances in Neural Information Processing Systems},
  volume={36},
  year={2024}
}

@misc{zhong2019pacreinforcementlearningrealworld,
      title={PAC Reinforcement Learning without Real-World Feedback}, 
      author={Yuren Zhong and Aniket Anand Deshmukh and Clayton Scott},
      year={2019},
      eprint={1909.10449},
      archivePrefix={arXiv},
      primaryClass={cs.LG},
      url={https://arxiv.org/abs/1909.10449}, 
}

@book{zhou1996robust,
  title={Robust and Optimal Control},
  author={Zhou, K. and Doyle, J.C. and Glover, K.},
  isbn={9780134565675},
  lccn={95030311},
  series={Feher/Prentice Hall Digital and},
  year={1996},
  publisher={Prentice Hall}
}

