@inproceedings{cassel2020logarithmic,
  title={Logarithmic regret for learning linear quadratic regulators efficiently},
  author={Cassel, Asaf and Cohen, Alon and Koren, Tomer},
  booktitle={International Conference on Machine Learning},
  pages={1328--1337},
  year={2020},
  organization={PMLR}
}

@article{gevers2005identification,
  title={Identification for control: From the early achievements to the revival of experiment design},
  author={Gevers, Michel},
  journal={European journal of control},
  volume={11},
  number={4-5},
  pages={335--352},
  year={2005},
  publisher={Elsevier}
}

@article{tu2024learning,
  title={Learning from many trajectories},
  author={Tu, Stephen and Frostig, Roy and Soltanolkotabi, Mahdi},
  journal={Journal of Machine Learning Research},
  volume={25},
  number={216},
  pages={1--109},
  year={2024}
}
\@inproceedings{fazel2018global,
  title={Global convergence of policy gradient methods for the linear quadratic regulator},
  author={Fazel, Maryam and Ge, Rong and Kakade, Sham and Mesbahi, Mehran},
  booktitle={International conference on machine learning},
  pages={1467--1476},
  year={2018},
  organization={PMLR}
}

@article{calafiore2006scenario,
  title={The scenario approach to robust control design},
  author={Calafiore, Giuseppe Carlo and Campi, Marco C},
  journal={IEEE Transactions on automatic control},
  volume={51},
  number={5},
  pages={742--753},
  year={2006},
  publisher={IEEE}
}

@article{laurent2000adaptive,
  title={Adaptive estimation of a quadratic functional by model selection},
  author={Laurent, Beatrice and Massart, Pascal},
  journal={Annals of statistics},
  pages={1302--1338},
  year={2000},
  publisher={JSTOR}
}

@article{ball1993h,
  title={H/sup infinity/control for nonlinear systems with output feedback},
  author={Ball, JA and Helton, JW and Walker, ML},
  journal={IEEE Transactions on Automatic Control},
  volume={38},
  number={4},
  pages={546--559},
  year={1993},
  publisher={IEEE}
}

@inproceedings{wu2023daydreamer,
  title={Daydreamer: World models for physical robot learning},
  author={Wu, Philipp and Escontrela, Alejandro and Hafner, Danijar and Abbeel, Pieter and Goldberg, Ken},
  booktitle={Conference on robot learning},
  pages={2226--2240},
  year={2023},
  organization={PMLR}
}

@inproceedings{pinto2017robust,
  title={Robust adversarial reinforcement learning},
  author={Pinto, Lerrel and Davidson, James and Sukthankar, Rahul and Gupta, Abhinav},
  booktitle={International conference on machine learning},
  pages={2817--2826},
  year={2017},
  organization={PMLR}
}

@article{wagenmaker2024optimal,
  title={Optimal exploration for model-based rl in nonlinear systems},
  author={Wagenmaker, Andrew and Shi, Guanya and Jamieson, Kevin G},
  journal={Advances in Neural Information Processing Systems},
  volume={36},
  year={2024}
}


@book{bacsar2008h,
  title={H-infinity optimal control and related minimax design problems: a dynamic game approach},
  author={Ba{\c{s}}ar, Tamer and Bernhard, Pierre},
  year={2008},
  publisher={Springer Science \& Business Media}
}

@incollection{ljung1998system,
  title={System identification},
  author={Ljung, Lennart},
  booktitle={Signal analysis and prediction},
  pages={163--173},
  publisher={Springer},
  year = {1998}
}

@inproceedings{von2022improving,
  title={Improving the Performance of Robust Control through Event-Triggered Learning},
  author={von Rohr, Alexander and Solowjow, Friedrich and Trimpe, Sebastian},
  booktitle={2022 IEEE 61st Conference on Decision and Control (CDC)},
  pages={3424--3430},
  year={2022},
  organization={IEEE}
}

@article{chiuso2023harnessing,
  title={Harnessing Uncertainty for a Separation Principle in Direct Data-Driven Predictive Control},
  author={Chiuso, Alessandro and Fabris, Marco and Breschi, Valentina and Formentin, Simone},
  journal={arXiv preprint arXiv:2312.14788},
  year={2023}
}

@article{loquercio2019deep,
  title={Deep drone racing: From simulation to reality with domain randomization},
  author={Loquercio, Antonio and Kaufmann, Elia and Ranftl, Ren{\'e} and Dosovitskiy, Alexey and Koltun, Vladlen and Scaramuzza, Davide},
  journal={IEEE Transactions on Robotics},
  volume={36},
  number={1},
  pages={1--14},
  year={2019},
  publisher={IEEE}
}

@article{fujinami2024domain,
    author = {Fujimani, Tesshu and Lee, Bruce D. and Matni, Nikolai and Pappas, George J.},
    title = {Domain Randomization is Sample Efficient for the Linear Quadratic Regulator},
    url = {https://drive.google.com/file/d/1JPvBK-8bnrXVZvgq68VxswJT2eQuEqT3/view?usp=sharing},
    year = 2024
}

@article{vidyasagar2001randomized,
  title={Randomized algorithms for robust controller synthesis using statistical learning theory},
  author={Vidyasagar, Mathukumalli},
  journal={Automatica},
  volume={37},
  number={10},
  pages={1515--1528},
  year={2001},
  publisher={Elsevier}
}

@article{recht2019tour,
  title={A tour of reinforcement learning: The view from continuous control},
  author={Recht, Benjamin},
  journal={Annual Review of Control, Robotics, and Autonomous Systems},
  volume={2},
  number={1},
  pages={253--279},
  year={2019},
  publisher={Annual Reviews}
}

@inproceedings{mehta2020active,
  title={Active domain randomization},
  author={Mehta, Bhairav and Diaz, Manfred and Golemo, Florian and Pal, Christopher J and Paull, Liam},
  booktitle={Conference on Robot Learning},
  pages={1162--1176},
  year={2020},
  organization={PMLR}
}

@article{stengel1991technical,
  title={Technical notes and correspondence: Stochastic robustness of linear time-invariant control systems},
  author={Stengel, Robert F and Ray, Laura R},
  journal={NASA. Langley Research Center, Joint University Program for Air Transportation Research, 1990-1991},
  year={1991}
}

@article{ray1993monte,
  title={A Monte Carlo approach to the analysis of control system robustness},
  author={Ray, Laura Ryan and Stengel, Robert F},
  journal={Automatica},
  volume={29},
  number={1},
  pages={229--236},
  year={1993},
  publisher={Elsevier}
}

@article{akkaya2019solving,
  title={Solving rubik's cube with a robot hand},
  author={Akkaya, Ilge and Andrychowicz, Marcin and Chociej, Maciek and Litwin, Mateusz and McGrew, Bob and Petron, Arthur and Paino, Alex and Plappert, Matthias and Powell, Glenn and Ribas, Raphael and others},
  journal={arXiv preprint arXiv:1910.07113},
  year={2019}
}

@article{matsuo2022deep,
  title={Deep learning, reinforcement learning, and world models},
  author={Matsuo, Yutaka and LeCun, Yann and Sahani, Maneesh and Precup, Doina and Silver, David and Sugiyama, Masashi and Uchibe, Eiji and Morimoto, Jun},
  journal={Neural Networks},
  volume={152},
  pages={267--275},
  year={2022},
  publisher={Elsevier}
}

@book{freeman2008robust,
  title={Robust nonlinear control design: state-space and Lyapunov techniques},
  author={Freeman, Randy and Kokotovic, Petar V},
  year={2008},
  publisher={Springer Science \& Business Media}
}

@inproceedings{lee2023fundamental,
  title={The fundamental limitations of learning linear-quadratic regulators},
  author={Lee, Bruce D and Ziemann, Ingvar and Tsiamis, Anastasios and Sandberg, Henrik and Matni, Nikolai},
  booktitle={2023 62nd IEEE Conference on Decision and Control (CDC)},
  pages={4053--4060},
  year={2023},
  organization={IEEE}
}

@article{hu2023toward,
  title={Toward a theoretical foundation of policy optimization for learning control policies},
  author={Hu, Bin and Zhang, Kaiqing and Li, Na and Mesbahi, Mehran and Fazel, Maryam and Ba{\c{s}}ar, Tamer},
  journal={Annual Review of Control, Robotics, and Autonomous Systems},
  volume={6},
  number={1},
  pages={123--158},
  year={2023},
  publisher={Annual Reviews}
}

@inproceedings{wagenmaker2021task,
  title={Task-optimal exploration in linear dynamical systems},
  author={Wagenmaker, Andrew J and Simchowitz, Max and Jamieson, Kevin},
  booktitle={International Conference on Machine Learning},
  pages={10641--10652},
  year={2021},
  organization={PMLR}
}

@article{lee2024active,
  title={Active Learning for Control-Oriented Identification of Nonlinear Systems},
  author={Lee, Bruce D and Ziemann, Ingvar and Pappas, George J and Matni, Nikolai},
  journal={arXiv preprint arXiv:2404.09030},
  year={2024}
}

@article{dean2020sample,
  title={On the sample complexity of the linear quadratic regulator},
  author={Dean, Sarah and Mania, Horia and Matni, Nikolai and Recht, Benjamin and Tu, Stephen},
  journal={Foundations of Computational Mathematics},
  volume={20},
  number={4},
  pages={633--679},
  year={2020},
  publisher={Springer}
}

@article{lale2020logarithmic,
  title={Logarithmic regret bound in partially observable linear dynamical systems},
  author={Lale, Sahin and Azizzadenesheli, Kamyar and Hassibi, Babak and Anandkumar, Anima},
  journal={Advances in Neural Information Processing Systems},
  volume={33},
  pages={20876--20888},
  year={2020}
}

@article{tsiamis2023statistical,
  title={Statistical Learning Theory for Control: A Finite-Sample Perspective},
  author={Tsiamis, Anastasios and Ziemann, Ingvar and Matni, Nikolai and Pappas, George J},
  journal={IEEE Control Systems Magazine},
  volume={43},
  number={6},
  pages={67--97},
  year={2023},
  publisher={IEEE}
}


@article{khurana2023natural,
  title={Natural language processing: State of the art, current trends and challenges},
  author={Khurana, Diksha and Koli, Aditya and Khatter, Kiran and Singh, Sukhdev},
  journal={Multimedia tools and applications},
  volume={82},
  number={3},
  pages={3713--3744},
  year={2023},
  publisher={Springer}
}

@article{dosovitskiy2020image,
  title={An image is worth 16x16 words: Transformers for image recognition at scale},
  author={Dosovitskiy, Alexey and Beyer, Lucas and Kolesnikov, Alexander and Weissenborn, Dirk and Zhai, Xiaohua and Unterthiner, Thomas and Dehghani, Mostafa and Minderer, Matthias and Heigold, Georg and Gelly, Sylvain and others},
  journal={arXiv preprint arXiv:2010.11929},
  year={2020}
}

@article{dasari2019robonet,
  title={Robonet: Large-scale multi-robot learning},
  author={Dasari, Sudeep and Ebert, Frederik and Tian, Stephen and Nair, Suraj and Bucher, Bernadette and Schmeckpeper, Karl and Singh, Siddharth and Levine, Sergey and Finn, Chelsea},
  journal={arXiv preprint arXiv:1910.11215},
  year={2019}
}

@inproceedings{radford2021learning,
  title={Learning transferable visual models from natural language supervision},
  author={Radford, Alec and Kim, Jong Wook and Hallacy, Chris and Ramesh, Aditya and Goh, Gabriel and Agarwal, Sandhini and Sastry, Girish and Askell, Amanda and Mishkin, Pamela and Clark, Jack and others},
  booktitle={International conference on machine learning},
  pages={8748--8763},
  year={2021},
  organization={PMLR}
}

@article{devlin2018bert,
  title={Bert: Pre-training of deep bidirectional transformers for language understanding},
  author={Devlin, Jacob and Chang, Ming-Wei and Lee, Kenton and Toutanova, Kristina},
  journal={arXiv preprint arXiv:1810.04805},
  year={2018}
}

@inproceedings{jedra2022minimal,
  title={Minimal expected regret in linear quadratic control},
  author={Jedra, Yassir and Proutiere, Alexandre},
  booktitle={International Conference on Artificial Intelligence and Statistics},
  pages={10234--10321},
  year={2022},
  organization={PMLR}
}

@book{zhou1996robust,
  title={Robust and Optimal Control},
  author={Zhou, K. and Doyle, J.C. and Glover, K.},
  isbn={9780134565675},
  lccn={95030311},
  series={Feher/Prentice Hall Digital and},
  year={1996},
  publisher={Prentice Hall}
}

@article{kakade2020information,
  title={Information theoretic regret bounds for online nonlinear control},
  author={Kakade, Sham and Krishnamurthy, Akshay and Lowrey, Kendall and Ohnishi, Motoya and Sun, Wen},
  journal={Advances in Neural Information Processing Systems},
  volume={33},
  pages={15312--15325},
  year={2020}
}

@article{wang2023model,
  title={Model-free Learning with Heterogeneous Dynamical Systems: A Federated LQR Approach},
  author={Wang, Han and Toso, Leonardo F and Mitra, Aritra and Anderson, James},
  journal={arXiv preprint arXiv:2308.11743},
  year={2023}
}

@inproceedings{lale2022reinforcement,
  title={Reinforcement learning with fast stabilization in linear dynamical systems},
  author={Lale, Sahin and Azizzadenesheli, Kamyar and Hassibi, Babak and Anandkumar, Animashree},
  booktitle={International Conference on Artificial Intelligence and Statistics},
  pages={5354--5390},
  year={2022},
  organization={PMLR}
}

@inproceedings{tsiamis2022learning,
  title={Learning to control linear systems can be hard},
  author={Tsiamis, Anastasios and Ziemann, Ingvar M and Morari, Manfred and Matni, Nikolai and Pappas, George J},
  booktitle={Conference on Learning Theory},
  pages={3820--3857},
  year={2022},
  organization={PMLR}
}

@inproceedings{jedra2020finite,
  title={Finite-time identification of stable linear systems optimality of the least-squares estimator},
  author={Jedra, Yassir and Proutiere, Alexandre},
  booktitle={2020 59th IEEE Conference on Decision and Control (CDC)},
  pages={996--1001},
  year={2020},
  organization={IEEE}
}

@inproceedings{ziemann2023tutorial,
  title={A Tutorial on the Non-Asymptotic Theory of System Identification},
  author={Ziemann, Ingvar and Tsiamis, Anastasios and Lee, Bruce and Jedra, Yassir and Matni, Nikolai and Pappas, George J},
  booktitle={2023 62nd IEEE Conference on Decision and Control (CDC)},
  pages={8921--8939},
  year={2023},
  organization={IEEE}
}

@inproceedings{zhang2023meta,
  title={Sample-Efficient Linear Representation Learning from Non-IID Non-Isotropic Data},
  author={Zhang, Thomas TCK and Toso, Leonardo Felipe and Anderson, James and Matni, Nikolai},
  booktitle={The Twelfth International Conference on Learning Representations},
  year={2023}
}

@book{gregory1959proceedings,
  title={Proceedings of the Self Adaptive Flight Control Systems Symposium},
  author={Gregory, PC},
  volume={59},
  number={49},
  year={1959},
  publisher={Wright Air Development Center, Air Research and Development Command, United~…}
}

@article{aastrom1973self,
  title={On self tuning regulators},
  author={{\AA}str{\"o}m, Karl Johan and Wittenmark, Bj{\"o}rn},
  journal={Automatica},
  volume={9},
  number={2},
  pages={185--199},
  year={1973},
  publisher={Elsevier}
}

@book{aastrom2013adaptive,
  title={Adaptive control},
  author={{\AA}str{\"o}m, Karl J and Wittenmark, Bj{\"o}rn},
  year={2013},
  publisher={Courier Corporation}
}

@book{ioannou1996robust,
  title={Robust adaptive control},
  author={Ioannou, Petros A and Sun, Jing},
  volume={1},
  year={1996},
  publisher={PTR Prentice-Hall Upper Saddle River, NJ}
}

@book{narendra2012stable,
  title={Stable adaptive systems},
  author={Narendra, Kumpati S and Annaswamy, Anuradha M},
  year={2012},
  publisher={Courier Corporation}
}

@inproceedings{abbasi2011regret,
  title={Regret bounds for the adaptive control of linear quadratic systems},
  author={Abbasi-Yadkori, Yasin and Szepesv{\'a}ri, Csaba},
  booktitle={Proceedings of the 24th Annual Conference on Learning Theory},
  pages={1--26},
  year={2011},
  organization={JMLR Workshop and Conference Proceedings}
}

@incollection{stein1980adaptive,
  title={Adaptive flight control: A pragmatic view},
  author={Stein, Gunter},
  booktitle={Applications of Adaptive Control},
  pages={291--312},
  year={1980},
  publisher={Elsevier}
}

@article{slotine1987adaptive,
  title={On the adaptive control of robot manipulators},
  author={Slotine, Jean-Jacques E and Li, Weiping},
  journal={The international journal of robotics research},
  volume={6},
  number={3},
  pages={49--59},
  year={1987},
  publisher={Sage Publications Sage CA: Thousand Oaks, CA}
}

@article{vershynin2020high,
  title={High-dimensional probability},
  author={Vershynin, Roman},
  journal={University of California, Irvine},
  year={2020}
}

@article{du2020few,
  title={Few-shot learning via learning the representation, provably},
  author={Du, Simon S and Hu, Wei and Kakade, Sham M and Lee, Jason D and Lei, Qi},
  journal={arXiv preprint arXiv:2002.09434},
  year={2020}
}

@article{tripuraneni2020theory,
  title={On the theory of transfer learning: The importance of task diversity},
  author={Tripuraneni, Nilesh and Jordan, Michael and Jin, Chi},
  journal={Advances in neural information processing systems},
  volume={33},
  pages={7852--7862},
  year={2020}
}

@book{pena2009self,
  title={Self-normalized processes: Limit theory and Statistical Applications},
  author={Pe{\~n}a, Victor H and Lai, Tze Leung and Shao, Qi-Man},
  year={2009},
  publisher={Springer}
}

@article{tilli1998singular,
  title={Singular values and eigenvalues of non-Hermitian block Toeplitz matrices},
  author={Tilli, Paolo},
  journal={Linear algebra and its applications},
  volume={272},
  number={1-3},
  pages={59--89},
  year={1998},
  publisher={Elsevier}
}

@article{dean2018regret,
  title={Regret bounds for robust adaptive control of the linear quadratic regulator},
  author={Dean, Sarah and Mania, Horia and Matni, Nikolai and Recht, Benjamin and Tu, Stephen},
  journal={Advances in Neural Information Processing Systems},
  volume={31},
  year={2018}
}

@article{ziemann2022regret,
  title={Regret lower bounds for learning linear quadratic gaussian systems},
  author={Ziemann, Ingvar and Sandberg, Henrik},
  journal={arXiv preprint arXiv:2201.01680},
  year={2022}
}

@inproceedings{hazan2020nonstochastic,
  title={The nonstochastic control problem},
  author={Hazan, Elad and Kakade, Sham and Singh, Karan},
  booktitle={Algorithmic Learning Theory},
  pages={408--421},
  year={2020},
  organization={PMLR}
}

@inproceedings{simchowitz2020improper,
  title={Improper learning for non-stochastic control},
  author={Simchowitz, Max and Singh, Karan and Hazan, Elad},
  booktitle={Conference on Learning Theory},
  pages={3320--3436},
  year={2020},
  organization={PMLR}
}

@article{stewart1990matrix,
  title={Matrix perturbation theory},
  author={Stewart, Gilbert W and Sun, Ji-guang},
  journal={(No Title)},
  year={1990}
}

@inproceedings{collins2021exploiting,
  title={Exploiting shared representations for personalized federated learning},
  author={Collins, Liam and Hassani, Hamed and Mokhtari, Aryan and Shakkottai, Sanjay},
  booktitle={International conference on machine learning},
  pages={2089--2099},
  year={2021},
  organization={PMLR}
}

@inproceedings{rantzer2021minimax,
  title={Minimax adaptive control for a finite set of linear systems},
  author={Rantzer, Anders},
  booktitle={Learning for Dynamics and Control},
  pages={893--904},
  year={2021},
  organization={PMLR}
}

@inproceedings{cederberg2022synthesis,
  title={Synthesis of Minimax Adaptive Controller for a Finite Set of Linear Systems},
  author={Cederberg, Daniel and Hansson, Anders and Rantzer, Anders},
  booktitle={2022 IEEE 61st Conference on Decision and Control (CDC)},
  pages={1380--1384},
  year={2022},
  organization={IEEE}
}

@article{lee2023nonasymptotic,
  title={Nonasymptotic Regret Analysis of Adaptive Linear Quadratic Control with Model Misspecification},
  author={Lee, Bruce D and Rantzer, Anders and Matni, Nikolai},
  journal={arXiv preprint arXiv:2401.00073},
  year={2023}
}

@inproceedings{renganathan2023online,
  title={An online learning analysis of minimax adaptive control},
  author={Renganathan, Venkatraman and Iannelli, Andrea and Rantzer, Anders},
  booktitle={2023 62nd IEEE Conference on Decision and Control (CDC)},
  pages={1034--1039},
  year={2023},
  organization={IEEE}
}

@inproceedings{cohen2019learning,
  title={Learning Linear-Quadratic Regulators Efficiently with only $\sqrt T$ Regret},
  author={Cohen, Alon and Koren, Tomer and Mansour, Yishay},
  booktitle={International Conference on Machine Learning},
  pages={1300--1309},
  year={2019},
  organization={PMLR}
}



@article{mania2019certainty,
  title={Certainty equivalence is efficient for linear quadratic control},
  author={Mania, Horia and Tu, Stephen and Recht, Benjamin},
  journal={Advances in Neural Information Processing Systems},
  volume={32},
  year={2019}
}

@inproceedings{simchowitz2020naive,
  title={Naive exploration is optimal for online lqr},
  author={Simchowitz, Max and Foster, Dylan},
  booktitle={International Conference on Machine Learning},
  pages={8937--8948},
  year={2020},
  organization={PMLR}
}

@article{silver2017mastering,
  title={Mastering the game of go without human knowledge},
  author={Silver, David and Schrittwieser, Julian and Simonyan, Karen and Antonoglou, Ioannis and Huang, Aja and Guez, Arthur and Hubert, Thomas and Baker, Lucas and Lai, Matthew and Bolton, Adrian and others},
  journal={nature},
  volume={550},
  number={7676},
  pages={354--359},
  year={2017},
  publisher={Nature Publishing Group}
}

@article{levine2016end,
  title={End-to-end training of deep visuomotor policies},
  author={Levine, Sergey and Finn, Chelsea and Darrell, Trevor and Abbeel, Pieter},
  journal={The Journal of Machine Learning Research},
  volume={17},
  number={1},
  pages={1334--1373},
  year={2016},
  publisher={JMLR. org}
}

@inproceedings{zhang2023multi,
  title={Multi-task imitation learning for linear dynamical systems},
  author={Zhang, Thomas T and Kang, Katie and Lee, Bruce D and Tomlin, Claire and Levine, Sergey and Tu, Stephen and Matni, Nikolai},
  booktitle={Learning for Dynamics and Control Conference},
  pages={586--599},
  year={2023},
  organization={PMLR}
}

@article{guo2023imitation,
  title={Imitation and transfer learning for LQG control},
  author={Guo, Taosha and Al Makdah, Abed AlRahman and Krishnan, Vishaal and Pasqualetti, Fabio},
  journal={IEEE Control Systems Letters},
  year={2023},
  publisher={IEEE}
}

@inproceedings{finn2017one,
  title={One-shot visual imitation learning via meta-learning},
  author={Finn, Chelsea and Yu, Tianhe and Zhang, Tianhao and Abbeel, Pieter and Levine, Sergey},
  booktitle={Conference on robot learning},
  pages={357--368},
  year={2017},
  organization={PMLR}
}

@article{kumar2021rma,
  title={Rma: Rapid motor adaptation for legged robots},
  author={Kumar, Ashish and Fu, Zipeng and Pathak, Deepak and Malik, Jitendra},
  journal={arXiv preprint arXiv:2107.04034},
  year={2021}
}

@article{brohan2022rt,
  title={Rt-1: Robotics transformer for real-world control at scale},
  author={Brohan, Anthony and Brown, Noah and Carbajal, Justice and Chebotar, Yevgen and Dabis, Joseph and Finn, Chelsea and Gopalakrishnan, Keerthana and Hausman, Karol and Herzog, Alex and Hsu, Jasmine and others},
  journal={arXiv preprint arXiv:2212.06817},
  year={2022}
}

@inproceedings{shridhar2023perceiver,
  title={Perceiver-actor: A multi-task transformer for robotic manipulation},
  author={Shridhar, Mohit and Manuelli, Lucas and Fox, Dieter},
  booktitle={Conference on Robot Learning},
  pages={785--799},
  year={2023},
  organization={PMLR}
}

@article{modi2021joint,
  title={Joint learning of linear time-invariant dynamical systems},
  author={Modi, Aditya and Faradonbeh, Mohamad Kazem Shirani and Tewari, Ambuj and Michailidis, George},
  journal={arXiv preprint arXiv:2112.10955},
  year={2021}
}

@article{shi2021meta,
  title={Meta-adaptive nonlinear control: Theory and algorithms},
  author={Shi, Guanya and Azizzadenesheli, Kamyar and O'Connell, Michael and Chung, Soon-Jo and Yue, Yisong},
  journal={Advances in Neural Information Processing Systems},
  volume={34},
  pages={10013--10025},
  year={2021}
}

@article{levine2020offline,
  title={Offline reinforcement learning: Tutorial, review, and perspectives on open problems},
  author={Levine, Sergey and Kumar, Aviral and Tucker, George and Fu, Justin},
  journal={arXiv preprint arXiv:2005.01643},
  year={2020}
}

@INPROCEEDINGS{tobin2017dr,
  author={Tobin, Josh and Fong, Rachel and Ray, Alex and Schneider, Jonas and Zaremba, Wojciech and Abbeel, Pieter},
  booktitle={2017 IEEE/RSJ International Conference on Intelligent Robots and Systems (IROS)}, 
  title={Domain randomization for transferring deep neural networks from simulation to the real world}, 
  year={2017},
  volume={},
  number={},
  pages={23-30}
}

@BOOK{moerland2023model-basedrl,
  author={Moerland, Thomas M. and Broekens, Joost and Plaat, Aske and Jonker, Catholijn M.},
  booktitle={Model-based Reinforcement Learning: A Survey},
  year={2023},
  volume={},
  number={},
  pages={},
  keywords={},
  doi={}}


@InProceedings{mehta20activedr,
  title = 	 {Active Domain Randomization},
  author =       {Mehta, Bhairav and Diaz, Manfred and Golemo, Florian and Pal, Christopher J. and Paull, Liam},
  booktitle = 	 {Proceedings of the Conference on Robot Learning},
  pages = 	 {1162--1176},
  year = 	 {2020},
  editor = 	 {Kaelbling, Leslie Pack and Kragic, Danica and Sugiura, Komei},
  volume = 	 {100},
  series = 	 {Proceedings of Machine Learning Research},
  month = 	 {30 Oct--01 Nov},
  publisher =    {PMLR}
}

@ARTICLE{loquercio2020racing,
  author={Loquercio, Antonio and Kaufmann, Elia and Ranftl, René and Dosovitskiy, Alexey and Koltun, Vladlen and Scaramuzza, Davide},
  journal={IEEE Transactions on Robotics}, 
  title={Deep Drone Racing: From Simulation to Reality With Domain Randomization}, 
  year={2020},
  volume={36},
  number={1},
  pages={1-14},
  keywords={Drones;Navigation;Trajectory;State estimation;Training;Robot sensing systems;Drone racing;learning agile flight;learning for control},
  doi={10.1109/TRO.2019.2942989}}

@article{kaufmann2023champion,
  title={Champion-level drone racing using deep reinforcement learning},
  author={Kaufmann, Elia and Bauersfeld, Leonard and Loquercio, Antonio and M{\"u}ller, Matthias and Koltun, Vladlen and Scaramuzza, Davide},
  journal={Nature},
  volume={620},
  number={7976},
  pages={982--987},
  year={2023},
  publisher={Nature Publishing Group UK London}
}

@INPROCEEDINGS{peng2018drforcontrol,
  author={Peng, Xue Bin and Andrychowicz, Marcin and Zaremba, Wojciech and Abbeel, Pieter},
  booktitle={2018 IEEE International Conference on Robotics and Automation (ICRA)}, 
  title={Sim-to-Real Transfer of Robotic Control with Dynamics Randomization}, 
  year={2018},
  volume={},
  number={},
  pages={3803-3810},
  keywords={Robots;Training;Adaptation models;Task analysis;Trajectory;Data models;Robustness},
  doi={10.1109/ICRA.2018.8460528}}

@inproceedings{doyle1982analysis,
  title={Analysis of feedback systems with structured uncertainties},
  author={Doyle, John},
  booktitle={IEE Proceedings D (Control Theory and Applications)},
  volume={129},
  number={6},
  pages={242--250},
  year={1982},
  organization={IET Digital Library}
}

@ARTICLE{fan1991robustness,
  author={Fan, M.K.H. and Tits, A.L. and Doyle, J.C.},
  journal={IEEE Transactions on Automatic Control}, 
  title={Robustness in the presence of mixed parametric uncertainty and unmodeled dynamics}, 
  year={1991},
  volume={36},
  number={1},
  pages={25-38},
  keywords={Robustness;Uncertainty;Robust stability;Constraint optimization;Upper bound;Differential equations;NASA;Space technology;Grid computing;Search methods},
  doi={10.1109/9.62265}}

@ARTICLE{Wang2019sls,
  author={Wang, Yuh-Shyang and Matni, Nikolai and Doyle, John C.},
  journal={IEEE Transactions on Automatic Control}, 
  title={A System-Level Approach to Controller Synthesis}, 
  year={2019},
  volume={64},
  number={10},
  pages={4079-4093},
  keywords={Optimal control;Sensors;Conferences;Linear systems;Aerospace electronics;Closed loop systems;Constrained and structured optimal control;decentralized control;large-scale systems},
  doi={10.1109/TAC.2018.2890753}}

@article{coulson2021distributionally,
  title={Distributionally robust chance constrained data-enabled predictive control},
  author={Coulson, Jeremy and Lygeros, John and D{\"o}rfler, Florian},
  journal={IEEE Transactions on Automatic Control},
  volume={67},
  number={7},
  pages={3289--3304},
  year={2021},
  publisher={IEEE}
}

@INPROCEEDINGS{berberich2020robust,
  author={Berberich, Julian and Koch, Anne and Scherer, Carsten W. and Allgöwer, Frank},
  booktitle={2020 American Control Conference (ACC)}, 
  title={Robust data-driven state-feedback design}, 
  year={2020},
  volume={},
  number={},
  pages={1532-1538},
  keywords={Trajectory;Linear matrix inequalities;Robustness;Noise measurement;Linear systems;Robust control;Mathematical model},
  doi={10.23919/ACC45564.2020.9147320}}

@article{caverly2019lmi,
  title={LMI properties and applications in systems, stability, and control theory},
  author={Caverly, Ryan James and Forbes, James Richard},
  journal={arXiv preprint arXiv:1903.08599},
  year={2019}
}

@article{wang2023robogen,
  title={Robogen: Towards unleashing infinite data for automated robot learning via generative simulation},
  author={Wang, Yufei and Xian, Zhou and Chen, Feng and Wang, Tsun-Hsuan and Wang, Yian and Fragkiadaki, Katerina and Erickson, Zackory and Held, David and Gan, Chuang},
  journal={arXiv preprint arXiv:2311.01455},
  year={2023}
}

@article{loquercio2021learning,
  title={Learning high-speed flight in the wild},
  author={Loquercio, Antonio and Kaufmann, Elia and Ranftl, Ren{\'e} and M{\"u}ller, Matthias and Koltun, Vladlen and Scaramuzza, Davide},
  journal={Science Robotics},
  volume={6},
  number={59},
  pages={eabg5810},
  year={2021},
  publisher={American Association for the Advancement of Science}
}

@article{liu2021role,
  title={The role of physics-based simulators in robotics},
  author={Liu, C Karen and Negrut, Dan},
  journal={Annual Review of Control, Robotics, and Autonomous Systems},
  volume={4},
  number={1},
  pages={35--58},
  year={2021},
  publisher={Annual Reviews}
}

@article{HumanoidTransformer2023,
  title={Learning Humanoid Locomotion with Transformers},
  author={Ilija Radosavovic and Tete Xiao and Bike Zhang and Trevor Darrell and Jitendra Malik and Koushil Sreenath},
  year={2023},
  journal={arXiv:2303.03381}
}

@inproceedings{katara2024gen2sim,
  title={Gen2sim: Scaling up robot learning in simulation with generative models},
  author={Katara, Pushkal and Xian, Zhou and Fragkiadaki, Katerina},
  booktitle={2024 IEEE International Conference on Robotics and Automation (ICRA)},
  pages={6672--6679},
  year={2024},
  organization={IEEE}
}

@article{chen2021understanding,
  title={Understanding domain randomization for sim-to-real transfer},
  author={Chen, Xiaoyu and Hu, Jiachen and Jin, Chi and Li, Lihong and Wang, Liwei},
  journal={arXiv preprint arXiv:2110.03239},
  year={2021}
}

@misc{zhong2019pacreinforcementlearningrealworld,
      title={PAC Reinforcement Learning without Real-World Feedback}, 
      author={Yuren Zhong and Aniket Anand Deshmukh and Clayton Scott},
      year={2019},
      eprint={1909.10449},
      archivePrefix={arXiv},
      primaryClass={cs.LG},
      url={https://arxiv.org/abs/1909.10449}, 
}

@inproceedings{jiang2018pac,
  title={PAC reinforcement learning with an imperfect model},
  author={Jiang, Nan},
  booktitle={Proceedings of the AAAI Conference on Artificial Intelligence},
  volume={32},
  number={1},
  year={2018}
}

@article{diamond2016cvxpy,
  author  = {Steven Diamond and Stephen Boyd},
  title   = {{CVXPY}: {A} {P}ython-embedded modeling language for convex optimization},
  journal = {Journal of Machine Learning Research},
  year    = {2016},
  volume  = {17},
  number  = {83},
  pages   = {1--5},
}

@software{jax2018github,
  author = {James Bradbury and Roy Frostig and Peter Hawkins and Matthew James Johnson and Chris Leary and Dougal Maclaurin and George Necula and Adam Paszke and Jake Vander{P}las and Skye Wanderman-{M}ilne and Qiao Zhang},
  title = {{JAX}: composable transformations of {P}ython+{N}um{P}y programs},
  url = {http://github.com/jax-ml/jax},
  version = {0.3.13},
  year = {2018},
}

@article{ocpb:16,
    author       = {Brendan O'Donoghue and Eric Chu and Neal Parikh and Stephen Boyd},
    title        = {Conic Optimization via Operator Splitting and Homogeneous Self-Dual Embedding},
    journal      = {Journal of Optimization Theory and Applications},
    month        = {June},
    year         = {2016},
    volume       = {169},
    number       = {3},
    pages        = {1042-1068},
    url          = {http://stanford.edu/~boyd/papers/scs.html},
}

@inproceedings{cvxpylayers2019,
  author={Agrawal, A. and Amos, B. and Barratt, S. and Boyd, S. and Diamond, S. and Kolter, Z.},
  title={Differentiable Convex Optimization Layers},
  booktitle={Advances in Neural Information Processing Systems},
  year={2019},
}

@inproceedings{haarnoja2018soft,
  title={Soft actor-critic: Off-policy maximum entropy deep reinforcement learning with a stochastic actor},
  author={Haarnoja, Tuomas and Zhou, Aurick and Abbeel, Pieter and Levine, Sergey},
  booktitle={International conference on machine learning},
  pages={1861--1870},
  year={2018},
  organization={PMLR}
}

@incollection{botev2013cross,
  title={The cross-entropy method for optimization},
  author={Botev, Zdravko I and Kroese, Dirk P and Rubinstein, Reuven Y and L’Ecuyer, Pierre},
  booktitle={Handbook of statistics},
  volume={31},
  pages={35--59},
  year={2013},
  publisher={Elsevier}
}