@article{tversky1992advances,
  title={Advances in prospect theory: Cumulative representation of uncertainty},
  author={Tversky, Amos and Kahneman, Daniel},
  journal={Journal of Risk and uncertainty},
  volume={5},
  pages={297--323},
  year={1992},
  publisher={Springer}
}
@article{ross2024llm,
  title={LLM economicus? Mapping the Behavioral Biases of LLMs via Utility Theory},
  author={Ross, Jillian and Kim, Yoon and Lo, Andrew W},
  journal={arXiv preprint arXiv:2408.02784},
  year={2024}
}
@article{serapio2023personality,
  title={Personality traits in large language models},
  author={Serapio-Garc{\'\i}a, Greg and Safdari, Mustafa and Crepy, Cl{\'e}ment and Sun, Luning and Fitz, Stephen and Romero, Peter and Abdulhai, Marwa and Faust, Aleksandra and Matari{\'c}, Maja},
  journal={arXiv preprint arXiv:2307.00184},
  year={2023}
}
@article{jiang2024evaluating,
  title={Evaluating and inducing personality in pre-trained language models},
  author={Jiang, Guangyuan and Xu, Manjie and Zhu, Song-Chun and Han, Wenjuan and Zhang, Chi and Zhu, Yixin},
  journal={Advances in Neural Information Processing Systems},
  volume={36},
  year={2024}
}
@article{karra2022estimating,
  title={Estimating the Personality of White-Box Language Models},
  author={Karra, Saketh Reddy and Nguyen, Son The and Tulabandhula, Theja},
  journal={arXiv preprint arXiv:2204.12000},
  year={2022}
}
@article{johnson2005ascertaining,
  title={Ascertaining the validity of individual protocols from web-based personality inventories},
  author={Johnson, John A},
  journal={Journal of research in personality},
  volume={39},
  number={1},
  pages={103--129},
  year={2005},
  publisher={Elsevier}
}
@inproceedings{park2023generative,
  title={Generative agents: Interactive simulacra of human behavior},
  author={Park, Joon Sung and O'Brien, Joseph and Cai, Carrie Jun and Morris, Meredith Ringel and Liang, Percy and Bernstein, Michael S},
  booktitle={Proceedings of the 36th annual acm symposium on user interface software and technology},
  pages={1--22},
  year={2023}
}
@article{wang2024survey,
  title={A survey on large language model based autonomous agents},
  author={Wang, Lei and Ma, Chen and Feng, Xueyang and Zhang, Zeyu and Yang, Hao and Zhang, Jingsen and Chen, Zhiyuan and Tang, Jiakai and Chen, Xu and Lin, Yankai and others},
  journal={Frontiers of Computer Science},
  volume={18},
  number={6},
  pages={186345},
  year={2024},
  publisher={Springer}
}
@article{xi2023rise,
  title={The rise and potential of large language model based agents: A survey},
  author={Xi, Zhiheng and Chen, Wenxiang and Guo, Xin and He, Wei and Ding, Yiwen and Hong, Boyang and Zhang, Ming and Wang, Junzhe and Jin, Senjie and Zhou, Enyu and others},
  journal={arXiv preprint arXiv:2309.07864},
  year={2023}
}
@article{goldberg1999broad,
  title={A broad-bandwidth, public domain, personality inventory measuring the lower-level facets of several five-factor models},
  author={Goldberg, Lewis R and others},
  journal={Personality psychology in Europe},
  volume={7},
  number={1},
  pages={7--28},
  year={1999},
  publisher={Tilburg Netherland}
}
@article{xia2024agentless,
  title={Agentless: Demystifying llm-based software engineering agents},
  author={Xia, Chunqiu Steven and Deng, Yinlin and Dunn, Soren and Zhang, Lingming},
  journal={arXiv preprint arXiv:2407.01489},
  year={2024}
}
@misc{cognition2024introducing,
  title        = {Introducing Devin},
  author       = {{Cognition.ai}},
  year         = {2024},
}
@article{ding2024large,
  title={Large Language Model Agent in Financial Trading: A Survey},
  author={Ding, Han and Li, Yinheng and Wang, Junhao and Chen, Hang},
  journal={arXiv preprint arXiv:2408.06361},
  year={2024}
}
@inproceedings{yu2024finmem,
  title={FinMem: A performance-enhanced LLM trading agent with layered memory and character design},
  author={Yu, Yangyang and Li, Haohang and Chen, Zhi and Jiang, Yuechen and Li, Yang and Zhang, Denghui and Liu, Rong and Suchow, Jordan W and Khashanah, Khaldoun},
  booktitle={Proceedings of the AAAI Symposium Series},
  pages={595--597},
  year={2024}
}
@inproceedings{lakkaraju2023llms,
  title={LLMs for Financial Advisement: A Fairness and Efficacy Study in Personal Decision Making},
  author={Lakkaraju, Kausik and Jones, Sara E and Vuruma, Sai Krishna Revanth and Pallagani, Vishal and Muppasani, Bharath C and Srivastava, Biplav},
  booktitle={Proceedings of the Fourth ACM International Conference on AI in Finance},
  pages={100--107},
  year={2023}
}
@inproceedings{qian2024chatdev,
  title={Chatdev: Communicative agents for software development},
  author={Qian, Chen and Liu, Wei and Liu, Hongzhang and Chen, Nuo and Dang, Yufan and Li, Jiahao and Yang, Cheng and Chen, Weize and Su, Yusheng and Cong, Xin and others},
  booktitle={Proceedings of the 62nd Annual Meeting of the Association for Computational Linguistics (Volume 1: Long Papers)},
  pages={15174--15186},
  year={2024}
}
@article{qian2023communicative,
  title={Communicative agents for software development},
  author={Qian, Chen and Cong, Xin and Yang, Cheng and Chen, Weize and Su, Yusheng and Xu, Juyuan and Liu, Zhiyuan and Sun, Maosong},
  journal={arXiv preprint arXiv:2307.07924},
  volume={6},
  year={2023}
}
@article{binz2023using,
  title={Using cognitive psychology to understand GPT-3},
  author={Binz, Marcel and Schulz, Eric},
  journal={Proceedings of the National Academy of Sciences},
  volume={120},
  number={6},
  pages={e2218523120},
  year={2023},
  publisher={National Acad Sciences}
}
@article{hagendorff2023machine,
  title={Machine psychology: Investigating emergent capabilities and behavior in large language models using psychological methods},
  author={Hagendorff, Thilo},
  journal={arXiv preprint arXiv:2303.13988},
  year={2023}
}
@incollection{von2007theory,
  title={Theory of games and economic behavior: 60th anniversary commemorative edition},
  author={Von Neumann, John and Morgenstern, Oskar},
  booktitle={Theory of games and economic behavior},
  year={2007},
  publisher={Princeton university press}
}
@article{binz2023turning,
  title={Turning large language models into cognitive models},
  author={Binz, Marcel and Schulz, Eric},
  journal={arXiv preprint arXiv:2306.03917},
  year={2023}
}
@article{touvron2023llama,
  title={Llama: Open and efficient foundation language models},
  author={Touvron, Hugo and Lavril, Thibaut and Izacard, Gautier and Martinet, Xavier and Lachaux, Marie-Anne and Lacroix, Timoth{\'e}e and Rozi{\`e}re, Baptiste and Goyal, Naman and Hambro, Eric and Azhar, Faisal and others},
  journal={arXiv preprint arXiv:2302.13971},
  year={2023}
}
@article{peterson2021using,
  title={Using large-scale experiments and machine learning to discover theories of human decision-making},
  author={Peterson, Joshua C and Bourgin, David D and Agrawal, Mayank and Reichman, Daniel and Griffiths, Thomas L},
  journal={Science},
  volume={372},
  number={6547},
  pages={1209--1214},
  year={2021},
  publisher={American Association for the Advancement of Science}
}
@article{salewski2024context,
  title={In-context impersonation reveals Large Language Models' strengths and biases},
  author={Salewski, Leonard and Alaniz, Stephan and Rio-Torto, Isabel and Schulz, Eric and Akata, Zeynep},
  journal={Advances in Neural Information Processing Systems},
  volume={36},
  year={2024}
}
@article{hagendorff2023human,
  title={Human-like intuitive behavior and reasoning biases emerged in large language models but disappeared in ChatGPT},
  author={Hagendorff, Thilo and Fabi, Sarah and Kosinski, Michal},
  journal={Nature Computational Science},
  volume={3},
  number={10},
  pages={833--838},
  year={2023},
  publisher={Nature Publishing Group US New York}
}
@article{chen2023emergence,
  title={The emergence of economic rationality of GPT},
  author={Chen, Yiting and Liu, Tracy Xiao and Shan, You and Zhong, Songfa},
  journal={Proceedings of the National Academy of Sciences},
  volume={120},
  number={51},
  pages={e2316205120},
  year={2023},
  publisher={National Acad Sciences}
}
@article{geirhos2020shortcut,
  title={Shortcut learning in deep neural networks},
  author={Geirhos, Robert and Jacobsen, J{\"o}rn-Henrik and Michaelis, Claudio and Zemel, Richard and Brendel, Wieland and Bethge, Matthias and Wichmann, Felix A},
  journal={Nature Machine Intelligence},
  volume={2},
  number={11},
  pages={665--673},
  year={2020},
  publisher={Nature Publishing Group UK London}
}
@article{hartley2023neural,
  title={Neural networks memorise personal information from one sample},
  author={Hartley, John and Sanchez, Pedro P and Haider, Fasih and Tsaftaris, Sotirios A},
  journal={Scientific Reports},
  volume={13},
  number={1},
  pages={21366},
  year={2023},
  publisher={Nature Publishing Group UK London}
}
@inproceedings{carlini2019secret,
  title={The secret sharer: Evaluating and testing unintended memorization in neural networks},
  author={Carlini, Nicholas and Liu, Chang and Erlingsson, {\'U}lfar and Kos, Jernej and Song, Dawn},
  booktitle={28th USENIX security symposium (USENIX security 19)},
  pages={267--284},
  year={2019}
}
@inproceedings{carlini2021extracting,
  title={Extracting training data from large language models},
  author={Carlini, Nicholas and Tramer, Florian and Wallace, Eric and Jagielski, Matthew and Herbert-Voss, Ariel and Lee, Katherine and Roberts, Adam and Brown, Tom and Song, Dawn and Erlingsson, Ulfar and others},
  booktitle={30th USENIX Security Symposium (USENIX Security 21)},
  pages={2633--2650},
  year={2021}
}
@article{nicholson2005personality,
  title={Personality and domain-specific risk taking},
  author={Nicholson, Nigel and Soane, Emma and Fenton-O'Creevy, Mark and Willman, Paul},
  journal={Journal of Risk Research},
  volume={8},
  number={2},
  pages={157--176},
  year={2005},
  publisher={Taylor \& Francis}
}
@article{weller2012honest,
  title={Do honest people take fewer risks? Personality correlates of risk-taking to achieve gains and avoid losses in HEXACO space},
  author={Weller, Joshua A and Thulin, Erik W},
  journal={Personality and individual differences},
  volume={53},
  number={7},
  pages={923--926},
  year={2012},
  publisher={Elsevier}
}
@article{rustichini2016toward,
  title={Toward the integration of personality theory and decision theory in explaining economic behavior: An experimental investigation},
  author={Rustichini, Aldo and DeYoung, Colin G and Anderson, Jon E and Burks, Stephen V},
  journal={Journal of Behavioral and Experimental Economics},
  volume={64},
  pages={122--137},
  year={2016},
  publisher={Elsevier}
}
@article{boyce2016individual,
  title={Individual differences in loss aversion: Conscientiousness predicts how life satisfaction responds to losses versus gains in income},
  author={Boyce, Christopher J and Wood, Alex M and Ferguson, Eamonn},
  journal={Personality and Social Psychology Bulletin},
  volume={42},
  number={4},
  pages={471--484},
  year={2016},
  publisher={Sage Publications Sage CA: Los Angeles, CA}
}
@article{oehler2018relationship,
  title={The relationship of extraversion and neuroticism with risk attitude, risk perception, and return expectations.},
  author={Oehler, Andreas and Wedlich, Florian},
  journal={Journal of Neuroscience, Psychology, and Economics},
  volume={11},
  number={2},
  pages={63},
  year={2018},
  publisher={Educational Publishing Foundation}
}
@article{soane2005risk,
  title={Are risk preferences consistent?: The influence of decision domain and personality},
  author={Soane, Emma and Chmiel, Nik},
  journal={Personality and Individual Differences},
  volume={38},
  number={8},
  pages={1781--1791},
  year={2005},
  publisher={Elsevier}
}
@article{de2019personality,
  title={Personality traits and investor profile analysis: A behavioral finance study},
  author={De Bortoli, Daiane and da Costa Jr, Newton and Goulart, Marco and Campara, J{\'e}ssica},
  journal={PloS one},
  volume={14},
  number={3},
  pages={e0214062},
  year={2019},
  publisher={Public Library of Science San Francisco, CA USA}
}
@article{joseph2021personality,
  title={Personality profile of risk-takers},
  author={Joseph, Elizabeth D and Zhang, Don C},
  journal={Journal of Individual Differences},
  year={2021},
  publisher={Hogrefe Publishing}
}
@article{highhouse2022risk,
  title={Is risk propensity unique from the big five factors of personality? A meta-analytic investigation},
  author={Highhouse, Scott and Wang, Yi and Zhang, Don C},
  journal={Journal of Research in Personality},
  volume={98},
  pages={104206},
  year={2022},
  publisher={Elsevier}
}
@article{li2022does,
  title={Does gpt-3 demonstrate psychopathy? evaluating large language models from a psychological perspective},
  author={Li, Xingxuan and Li, Yutong and Joty, Shafiq and Liu, Linlin and Huang, Fei and Qiu, Lin and Bing, Lidong},
  journal={arXiv preprint arXiv:2212.10529},
  year={2022}
}
@article{furnham2013dark,
  title={The Dark Triad of personality: A 10 year review},
  author={Furnham, Adrian and Richards, Steven C and Paulhus, Delroy L},
  journal={Social and personality psychology compass},
  volume={7},
  number={3},
  pages={199--216},
  year={2013},
  publisher={Wiley Online Library}
}
@article{miotto2022gpt,
  title={Who is GPT-3? An exploration of personality, values and demographics},
  author={Miotto, Maril{\`u} and Rossberg, Nicola and Kleinberg, Bennett},
  journal={arXiv preprint arXiv:2209.14338},
  year={2022}
}
@article{coda2023inducing,
  title={Inducing anxiety in large language models increases exploration and bias},
  author={Coda-Forno, Julian and Witte, Kristin and Jagadish, Akshay K and Binz, Marcel and Akata, Zeynep and Schulz, Eric},
  journal={arXiv preprint arXiv:2304.11111},
  year={2023}
}
@article{suhr2023challenging,
  title={Challenging the Validity of Personality Tests for Large Language Models},
  author={S{\"u}hr, Tom and Dorner, Florian E and Samadi, Samira and Kelava, Augustin},
  journal={arXiv e-prints},
  pages={arXiv--2311},
  year={2023}
}
@article{ashton2009hexaco,
  title={The HEXACO--60: A short measure of the major dimensions of personality},
  author={Ashton, Michael C and Lee, Kibeom},
  journal={Journal of personality assessment},
  volume={91},
  number={4},
  pages={340--345},
  year={2009},
  publisher={Taylor \& Francis}
}
@article{ree2008distinguishing,
  title={Distinguishing cognitive and somatic dimensions of state and trait anxiety: Development and validation of the State-Trait Inventory for Cognitive and Somatic Anxiety (STICSA)},
  author={Ree, Melissa J and French, Davina and MacLeod, Colin and Locke, Vance},
  journal={Behavioural and Cognitive Psychotherapy},
  volume={36},
  number={3},
  pages={313--332},
  year={2008},
  publisher={Cambridge University Press}
}
@article{harris2020array,
  title={Array programming with NumPy},
  author={Harris, Charles R and Millman, K Jarrod and Van Der Walt, St{\'e}fan J and Gommers, Ralf and Virtanen, Pauli and Cournapeau, David and Wieser, Eric and Taylor, Julian and Berg, Sebastian and Smith, Nathaniel J and others},
  journal={Nature},
  volume={585},
  number={7825},
  pages={357--362},
  year={2020},
  publisher={Nature Publishing Group UK London}
}
@article{kahneman1979prospect,
  title={Prospect Theory: An Analysis of Decision under Risk},
  author={Kahneman, Daniel and Tversky, Amos},
  journal={Econometrica},
  volume={47},
  number={2},
  pages={263--292},
  year={1979}
}
@article{costa1992normal,
  title={Normal personality assessment in clinical practice: The NEO Personality Inventory.},
  author={Costa, Paul T and McCrae, Robert R},
  journal={Psychological assessment},
  volume={4},
  number={1},
  pages={5},
  year={1992},
  publisher={American Psychological Association}
}
@article{rottger2024political,
  title={Political compass or spinning arrow? towards more meaningful evaluations for values and opinions in large language models},
  author={R{\"o}ttger, Paul and Hofmann, Valentin and Pyatkin, Valentina and Hinck, Musashi and Kirk, Hannah Rose and Sch{\"u}tze, Hinrich and Hovy, Dirk},
  journal={arXiv preprint arXiv:2402.16786},
  year={2024}
}
@article{bubeck2023sparks,
  title={Sparks of artificial general intelligence: Early experiments with gpt-4},
  author={Bubeck, S{\'e}bastien and Chandrasekaran, Varun and Eldan, Ronen and Gehrke, Johannes and Horvitz, Eric and Kamar, Ece and Lee, Peter and Lee, Yin Tat and Li, Yuanzhi and Lundberg, Scott and others},
  journal={arXiv preprint arXiv:2303.12712},
  year={2023}
}
@article{saucier1996language,
  title={The language of personality: Lexical perspectives on the five-factor model.},
  author={Saucier, Gerard and Goldberg, Lewis R},
  year={1996},
  publisher={Guilford Press}
}
@article{digman1989five,
  title={Five robust trait dimensions: Development, stability, and utility},
  author={Digman, John M},
  journal={Journal of personality},
  volume={57},
  number={2},
  pages={195--214},
  year={1989},
  publisher={Wiley Online Library}
}
@article{mccrae1987validation,
  title={Validation of the five-factor model of personality across instruments and observers.},
  author={McCrae, Robert R and Costa, Paul T},
  journal={Journal of personality and social psychology},
  volume={52},
  number={1},
  pages={81},
  year={1987},
  publisher={American Psychological Association}
}
@article{mccrae1992introduction,
  title={An introduction to the five-factor model and its applications},
  author={McCrae, Robert R and John, Oliver P},
  journal={Journal of personality},
  volume={60},
  number={2},
  pages={175--215},
  year={1992},
  publisher={Wiley Online Library}
}
@article{vallinder2024cultural,
  title={Cultural Evolution of Cooperation among LLM Agents},
  author={Vallinder, Aron and Hughes, Edward},
  journal={arXiv preprint arXiv:2412.10270},
  year={2024}
}
@article{nelder1965simplex,
  title={A simplex method for function minimization},
  author={Nelder, John A and Mead, Roger},
  journal={The computer journal},
  volume={7},
  number={4},
  pages={308--313},
  year={1965},
  publisher={The British Computer Society}
}
@article{goldberg1992development,
  title={The development of markers for the Big-Five factor structure.},
  author={Goldberg, Lewis R},
  journal={Psychological assessment},
  volume={4},
  number={1},
  pages={26},
  year={1992},
  publisher={American Psychological Association}
}
@article{hamill2025agent,
  title={Agent-based modelling of credit card promotions},
  author={Hamill, Conor Brian and Khraishi, Raad and Gherghel, Simona and Lawrence, Jerrard and Mercuri, Salvatore and Okhrati, Ramin and Cowan, Greig Alan},
  journal={International Journal of Bank Marketing},
  year={2025},
  publisher={Emerald Publishing Limited}
}
@article{binz2024centaur,
  title={Centaur: a foundation model of human cognition},
  author={Binz, Marcel and Akata, Elif and Bethge, Matthias and Br{\"a}ndle, Franziska and Callaway, Fred and Coda-Forno, Julian and Dayan, Peter and Demircan, Can and Eckstein, Maria K and {\'E}ltet{\H{o}}, No{\'e}mi and others},
  journal={arXiv preprint arXiv:2410.20268},
  year={2024}
}
@inproceedings{li2024econagent,
  title={Econagent: large language model-empowered agents for simulating macroeconomic activities},
  author={Li, Nian and Gao, Chen and Li, Mingyu and Li, Yong and Liao, Qingmin},
  booktitle={Proceedings of the 62nd Annual Meeting of the Association for Computational Linguistics (Volume 1: Long Papers)},
  pages={15523--15536},
  year={2024}
}
@article{zhang2024ai,
  title={When ai meets finance (stockagent): Large language model-based stock trading in simulated real-world environments},
  author={Zhang, Chong and Liu, Xinyi and Jin, Mingyu and Zhang, Zhongmou and Li, Lingyao and Wang, Zhengting and Hua, Wenyue and Shu, Dong and Zhu, Suiyuan and Jin, Xiaobo and others},
  journal={arXiv preprint arXiv:2407.18957},
  year={2024}
}
@article{gao2024simulating,
  title={Simulating financial market via large language model based agents},
  author={Gao, Shen and Wen, Yuntao and Zhu, Minghang and Wei, Jianing and Cheng, Yuhan and Zhang, Qunzi and Shang, Shuo},
  journal={arXiv preprint arXiv:2406.19966},
  year={2024}
}
@article{park2024generative,
  title={Generative agent simulations of 1,000 people},
  author={Park, Joon Sung and Zou, Carolyn Q and Shaw, Aaron and Hill, Benjamin Mako and Cai, Carrie and Morris, Meredith Ringel and Willer, Robb and Liang, Percy and Bernstein, Michael S},
  journal={arXiv preprint arXiv:2411.10109},
  year={2024}
}