@inproceedings{Ando2021ConstructionOA,
  title={Construction of a Large-Scale {Japanese} {ASR} Corpus on {TV} Recordings},
  author={Shintaro Ando and Hiromasa Fujihara},
  booktitle={Proc. IEEE Int. Conf. on Acoustics, Speech and Signal Processing (ICASSP)},
  year={2021},
  pages={6948-6952},
}

@article{BangIEICE,
  title={Automatic Construction of a Large-Scale Speech Recognition Database Using Multi-Genre Broadcast Data with Inaccurate Subtitle Timestamps},
  author={Bang, Jeong-Uk and Choi, Mu-Yeol and Kim, Sang-Hun and Kwon, Oh-Wook},
  journal={IEICE Trans. on Information and Systems},
  volume={E103.D},
  number={2},
  pages={406-415},
  year={2020},
  doi={10.1587/transinf.2019EDP7234}
}

@article{Guerreiro21eswa,
title = {Towards better subtitles: A multilingual approach for punctuation restoration of speech transcripts},
journal = {Expert Systems with Applications},
volume = {186},
pages = {115740},
year = {2021},
issn = {0957-4174},
doi = {https://doi.org/10.1016/j.eswa.2021.115740},
author = {Nuno Miguel Guerreiro and Ricardo Rei and Fernando Batista},
}

@INPROCEEDINGS{JHU_kaldi,
  author={Manohar, Vimal and Povey, Daniel and Khudanpur, Sanjeev},
  booktitle={Proc. IEEE Automatic Speech Recognition and Understanding Workshop (ASRU)}, 
  title={{JHU} {K}aldi system for {A}rabic {MGB-3} {ASR} challenge using diarization, audio-transcript alignment and transfer learning}, 
  year={2017},
  pages={346-352},
  doi={10.1109/ASRU.2017.8268956}
}

@INPROCEEDINGS{MGB1,
  author={Bell, Peter and others},
  booktitle={Proc. IEEE Automatic Speech Recognition and Understanding Workshop (ASRU)}, 
  title={The {MGB} challenge: Evaluating multi-genre broadcast media recognition}, 
  year={2015},
  volume={},
  number={},
  pages={687-693},
  doi={10.1109/ASRU.2015.7404863},
}

@INPROCEEDINGS{MGB2,
  author={Ali, Ahmed and others},
  booktitle={Proc. IEEE Spoken Language Technology Workshop (SLT)}, 
  title={The {MGB}-2 challenge: {Arabic} multi-dialect broadcast media recognition}, 
  year={2016},
  volume={},
  number={},
  pages={279-284},
  doi={10.1109/SLT.2016.7846277},
}

@InProceedings{Milde2021_1109,
   author = {Benjamin Milde and Robert Geislinger and Irina Lindt and Timo Baumann},
   booktitle = {Proc. Conf. on Electronical Speech Signal Processing (ESSV)},
   title = {Open source automatic lecture subtitling},
   year = {2021},
   pages = {128--135},
   isbn = {978-3-959082-27-3},
   issn = {0940-6832},
}

@inproceedings{MustCinema,
    title = "{M}u{ST}-{C}inema: a Speech-to-Subtitles corpus",
    author = "Karakanta, Alina  and
      Negri, Matteo  and
      Turchi, Marco",
    booktitle = "Proc. Int. Conf. on Language Resources and Evaluation (LREC)",
    year = "2020",
    pages = "3727--3734",
    language = "English",
    ISBN = "979-10-95546-34-4",
}

@inproceedings{Saz2018,
    author = {Saz, Oscar and others} ,
    title = {Lightly supervised alignment of subtitles on multi-genre broadcasts},
    booktitle = {Multimedia Tools and Applications},
    pages = {30533-30550},
    year = {2018},
    volume = {77},
    doi = {10.1007/s11042-018-6050-1},
    issn = {1573-7721},
}

@INPROCEEDINGS{bell15_ASRU,
  author={Bell, Peter and Renals, Steve},
  booktitle={Proc. IEEE Automatic Speech Recognition and Understanding Workshop (ASRU)}, 
  title={A system for automatic alignment of broadcast media captions using weighted finite-state transducers}, 
  year={2015},
  volume={},
  number={},
  pages={675-680},
  doi={10.1109/ASRU.2015.7404861}
}

@INPROCEEDINGS{che2017,
  author={Che, Xiaoyin and Luo, Sheng and Yang, Haojin and Meinel, Christoph},
  booktitle={Proc. IEEE Int. Conf. on Advanced Learning Technologies (ICALT)}, 
  title={Automatic Lecture Subtitle Generation and How It Helps}, 
  year={2017},
  volume={},
  number={},
  pages={34-38},
  doi={10.1109/ICALT.2017.11},
}

@inproceedings{chen21o_interspeech,
  author={Guoguo Chen and others},
  title={{GigaSpeech}: An Evolving, Multi-Domain {ASR} Corpus with 10,000 Hours of Transcribed Audio},
  year=2021,
  booktitle={Proc. Interspeech},
  pages={3670--3674},
  doi={10.21437/Interspeech.2021-1965}
}

@INPROCEEDINGS{futami23_icassp,
  author={Futami, Hayato and others},
  booktitle={Proc. IEEE Int. Conf. on Acoustics, Speech and Signal Processing (ICASSP)}, 
  title={Streaming Joint Speech Recognition and Disfluency Detection}, 
  year={2023},
  doi={10.1109/ICASSP49357.2023.10094620},
}

@inproceedings{galvez2021peoples,
 author = {Galvez, Daniel and others},
 booktitle = {Proc. Conf. on Neural Information Processing Systems (NeurIPS): Track on Datasets and Benchmarks},
 pages = {},
 title = {The {Peopleâ€™s} {Speech}: A Large-Scale Diverse {English} Speech Recognition Dataset for Commercial Usage},
 url = {https://datasets-benchmarks-proceedings.neurips.cc/paper_files/paper/2021/file/202cb962ac59075b964b07152d234b70-Paper-round1.pdf},
 year = {2021}
}

@inproceedings{geislinger-etal-2022-improved,
    title = "Improved Open Source Automatic Subtitling for Lecture Videos",
    author = "Geislinger, Robert  and
      Milde, Benjamin  and
      Biemann, Chris",
    booktitle = "Proc. Conf. on Natural Language Processing (KONVENS)",
    year = "2022",
    pages = "98--103",
}

@INPROCEEDINGS{guo19_icassp,
  author={Guo, Jinxi and Sainath, Tara N. and Weiss, Ron J.},
  booktitle={Proc. IEEE Int. Conf. on Acoustics, Speech and Signal Processing (ICASSP)}, 
  title={A Spelling Correction Model for End-to-end Speech Recognition}, 
  year={2019},
  volume={},
  number={},
  pages={5651-5655},
  doi={10.1109/ICASSP.2019.8683745},
}

@Article{iberspeech,
AUTHOR = {Lleida, Eduardo and others},
TITLE = {Albayzin 2018 Evaluation: The {IberSpeech-RTVE} Challenge on Speech Technologies for {Spanish} Broadcast Media},
JOURNAL = {Applied Sciences},
VOLUME = {9},
YEAR = {2019},
NUMBER = {24},
ARTICLE-NUMBER = {5412},
URL = {https://www.mdpi.com/2076-3417/9/24/5412},
ISSN = {2076-3417},
DOI = {10.3390/app9245412},
}

@inproceedings{ihori-etal-2020-parallel,
    title = "Parallel Corpus for {J}apanese Spoken-to-Written Style Conversion",
    author = "Ihori, Mana  and
      Takashima, Akihiko  and
      Masumura, Ryo",
    booktitle = "Proc. Int. Conf. on Language Resources and Evaluation (LREC)",
    year = "2020",
    pages = "6346--6353",
    language = "English",
    ISBN = "979-10-95546-34-4",
}

@inproceedings{ihori23_interspeech,
  author={Mana Ihori and Hiroshi Sato and Tomohiro Tanaka and Ryo Masumura and Saki Mizuno and Nobukatsu Hojo},
  title={Transcribing Speech as Spoken and Written Dual Text Using an Autoregressive Model},
  year=2023,
  booktitle={Proc. Interspeech},
  pages={461--465},
  doi={10.21437/Interspeech.2023-1655}
}

@inproceedings{karakanta-etal-2022-evaluating,
    title = "Evaluating Subtitle Segmentation for End-to-end Generation Systems",
    author = "Karakanta, Alina  and
      Buet, Fran{\c{c}}ois  and
      Cettolo, Mauro  and
      Yvon, Fran{\c{c}}ois",
    booktitle = "Proc. Int. Conf. on Language Resources and Evaluation (LREC)",
    year = "2022",
    publisher = "ELRA",
    url = "https://aclanthology.org/2022.lrec-1.328",
    pages = "3069--3078",
}

@InProceedings{kurzinger2020,
author="K{\"u}rzinger, Ludwig
and Winkelbauer, Dominik
and Li, Lujun
and Watzel, Tobias
and Rigoll, Gerhard",
title="{CTC}-Segmentation of Large Corpora for {German} End-to-End Speech Recognition",
booktitle="Int. Conf. on Speech and Computer (SPECOM)",
year="2020",
pages="267--278",
isbn="978-3-030-60276-5"
}

@article{lamel_2002,
title = {Lightly supervised and unsupervised acoustic model training},
journal = {Computer, Speech and Language},
volume = {16},
number = {1},
pages = {115-129},
year = {2002},
issn = {0885-2308},
doi = {https://doi.org/10.1006/csla.2001.0186},
author = {Lori Lamel and Jean-Luc Gauvain and Gilles Adda},
}

@inproceedings{lanchantin16_interspeech,
  author={P. Lanchantin and others},
  title={Selection of Multi-Genre Broadcast Data for the Training of Automatic Speech Recognition Systems},
  year=2016,
  booktitle={Proc. Interspeech},
  pages={3057--3061},
  doi={10.21437/Interspeech.2016-462}
}

@INPROCEEDINGS{li2017,
  author={Li, Sheng and Lu, Xugang and Sakai, Shinsuke and Mimura, Masato and Kawahara, Tatsuya},
  booktitle={Proc. IEEE Int. Conf. on Acoustics, Speech and Signal Processing (ICASSP)}, 
  title={Semi-supervised ensemble {DNN} acoustic model training}, 
  year={2017},
  volume={},
  number={},
  pages={5270-5274},
  doi={10.1109/ICASSP.2017.7953162},
}

@INPROCEEDINGS{li2019,
  author={Li, Bo and Sainath, Tara N. and Pang, Ruoming and Wu, Zelin},
  booktitle={Proc. IEEE Int. Conf. on Acoustics, Speech and Signal Processing (ICASSP)}, 
  title={Semi-supervised Training for End-to-end Models via Weak Distillation}, 
  year={2019},
  volume={},
  number={},
  pages={2837-2841},
  doi={10.1109/ICASSP.2019.8682172},
}

@article{liao23,
author = {Liao, Junwei and others},
title = {Improving Readability for Automatic Speech Recognition Transcription},
year = {2023},
volume = {22},
number = {5},
issn = {2375-4699},
doi = {10.1145/3557894},
journal = {ACM Trans. on Asian and Low-Resource Language Information Processing},
articleno = {142},
numpages = {23},
}

@inproceedings{liu-etal-2020-adapting,
    title = "Adapting End-to-End Speech Recognition for Readable Subtitles",
    author = "Liu, Danni  and
      Niehues, Jan  and
      Spanakis, Gerasimos",
    booktitle = "Proc. Int. Conf. on Spoken Language Translation (IWSLT)",
    year = "2020",
    publisher = "ACL",
    doi = "10.18653/v1/2020.iwslt-1.30",
    pages = "247--256",
}

@inproceedings{nozaki22_interspeech,
  author={Jumon Nozaki and Tatsuya Kawahara and Kenkichi Ishizuka and Taiichi Hashimoto},
  title={End-to-end Speech-to-Punctuated-Text Recognition},
  year=2022,
  booktitle={Proc. Interspeech},
  pages={1811--1815},
  doi={10.21437/Interspeech.2022-5}
}

@article{papi-etal-2023-direct-speech,
    title = "Direct Speech Translation for Automatic Subtitling",
    author = "Papi, Sara  and
      Gaido, Marco  and
      Karakanta, Alina  and
      Cettolo, Mauro  and
      Negri, Matteo  and
      Turchi, Marco",
    journal = "Trans. of the Assoc. for Computational Linguistics",
    volume = "11",
    year = "2023",
    publisher = "MIT Press",
    url = "https://aclanthology.org/2023.tacl-1.77",
    doi = "10.1162/tacl_a_00607",
    pages = "1355--1376",
}

@INPROCEEDINGS{pratap2022_icassp,
  author={Pratap, Vineel and Xu, Qiantong and Likhomanenko, Tatiana and Synnaeve, Gabriel and Collobert, Ronan},
  booktitle={Proc. IEEE Int. Conf. on Acoustics, Speech and Signal Processing (ICASSP)}, 
  title={Word Order does not Matter for Speech Recognition}, 
  year={2022},
  volume={},
  number={},
  pages={7202-7206},
  doi={10.1109/ICASSP43922.2022.9747805},
}

@inproceedings{pratap2022_neurips,
 author = {Pratap, Vineel and Hannun, Awni and Synnaeve, Gabriel and Collobert, Ronan},
 booktitle = {Proc. Conf. on Neural Information Processing Systems (NeurIPS)},
 pages = {13392--13403},
 title = {Star {T}emporal {C}lassification: Sequence Modeling with Partially Labeled Data},
 url = {https://proceedings.neurips.cc/paper_files/paper/2022/file/57587d8d6a7ede0e5302fc22d0878c53-Paper-Conference.pdf},
 year = {2022}
}

@inproceedings{reazonspeech,
  title={{ReazonSpeech}: A Free and Massive Corpus for {J}apanese {ASR}},
  author={Yin, Yue and Mori, Daijiro and Fujimoto, Seiji},
  booktitle={Proc. 29th Annual Meeting of the Association for Natural Language Processing},
  year={2023},
  pages={1134-1139},
}

@INPROCEEDINGS{sing2020_icassp,
  author={Singh, Kritika and others},
  booktitle={Proc. IEEE Int. Conf. on Acoustics, Speech and Signal Processing (ICASSP)}, 
  title={Training {ASR} Models By Generation of Contextual Information}, 
  year={2020},
  volume={},
  number={},
  pages={7864-7868},
  doi={10.1109/ICASSP40776.2020.9053527},
}

@INPROCEEDINGS{sunkara21_icassp,
  author={Sunkara, Monica and Shivade, Chaitanya and Bodapati, Sravan and Kirchhoff, Katrin},
  booktitle={Proc. IEEE Int. Conf. on Acoustics, Speech and Signal Processing (ICASSP)}, 
  title={Neural Inverse Text Normalization}, 
  year={2021},
  volume={},
  number={},
  pages={7573-7577},
  doi={10.1109/ICASSP39728.2021.9414912},
}

@INPROCEEDINGS{vishwa2015,
  author={Gupta, Vishwa and DelÃ©glise, Paul and Boulianne, Gilles and EstÃ¨ve, Yannick and Meignier, Sylvain and Rousseau, Anthony},
  booktitle={Proc. IEEE Automatic Speech Recognition and Understanding Workshop (ASRU)}, 
  title={{CRIM} and {LIUM} approaches for multi-genre broadcast media transcription}, 
  year={2015},
  volume={},
  number={},
  pages={681-686},
  doi={10.1109/ASRU.2015.7404862},
}

@inproceedings{wang-etal-2022-adaptive,
    title = "Adaptive Unsupervised Self-training for Disfluency Detection",
    author = "Wang, Zhongyuan  and
      Wang, Yixuan  and
      Wang, Shaolei  and
      Che, Wanxiang",
    booktitle = "Proc. Int. Conf. on Computational Linguistics (COLING)",
    year = "2022",
    pages = "7209--7218",
    publisher = "ICCL",
}

@INPROCEEDINGS{wenetspeech,
  author={Zhang, Binbin and others},
  booktitle={Proc. IEEE Int. Conf. on Acoustics, Speech and Signal Processing (ICASSP)}, 
  title={{WenetSpeech}: A 10000+ Hours Multi-Domain {Mandarin} Corpus for Speech Recognition}, 
  year={2022},
  volume={},
  number={},
  pages={6182-6186},
  doi={10.1109/ICASSP43922.2022.9746682},
}

@InProceedings{whisper,
  title = 	 {Robust Speech Recognition via Large-Scale Weak Supervision},
  author =       {Radford, Alec and Kim, Jong Wook and Xu, Tao and Brockman, Greg and Mcleavey, Christine and Sutskever, Ilya},
  booktitle = 	 {Proc. Int. Conf. on Machine Learning (ICML)},
  pages = 	 {28492--28518},
  year = 	 {2023},
}

@inproceedings{wilken-etal-2022-suber,
    title = "{S}ub{ER}: A Metric for Automatic Evaluation of Subtitle Quality",
    author = "Wilken, Patrick  and
      Georgakopoulou, Panayota  and
      Matusov, Evgeny",
    booktitle = "Proc. Int. Conf. on Spoken Language Translation (IWSLT)",
    year = "2022",
    url = "https://aclanthology.org/2022.iwslt-1.1",
    doi = "10.18653/v1/2022.iwslt-1.1",
    pages = "1--10",
    publisher = "ACL",
}

@inproceedings{xu-etal-2022-joint,
    title = "Joint Generation of Captions and Subtitles with Dual Decoding",
    author = "Xu, Jitao  and
      Buet, Fran{\c{c}}ois  and
      Crego, Josep  and
      Bertin-Lem{\'e}e, Elise  and
      Yvon, Fran{\c{c}}ois",
    booktitle = "Proc. Int. Conf. on Spoken Language Translation (IWSLT)",
    year = "2022",
    doi = "10.18653/v1/2022.iwslt-1.7",
    pages = "74--82",
    publisher = "ACL",
}

