@inproceedings{vaswani,
 author = {Vaswani, Ashish and others},
 booktitle = {Proc. Conf. on Neural Information Processing Systems (NeurIPS)},
 pages = {5998--6008},
 title = {Attention is All you Need},
 url = {https://proceedings.neurips.cc/paper_files/paper/2017/file/3f5ee243547dee91fbd053c1c4a845aa-Paper.pdf},
 year = {2017}
}

@inproceedings{conformer,
  author={Anmol Gulati and others},
  title={Conformer: Convolution-augmented Transformer for Speech Recognition},
  year=2020,
  booktitle={Proc. Interspeech},
  pages={5036--5040},
  doi={10.21437/Interspeech.2020-3015}
}

@inproceedings{zhang2022pushing,
      title={Pushing the Limits of Semi-Supervised Learning for Automatic Speech Recognition}, 
      author={Yu Zhang and others},
      year={2022},
      booktitle={Proc. Conf. on Neural Information Processing Systems (NeurIPS): SAS Workshop},
}

@ARTICLE{bigssl,
  author={Zhang, Yu and others},
  journal={IEEE Journal of Selected Topics in Signal Processing (JSTSP)}, 
  title={{BigSSL}: Exploring the Frontier of Large-Scale Semi-Supervised Learning for Automatic Speech Recognition}, 
  year={2022},
  volume={16},
  number={6},
  pages={1519-1532},
  doi={10.1109/JSTSP.2022.3182537},
}

@article{ssl_review,
title = "Self-Supervised Speech Representation Learning: A Review",
author = "Abdelrahman Mohamed and others",
year = "2022",
doi = "10.1109/JSTSP.2022.3207050",
language = "English",
volume = "16",
pages = "1179--1210",
journal = "IEEE Journal of Selected Topics in Signal Processing (JSTSP)",
issn = "1941-0484",
number = "6",
}

@article{feng2024,
title = {Towards inclusive automatic speech recognition},
journal = {Computer, Speech and Language},
volume = {84},
pages = {101567},
year = {2024},
issn = {0885-2308},
doi = {https://doi.org/10.1016/j.csl.2023.101567},
url = {https://www.sciencedirect.com/science/article/pii/S0885230823000864},
author = {Siyuan Feng and Bence Mark Halpern and Olya Kudina and Odette Scharenborg},
}

@inproceedings{chen23l_interspeech,
  author={William Chen and Xuankai Chang and Yifan Peng and Zhaoheng Ni and Soumi Maiti and Shinji Watanabe},
  title={Reducing Barriers to Self-Supervised Learning: {HuBERT} Pre-training with Academic Compute},
  year=2023,
  booktitle={Proc. Interspeech},
  pages={4404--4408},
  doi={10.21437/Interspeech.2023-1176}
}

@ARTICLE{hsu2021hubert,
  author={Hsu, Wei-Ning and Bolte, Benjamin and Tsai, Yao-Hung Hubert and Lakhotia, Kushal and Salakhutdinov, Ruslan and Mohamed, Abdelrahman},
  journal={IEEE/ACM Trans. on Audio, Speech, and Language Processing}, 
  title={{HuBERT}: Self-Supervised Speech Representation Learning by Masked Prediction of Hidden Units}, 
  year={2021},
  volume={29},
  number={},
  pages={3451-3460},
  doi={10.1109/TASLP.2021.3122291},
}

@inproceedings{baevski2020wav2vec,
author = {Baevski, Alexei and Zhou, Henry and Mohamed, Abdelrahman and Auli, Michael},
title = {Wav2vec 2.0: A Framework for Self-Supervised Learning of Speech Representations},
year = {2020},
isbn = {9781713829546},
booktitle = {Proc. Conf. on Neural Information Processing Systems (NeurIPS)},
pages={12449--12460},
}

@ARTICLE{wavlm,
  author={Chen, Sanyuan and others},
  journal={IEEE Journal of Selected Topics in Signal Processing (JSTSP)}, 
  title={{WavLM}: Large-Scale Self-Supervised Pre-Training for Full Stack Speech Processing}, 
  year={2022},
  volume={16},
  number={6},
  pages={1505-1518},
  doi={10.1109/JSTSP.2022.3188113},
}

@InProceedings{pmlr-v162-chiu22a,
  title = 	 {Self-supervised learning with random-projection quantizer for speech recognition},
  author =       {Chiu, Chung-Cheng and Qin, James and Zhang, Yu and Yu, Jiahui and Wu, Yonghui},
  booktitle = 	 {Proc. Int. Conf. on Machine Learning (ICML)},
  pages = 	 {3915--3924},
  year = 	 {2022},
}

@INPROCEEDINGS{Chung2021w2vBERTCC,
  author={Chung, Yu-An and others},
  booktitle={Proc. IEEE Automatic Speech Recognition and Understanding Workshop (ASRU)}, 
  title={{w2v-BERT}: Combining Contrastive Learning and Masked Language Modeling for Self-Supervised Speech Pre-Training}, 
  year={2021},
  volume={},
  number={},
  pages={244-250},
  doi={10.1109/ASRU51503.2021.9688253},
}

@inproceedings{xlsr,
  author={Arun Babu and others},
  title={{XLS-R}: Self-supervised Cross-lingual Speech Representation Learning at Scale},
  year=2022,
  booktitle={Proc. Interspeech},
  pages={2278--2282},
  doi={10.21437/Interspeech.2022-143}
}

@inproceedings{conneau21_interspeech,
  author={Alexis Conneau and Alexei Baevski and Ronan Collobert and Abdelrahman Mohamed and Michael Auli},
  title={Unsupervised Cross-Lingual Representation Learning for Speech Recognition},
  year=2021,
  booktitle={Proc. Interspeech},
  pages={2426--2430},
  doi={10.21437/Interspeech.2021-329}
}

@inproceedings{mhubert,
title = "Textless Speech-to-Speech Translation on Real Data",
author = "Ann Lee and others",
year = "2022",
booktitle = "Proc. Conf. North {A}merican Chapter of the Association for Computational Linguistics (NAACL): Human Language Technologies",
pages = "860--872",
}

@inproceedings{wavlablm,
  title={Joint Prediction and Denoising for Large-scale Multilingual Self-supervised Learning},
  author={William Chen and others},
  booktitle={Proc. IEEE Automatic Speech Recognition and Understanding Workshop (ASRU)},
  year={2023},
  pages={},
}

@inproceedings{hsu21_interspeech,
  author={Wei-Ning Hsu and others},
  title={Robust wav2vec 2.0: Analyzing Domain Shift in Self-Supervised Pre-Training},
  year=2021,
  booktitle={Proc. Interspeech},
  pages={721--725},
  doi={10.21437/Interspeech.2021-236}
}

@inproceedings{superb,
  author={{Shu-wen} Yang and others},
  title={{SUPERB}: Speech Processing Universal PERformance Benchmark},
  year=2021,
  booktitle={Proc. Interspeech},
  pages={1194--1198},
}

@inproceedings{mlsuperb,
  author={Jiatong Shi and others},
  title={{ML-SUPERB}: Multilingual Speech Universal PERformance Benchmark},
  year=2023,
  booktitle={Proc. Interspeech},
  pages={884--888},
  doi={10.21437/Interspeech.2023-1316}
}

@inproceedings{likhomanenko21_interspeech,
  author={Tatiana Likhomanenko and others},
  title={Rethinking Evaluation in {ASR}: Are Our Models Robust Enough?},
  year=2021,
  booktitle={Proc. Interspeech},
  pages={311--315},
  doi={10.21437/Interspeech.2021-1758}
}

@InProceedings{whisper,
  title = 	 {Robust Speech Recognition via Large-Scale Weak Supervision},
  author =       {Radford, Alec and Kim, Jong Wook and Xu, Tao and Brockman, Greg and Mcleavey, Christine and Sutskever, Ilya},
  booktitle = 	 {Proc. Int. Conf. on Machine Learning (ICML)},
  pages = 	 {28492--28518},
  year = 	 {2023},
}

@inproceedings{owsm,
      title={Reproducing {Whisper}-Style Training Using an Open-Source Toolkit and Publicly Available Data}, 
      author={Yifan Peng and others},
      booktitle={Proc. IEEE Automatic Speech Recognition and Understanding Workshop (ASRU)},
      year={2023},
      pages={},
}

@inproceedings{speechstew,
  author = {William Chan and
          Daniel S. Park and
          Chris A. Lee and
          Yu Zhang and
          Quoc V. Le and
          Mohammad Norouzi},
  title = {{SpeechStew}: Simply Mix All Available Speech Recognition Data to Train One Large Neural Network},
  booktitle = {Workshop on Machine Learning in Speech and Language
Processing (MLSLP)},
  year = {2021},
}

@BOOK{cintas2014audiovisual,
  title={Audiovisual translation: Subtitling},
  author={Cintas, Jorge D{\'\i}az and Remael, Aline},
  year={2014},
  publisher={Routledge}
}

@inproceedings{roy09b_interspeech,
  author={Brandon C. Roy and Deb Roy},
  title={Fast transcription of unstructured audio recordings},
  year=2009,
  booktitle={Proc. Interspeech},
  pages={1647--1650},
  doi={10.21437/Interspeech.2009-500}
}

@INPROCEEDINGS{librispeech,
  author={Panayotov, Vassil and Chen, Guoguo and Povey, Daniel and Khudanpur, Sanjeev},
  booktitle={Proc. IEEE Int. Conf. on Acoustics, Speech and Signal Processing (ICASSP)}, 
  title={{LibriSpeech}: An {ASR} corpus based on public domain audio books}, 
  year={2015},
  pages={5206-5210},
}

@inproceedings{SubtitleModel,
  author={Poncelet, Jakob and Van hamme, Hugo},
  booktitle={Proc. IEEE Spoken Language Technology Workshop (SLT)}, 
  title={Learning to Jointly Transcribe and Subtitle for End-To-End Spontaneous Speech Recognition}, 
  year={2023},
  volume={},
  number={},
  pages={182-189},
  doi={10.1109/SLT54892.2023.10022420}}

@inproceedings{kanda20b_interspeech,
  author={Naoyuki Kanda and Yashesh Gaur and Xiaofei Wang and Zhong Meng and Takuya Yoshioka},
  title={Serialized Output Training for End-to-End Overlapped Speech Recognition},
  year=2020,
  booktitle={Proc. Interspeech},
  pages={2797--2801},
  doi={10.21437/Interspeech.2020-999},
}

@inproceedings{reazonspeech,
  title={{ReazonSpeech}: A Free and Massive Corpus for {J}apanese {ASR}},
  author={Yin, Yue and Mori, Daijiro and Fujimoto, Seiji},
  booktitle={Proc. 29th Annual Meeting of the Association for Natural Language Processing},
  year={2023},
  pages={1134-1139},
}

@INPROCEEDINGS{JHU_kaldi,
  author={Manohar, Vimal and Povey, Daniel and Khudanpur, Sanjeev},
  booktitle={Proc. IEEE Automatic Speech Recognition and Understanding Workshop (ASRU)}, 
  title={{JHU} {K}aldi system for {A}rabic {MGB-3} {ASR} challenge using diarization, audio-transcript alignment and transfer learning}, 
  year={2017},
  pages={346-352},
  doi={10.1109/ASRU.2017.8268956}
}

@article{lamel_2002,
title = {Lightly supervised and unsupervised acoustic model training},
journal = {Computer, Speech and Language},
volume = {16},
number = {1},
pages = {115-129},
year = {2002},
issn = {0885-2308},
doi = {https://doi.org/10.1006/csla.2001.0186},
author = {Lori Lamel and Jean-Luc Gauvain and Gilles Adda},
}

@inproceedings{Ando2021ConstructionOA,
  title={Construction of a Large-Scale {Japanese} {ASR} Corpus on {TV} Recordings},
  author={Shintaro Ando and Hiromasa Fujihara},
  booktitle={Proc. IEEE Int. Conf. on Acoustics, Speech and Signal Processing (ICASSP)},
  year={2021},
  pages={6948-6952},
}

@article{BangIEICE,
  title={Automatic Construction of a Large-Scale Speech Recognition Database Using Multi-Genre Broadcast Data with Inaccurate Subtitle Timestamps},
  author={Bang, Jeong-Uk and Choi, Mu-Yeol and Kim, Sang-Hun and Kwon, Oh-Wook},
  journal={IEICE Trans. on Information and Systems},
  volume={E103.D},
  number={2},
  pages={406-415},
  year={2020},
  doi={10.1587/transinf.2019EDP7234}
}

@inproceedings{lanchantin16_interspeech,
  author={P. Lanchantin and others},
  title={Selection of Multi-Genre Broadcast Data for the Training of Automatic Speech Recognition Systems},
  year=2016,
  booktitle={Proc. Interspeech},
  pages={3057--3061},
  doi={10.21437/Interspeech.2016-462}
}

@INPROCEEDINGS{bell15_ASRU,
  author={Bell, Peter and Renals, Steve},
  booktitle={Proc. IEEE Automatic Speech Recognition and Understanding Workshop (ASRU)}, 
  title={A system for automatic alignment of broadcast media captions using weighted finite-state transducers}, 
  year={2015},
  volume={},
  number={},
  pages={675-680},
  doi={10.1109/ASRU.2015.7404861}
}

@inproceedings{geislinger-etal-2022-improved,
    title = "Improved Open Source Automatic Subtitling for Lecture Videos",
    author = "Geislinger, Robert  and
      Milde, Benjamin  and
      Biemann, Chris",
    booktitle = "Proc. Conf. on Natural Language Processing (KONVENS)",
    year = "2022",
    pages = "98--103",
}

@article{Guerreiro21eswa,
title = {Towards better subtitles: A multilingual approach for punctuation restoration of speech transcripts},
journal = {Expert Systems with Applications},
volume = {186},
pages = {115740},
year = {2021},
issn = {0957-4174},
doi = {https://doi.org/10.1016/j.eswa.2021.115740},
author = {Nuno Miguel Guerreiro and Ricardo Rei and Fernando Batista},
}

@inproceedings{liu-etal-2020-adapting,
    title = "Adapting End-to-End Speech Recognition for Readable Subtitles",
    author = "Liu, Danni  and
      Niehues, Jan  and
      Spanakis, Gerasimos",
    booktitle = "Proc. Int. Conf. on Spoken Language Translation (IWSLT)",
    year = "2020",
    publisher = "ACL",
    doi = "10.18653/v1/2020.iwslt-1.30",
    pages = "247--256",
}

@InProceedings{Milde2021_1109,
   author = {Benjamin Milde and Robert Geislinger and Irina Lindt and Timo Baumann},
   booktitle = {Proc. Conf. on Electronical Speech Signal Processing (ESSV)},
   title = {Open source automatic lecture subtitling},
   year = {2021},
   pages = {128--135},
   isbn = {978-3-959082-27-3},
   issn = {0940-6832},
}

@inproceedings{Saz2018,
    author = {Saz, Oscar and others} ,
    title = {Lightly supervised alignment of subtitles on multi-genre broadcasts},
    booktitle = {Multimedia Tools and Applications},
    pages = {30533-30550},
    year = {2018},
    volume = {77},
    doi = {10.1007/s11042-018-6050-1},
    issn = {1573-7721},
}

@INPROCEEDINGS{vishwa2015,
  author={Gupta, Vishwa and Deléglise, Paul and Boulianne, Gilles and Estève, Yannick and Meignier, Sylvain and Rousseau, Anthony},
  booktitle={Proc. IEEE Automatic Speech Recognition and Understanding Workshop (ASRU)}, 
  title={{CRIM} and {LIUM} approaches for multi-genre broadcast media transcription}, 
  year={2015},
  volume={},
  number={},
  pages={681-686},
  doi={10.1109/ASRU.2015.7404862},
}

@INPROCEEDINGS{MGB1,
  author={Bell, Peter and others},
  booktitle={Proc. IEEE Automatic Speech Recognition and Understanding Workshop (ASRU)}, 
  title={The {MGB} challenge: Evaluating multi-genre broadcast media recognition}, 
  year={2015},
  volume={},
  number={},
  pages={687-693},
  doi={10.1109/ASRU.2015.7404863},
}

@INPROCEEDINGS{MGB2,
  author={Ali, Ahmed and others},
  booktitle={Proc. IEEE Spoken Language Technology Workshop (SLT)}, 
  title={The {MGB}-2 challenge: {Arabic} multi-dialect broadcast media recognition}, 
  year={2016},
  volume={},
  number={},
  pages={279-284},
  doi={10.1109/SLT.2016.7846277},
}

@Article{iberspeech,
AUTHOR = {Lleida, Eduardo and others},
TITLE = {Albayzin 2018 Evaluation: The {IberSpeech-RTVE} Challenge on Speech Technologies for {Spanish} Broadcast Media},
JOURNAL = {Applied Sciences},
VOLUME = {9},
YEAR = {2019},
NUMBER = {24},
ARTICLE-NUMBER = {5412},
URL = {https://www.mdpi.com/2076-3417/9/24/5412},
ISSN = {2076-3417},
DOI = {10.3390/app9245412},
}

@inproceedings{MustCinema,
    title = "{M}u{ST}-{C}inema: a Speech-to-Subtitles corpus",
    author = "Karakanta, Alina  and
      Negri, Matteo  and
      Turchi, Marco",
    booktitle = "Proc. Int. Conf. on Language Resources and Evaluation (LREC)",
    year = "2020",
    pages = "3727--3734",
    language = "English",
    ISBN = "979-10-95546-34-4",
}

@inproceedings{xu-etal-2022-joint,
    title = "Joint Generation of Captions and Subtitles with Dual Decoding",
    author = "Xu, Jitao  and
      Buet, Fran{\c{c}}ois  and
      Crego, Josep  and
      Bertin-Lem{\'e}e, Elise  and
      Yvon, Fran{\c{c}}ois",
    booktitle = "Proc. Int. Conf. on Spoken Language Translation (IWSLT)",
    year = "2022",
    doi = "10.18653/v1/2022.iwslt-1.7",
    pages = "74--82",
    publisher = "ACL",
}

@INPROCEEDINGS{che2017,
  author={Che, Xiaoyin and Luo, Sheng and Yang, Haojin and Meinel, Christoph},
  booktitle={Proc. IEEE Int. Conf. on Advanced Learning Technologies (ICALT)}, 
  title={Automatic Lecture Subtitle Generation and How It Helps}, 
  year={2017},
  volume={},
  number={},
  pages={34-38},
  doi={10.1109/ICALT.2017.11},
}

@article{papi-etal-2023-direct-speech,
    title = "Direct Speech Translation for Automatic Subtitling",
    author = "Papi, Sara  and
      Gaido, Marco  and
      Karakanta, Alina  and
      Cettolo, Mauro  and
      Negri, Matteo  and
      Turchi, Marco",
    journal = "Trans. of the Assoc. for Computational Linguistics",
    volume = "11",
    year = "2023",
    publisher = "MIT Press",
    url = "https://aclanthology.org/2023.tacl-1.77",
    doi = "10.1162/tacl_a_00607",
    pages = "1355--1376",
}

@InProceedings{kurzinger2020,
author="K{\"u}rzinger, Ludwig
and Winkelbauer, Dominik
and Li, Lujun
and Watzel, Tobias
and Rigoll, Gerhard",
title="{CTC}-Segmentation of Large Corpora for {German} End-to-End Speech Recognition",
booktitle="Int. Conf. on Speech and Computer (SPECOM)",
year="2020",
pages="267--278",
isbn="978-3-030-60276-5"
}

@inproceedings{ihori23_interspeech,
  author={Mana Ihori and Hiroshi Sato and Tomohiro Tanaka and Ryo Masumura and Saki Mizuno and Nobukatsu Hojo},
  title={Transcribing Speech as Spoken and Written Dual Text Using an Autoregressive Model},
  year=2023,
  booktitle={Proc. Interspeech},
  pages={461--465},
  doi={10.21437/Interspeech.2023-1655}
}

@article{liao23,
author = {Liao, Junwei and others},
title = {Improving Readability for Automatic Speech Recognition Transcription},
year = {2023},
volume = {22},
number = {5},
issn = {2375-4699},
doi = {10.1145/3557894},
journal = {ACM Trans. on Asian and Low-Resource Language Information Processing},
articleno = {142},
numpages = {23},
}

@inproceedings{ihori-etal-2020-parallel,
    title = "Parallel Corpus for {J}apanese Spoken-to-Written Style Conversion",
    author = "Ihori, Mana  and
      Takashima, Akihiko  and
      Masumura, Ryo",
    booktitle = "Proc. Int. Conf. on Language Resources and Evaluation (LREC)",
    year = "2020",
    pages = "6346--6353",
    language = "English",
    ISBN = "979-10-95546-34-4",
}

@inproceedings{nozaki22_interspeech,
  author={Jumon Nozaki and Tatsuya Kawahara and Kenkichi Ishizuka and Taiichi Hashimoto},
  title={End-to-end Speech-to-Punctuated-Text Recognition},
  year=2022,
  booktitle={Proc. Interspeech},
  pages={1811--1815},
  doi={10.21437/Interspeech.2022-5}
}

@INPROCEEDINGS{futami23_icassp,
  author={Futami, Hayato and others},
  booktitle={Proc. IEEE Int. Conf. on Acoustics, Speech and Signal Processing (ICASSP)}, 
  title={Streaming Joint Speech Recognition and Disfluency Detection}, 
  year={2023},
  doi={10.1109/ICASSP49357.2023.10094620},
}

@INPROCEEDINGS{sunkara21_icassp,
  author={Sunkara, Monica and Shivade, Chaitanya and Bodapati, Sravan and Kirchhoff, Katrin},
  booktitle={Proc. IEEE Int. Conf. on Acoustics, Speech and Signal Processing (ICASSP)}, 
  title={Neural Inverse Text Normalization}, 
  year={2021},
  volume={},
  number={},
  pages={7573-7577},
  doi={10.1109/ICASSP39728.2021.9414912},
}

@inproceedings{wang-etal-2022-adaptive,
    title = "Adaptive Unsupervised Self-training for Disfluency Detection",
    author = "Wang, Zhongyuan  and
      Wang, Yixuan  and
      Wang, Shaolei  and
      Che, Wanxiang",
    booktitle = "Proc. Int. Conf. on Computational Linguistics (COLING)",
    year = "2022",
    pages = "7209--7218",
    publisher = "ICCL",
}

@INPROCEEDINGS{guo19_icassp,
  author={Guo, Jinxi and Sainath, Tara N. and Weiss, Ron J.},
  booktitle={Proc. IEEE Int. Conf. on Acoustics, Speech and Signal Processing (ICASSP)}, 
  title={A Spelling Correction Model for End-to-end Speech Recognition}, 
  year={2019},
  volume={},
  number={},
  pages={5651-5655},
  doi={10.1109/ICASSP.2019.8683745},
}

@INPROCEEDINGS{pratap2022_icassp,
  author={Pratap, Vineel and Xu, Qiantong and Likhomanenko, Tatiana and Synnaeve, Gabriel and Collobert, Ronan},
  booktitle={Proc. IEEE Int. Conf. on Acoustics, Speech and Signal Processing (ICASSP)}, 
  title={Word Order does not Matter for Speech Recognition}, 
  year={2022},
  volume={},
  number={},
  pages={7202-7206},
  doi={10.1109/ICASSP43922.2022.9747805},
}

@inproceedings{pratap2022_neurips,
 author = {Pratap, Vineel and Hannun, Awni and Synnaeve, Gabriel and Collobert, Ronan},
 booktitle = {Proc. Conf. on Neural Information Processing Systems (NeurIPS)},
 pages = {13392--13403},
 title = {Star {T}emporal {C}lassification: Sequence Modeling with Partially Labeled Data},
 url = {https://proceedings.neurips.cc/paper_files/paper/2022/file/57587d8d6a7ede0e5302fc22d0878c53-Paper-Conference.pdf},
 year = {2022}
}

@INPROCEEDINGS{sing2020_icassp,
  author={Singh, Kritika and others},
  booktitle={Proc. IEEE Int. Conf. on Acoustics, Speech and Signal Processing (ICASSP)}, 
  title={Training {ASR} Models By Generation of Contextual Information}, 
  year={2020},
  volume={},
  number={},
  pages={7864-7868},
  doi={10.1109/ICASSP40776.2020.9053527},
}

@INPROCEEDINGS{li2019,
  author={Li, Bo and Sainath, Tara N. and Pang, Ruoming and Wu, Zelin},
  booktitle={Proc. IEEE Int. Conf. on Acoustics, Speech and Signal Processing (ICASSP)}, 
  title={Semi-supervised Training for End-to-end Models via Weak Distillation}, 
  year={2019},
  volume={},
  number={},
  pages={2837-2841},
  doi={10.1109/ICASSP.2019.8682172},
}

@INPROCEEDINGS{li2017,
  author={Li, Sheng and Lu, Xugang and Sakai, Shinsuke and Mimura, Masato and Kawahara, Tatsuya},
  booktitle={Proc. IEEE Int. Conf. on Acoustics, Speech and Signal Processing (ICASSP)}, 
  title={Semi-supervised ensemble {DNN} acoustic model training}, 
  year={2017},
  volume={},
  number={},
  pages={5270-5274},
  doi={10.1109/ICASSP.2017.7953162},
}

@inproceedings{galvez2021peoples,
 author = {Galvez, Daniel and others},
 booktitle = {Proc. Conf. on Neural Information Processing Systems (NeurIPS): Track on Datasets and Benchmarks},
 pages = {},
 title = {The {People’s} {Speech}: A Large-Scale Diverse {English} Speech Recognition Dataset for Commercial Usage},
 url = {https://datasets-benchmarks-proceedings.neurips.cc/paper_files/paper/2021/file/202cb962ac59075b964b07152d234b70-Paper-round1.pdf},
 year = {2021}
}

@INPROCEEDINGS{wenetspeech,
  author={Zhang, Binbin and others},
  booktitle={Proc. IEEE Int. Conf. on Acoustics, Speech and Signal Processing (ICASSP)}, 
  title={{WenetSpeech}: A 10000+ Hours Multi-Domain {Mandarin} Corpus for Speech Recognition}, 
  year={2022},
  volume={},
  number={},
  pages={6182-6186},
  doi={10.1109/ICASSP43922.2022.9746682},
}

@inproceedings{chen21o_interspeech,
  author={Guoguo Chen and others},
  title={{GigaSpeech}: An Evolving, Multi-Domain {ASR} Corpus with 10,000 Hours of Transcribed Audio},
  year=2021,
  booktitle={Proc. Interspeech},
  pages={3670--3674},
  doi={10.21437/Interspeech.2021-1965}
}

@inproceedings{wilken-etal-2022-suber,
    title = "{S}ub{ER}: A Metric for Automatic Evaluation of Subtitle Quality",
    author = "Wilken, Patrick  and
      Georgakopoulou, Panayota  and
      Matusov, Evgeny",
    booktitle = "Proc. Int. Conf. on Spoken Language Translation (IWSLT)",
    year = "2022",
    url = "https://aclanthology.org/2022.iwslt-1.1",
    doi = "10.18653/v1/2022.iwslt-1.1",
    pages = "1--10",
    publisher = "ACL",
}

@inproceedings{karakanta-etal-2022-evaluating,
    title = "Evaluating Subtitle Segmentation for End-to-end Generation Systems",
    author = "Karakanta, Alina  and
      Buet, Fran{\c{c}}ois  and
      Cettolo, Mauro  and
      Yvon, Fran{\c{c}}ois",
    booktitle = "Proc. Int. Conf. on Language Resources and Evaluation (LREC)",
    year = "2022",
    publisher = "ELRA",
    url = "https://aclanthology.org/2022.lrec-1.328",
    pages = "3069--3078",
}

@inproceedings{ctc,
author = {Graves, Alex and Fern\'{a}ndez, Santiago and Gomez, Faustino and Schmidhuber, J\"{u}rgen},
title = {Connectionist {T}emporal {C}lassification: Labelling Unsegmented Sequence Data with Recurrent Neural Networks},
year = {2006},
isbn = {1595933832},
publisher = {ACM},
url = {https://doi.org/10.1145/1143844.1143891},
doi = {10.1145/1143844.1143891},
booktitle = {Proc. Int. Conf. on Machine Learning (ICML)},
pages = {369–376},
}

@INPROCEEDINGS{interctc,
  author={Lee, Jaesong and Watanabe, Shinji},
  booktitle={Proc. IEEE Int. Conf. on Acoustics, Speech and Signal Processing (ICASSP)}, 
  title={Intermediate Loss Regularization for {CTC}-Based Speech Recognition}, 
  year={2021},
  volume={},
  number={},
  pages={6224-6228},
  doi={10.1109/ICASSP39728.2021.9414594},
}

@ARTICLE{watanabe2017,
  author={Watanabe, Shinji and Hori, Takaaki and Kim, Suyoun and Hershey, John R. and Hayashi, Tomoki},
  journal={IEEE Journal of Selected Topics in Signal Processing (JSTSP)}, 
  title={Hybrid {CTC}/{A}ttention Architecture for End-to-End Speech Recognition}, 
  year={2017},
  volume={11},
  number={8},
  pages={1240-1253},
  doi={10.1109/JSTSP.2017.2763455},
}

@INPROCEEDINGS{smoothing,
  author={Szegedy, Christian and Vanhoucke, Vincent and Ioffe, Sergey and Shlens, Jon and Wojna, Zbigniew},
  booktitle={Proc. IEEE Conf. on Computer Vision and Pattern Recognition (CVPR)}, 
  title={Rethinking the {I}nception Architecture for Computer Vision}, 
  year={2016},
  volume={},
  number={},
  pages={2818-2826},
  doi={10.1109/CVPR.2016.308},
}

@inproceedings{tied2018,
    title = "Tied Multitask Learning for Neural Speech Translation",
    author = "Anastasopoulos, Antonios  and
      Chiang, David",
    booktitle = "Proc. Conf. of the North {A}merican Chapter of the Association for Computational Linguistics (NAACL): Human Language Technologies",
    volume = 1,
    year = "2018",
    doi = "10.18653/v1/N18-1008",
    pages = "82--91",
}

@inproceedings{dalmia-etal-2021-searchable,
    title = "Searchable Hidden Intermediates for End-to-End Models of Decomposable Sequence Tasks",
    author = "Dalmia, Siddharth  and
      Yan, Brian  and
      Raunak, Vikas  and
      Metze, Florian  and
      Watanabe, Shinji",
    booktitle = "Proc. Conf. of the North {A}merican Chapter of the Association for Computational Linguistics (NAACL): Human Language Technologies",
    year = "2021",
    url = "https://aclanthology.org/2021.naacl-main.151",
    doi = "10.18653/v1/2021.naacl-main.151",
    pages = "1882--1896",
}

@inproceedings{helcl-etal-2018-cuni,
    title = "{CUNI} System for the {WMT}18 Multimodal Translation Task",
    author = "Helcl, Jind{\v{r}}ich  and
      Libovick{\'y}, Jind{\v{r}}ich  and
      Vari{\v{s}}, Du{\v{s}}an",
    booktitle = "Proc. Conf. on Machine Translation (WMT)",
    year = "2018",
    publisher = "ACL",
    doi = "10.18653/v1/W18-6441",
    pages = "616--623",
}

@INPROCEEDINGS{fastmd,
  author={Inaguma, Hirofumi and Dalmia, Siddharth and Yan, Brian and Watanabe, Shinji},
  booktitle={Proc. IEEE Automatic Speech Recognition and Understanding Workshop (ASRU)}, 
  title={Fast-{MD}: Fast Multi-Decoder End-to-End Speech Translation with Non-Autoregressive Hidden Intermediates}, 
  year={2021},
  volume={},
  number={},
  pages={922-929},
  doi={10.1109/ASRU51503.2021.9687894},
}

@inproceedings{chuang-etal-2021-investigating,
    title = "Investigating the Reordering Capability in {CTC}-based Non-Autoregressive End-to-End Speech Translation",
    author = "Chuang, Shun-Po  and
      Chuang, Yung-Sung  and
      Chang, Chih-Chiang  and
      Lee, Hung-yi",
    booktitle = "Findings of the Association for Computational Linguistics (ACL-IJCNLP)",
    publisher = "ACL",
    year = "2021",
    url = "https://aclanthology.org/2021.findings-acl.92",
    doi = "10.18653/v1/2021.findings-acl.92",
    pages = "1068--1077",
}

@inproceedings{yan-etal-2023-ctc,
    title = "{CTC} Alignments Improve Autoregressive Translation",
    author = "Yan, Brian and others",
    booktitle = "Proc. Conf. of the European Chapter of the Association for Computational Linguistics",
    year = "2023",
    url = "https://aclanthology.org/2023.eacl-main.119",
    doi = "10.18653/v1/2023.eacl-main.119",
    pages = "1623--1639",
}

@inproceedings{CGN_Oostdijk,
author = {Oostdijk, Nelleke},
year = {2000},
pages = {},
title = {The {S}poken {D}utch {C}orpus: Overview and first evaluation},
volume = {2},
booktitle = {Proc. Int. Conf. on Language Resources and Evaluation (LREC)},
}

@INPROCEEDINGS{ponceletASRU,
  author={Poncelet, Jakob and Van hamme, Hugo},
  booktitle={Proc. IEEE Automatic Speech Recognition and Understanding Workshop (ASRU)}, 
  title={Comparison of Self-Supervised Speech Pre-Training Methods on {F}lemish {D}utch}, 
  year={2021},
  volume={},
  number={},
  pages={169-176},
  doi={10.1109/ASRU51503.2021.9688061}
}

@inproceedings{ko15_interspeech,
  author={Tom Ko and Vijayaditya Peddinti and Daniel Povey and Sanjeev Khudanpur},
  title={Audio augmentation for speech recognition},
  year=2015,
  booktitle={Proc. Interspeech},
  pages={3586--3589},
  doi={10.21437/Interspeech.2015-711}
}

@inproceedings{park19e_interspeech,
  author={Daniel S. Park and others},
  title={{SpecAugment}: A Simple Data Augmentation Method for Automatic Speech Recognition},
  year=2019,
  booktitle={Proc. Interspeech},
  pages={2613--2617},
  doi={10.21437/Interspeech.2019-2680}
}

@inproceedings{watanabe18_interspeech,
  author={Shinji Watanabe and others},
  title={{ESPnet}: End-to-End Speech Processing Toolkit},
  year=2018,
  booktitle={Proc. Interspeech},
  pages={2207--2211},
  doi={10.21437/Interspeech.2018-1456}
}

@inproceedings{adam,
  author    = {Diederik P. Kingma and
               Jimmy Ba},
  title     = {Adam: {A} Method for Stochastic Optimization},
  booktitle = {Proc. Int. Conf. on Learning Representations (ICLR)},
  year      = {2015},
  url       = {http://arxiv.org/abs/1412.6980},
  biburl    = {https://dblp.org/rec/journals/corr/KingmaB14.bib},
}

@inproceedings{bleu,
author = {Papineni, Kishore and Roukos, Salim and Ward, Todd and Zhu, Wei-Jing},
title = {{BLEU}: a method for automatic evaluation of machine translation},
year = {2002},
url = {https://doi.org/10.3115/1073083.1073135},
doi = {10.3115/1073083.1073135},
booktitle = {Proc. 40th Annual Meeting of the Association for Computational Linguistics},
pages = {311–318},
}

@INPROCEEDINGS{mapsswe,
  author={Pallet, D.S. and Fisher, W.M. and Fiscus, J.G.},
  booktitle={Proc. IEEE Int. Conf. on Acoustics, Speech and Signal Processing (ICASSP)}, 
  title={Tools for the analysis of benchmark speech recognition tests}, 
  year={1990},
  pages={97-100},
  doi={10.1109/ICASSP.1990.115546}
}

@inproceedings{koehn-2004-statistical,
    title = "Statistical Significance Tests for Machine Translation Evaluation",
    author = "Koehn, Philipp",
    booktitle = "Proc. Conf. on Empirical Methods in Natural Language Processing",
    year = "2004",
    publisher = "ACL",
    url = "https://aclanthology.org/W04-3250",
    pages = "388--395",
}

@inproceedings{sacrebleu,
  title = "A Call for Clarity in Reporting {BLEU} Scores",
  author = "Post, Matt",
  booktitle = "Proc. Conf. on Machine Translation (WMT)",
  year = "2018",
  publisher = "ACL",
  url = "https://www.aclweb.org/anthology/W18-6319",
  pages = "186--191",
}

@inproceedings{shafey19_interspeech,
  author={Laurent El Shafey and Hagen Soltau and Izhak Shafran},
  title={Joint Speech Recognition and Speaker Diarization via Sequence Transduction},
  year=2019,
  booktitle={Proc. Interspeech},
  pages={396--400},
  doi={10.21437/Interspeech.2019-1943}
}

@inproceedings{kanda22_interspeech,
  author={Naoyuki Kanda and others},
  title={Streaming Multi-Talker {ASR} with Token-Level Serialized Output Training},
  year=2022,
  booktitle={Proc. Interspeech},
  pages={3774--3778},
  doi={10.21437/Interspeech.2022-7}
}

@article{vandekerckhove2009_subtitling,
   author = "Vandekerckhove, Reinhild and De Houwer, Annick and Remael, Aline",
   title = "Between language policy and linguistic reality: Intralingual subtitling on {F}lemish television", 
   journal= "Pragmatics",
   year = "2009",
   volume = "19",
   number = "4",
   pages = "609-628",
   doi = "https://doi.org/10.1075/prag.19.4.05van",
   url = "https://www.jbe-platform.com/content/journals/10.1075/prag.19.4.05van",
   publisher = "John Benjamins",
   issn = "1018-2101",
}

@article{remael2008,
    author = {Remael, Aline and De Houwer, Annick and Vandekerckhove, Reinhild},
    title = {Intralingual open subtitling in {F}landers: audiovisual translation, linguistic variation and audience needs},
    journal = {Journal of Specialised Translation (JoSTrans)},
    year = {2008},
    volume = {10},
    pages = {76-105},
    url = {https://repository.uantwerpen.be/desktop/irua}
}

@article{vandekerckhove2009_dialect,
url = {https://doi.org/10.1515/IJSL.2009.017},
title = {Dialect loss and dialect vitality in {F}landers},
author = {Reinhild Vandekerckhove},
pages = {73--97},
volume = {2009},
number = {196-197},
journal = {Int. Journal of the Sociology of Language},
doi = {doi:10.1515/IJSL.2009.017},
year = {2009},
}

@incollection{vandekerckhove2007,
url = {https://doi.org/10.1515/9783110925463.189},
title = {'{T}ussentaal' as a source of change from below in {B}elgian {D}utch. A case study of substandardization processes in the chat language of {F}lemish teenagers},
booktitle = {Germanic Language Histories 'from Below' (1700-2000)},
author = {Reinhild Vandekerckhove},
publisher = {De Gruyter},
pages = {189--204},
doi = {doi:10.1515/9783110925463.189},
year = {2007},
}

@article{prieels2018,
   author = "Prieels , Lynn and De Sutter, Gert",
   title = "A mixed-method approach to the use of {C}olloquial {B}elgian {D}utch in intralingual subtitling on {F}lemish television", 
   journal= "Taal en Tongval",
   year = "2018",
   volume = "70",
   number = "2",
   pages = "211-256",
   doi = "https://doi.org/10.5117/TET2018.2.PRIE",
   url = "https://www.aup-online.com/content/journals/10.5117/TET2018.2.PRIE",
   publisher = "Amsterdam University Press",
   issn = "2215-1214",
}

@misc{dubey2024llama3herdmodels,
      title={The {Llama} 3 Herd of Models}, 
      author={Abhimanyu Dubey and others},
      year={2024},
      eprint={2407.21783},
      archivePrefix={arXiv},
      primaryClass={cs.AI},
      url={https://arxiv.org/abs/2407.21783}, 
}

@misc{jiang2023mistral7b,
      title={Mistral 7B}, 
      author={Albert Q. Jiang and others},
      year={2023},
      eprint={2310.06825},
      archivePrefix={arXiv},
      primaryClass={cs.CL},
      url={https://arxiv.org/abs/2310.06825}, 
}

@misc{liu2024recordingeyesechoingears,
      title={Recording for Eyes, Not Echoing to Ears: Contextualized Spoken-to-Written Conversion of {ASR} Transcripts}, 
      author={Jiaqing Liu and Chong Deng and Qinglin Zhang and Qian Chen and Hai Yu and Wen Wang},
      year={2024},
      eprint={2408.09688},
      archivePrefix={arXiv},
      primaryClass={cs.CL},
      url={https://arxiv.org/abs/2408.09688}, 
}