@book{ abelson-et-al:scheme,
  author = "Harold Abelson and Gerald~Jay Sussman and Julie Sussman",
  title = "Structure and Interpretation of Computer Programs",
  publisher = "MIT Press",
  address = "Cambridge, Massachusetts",
  year = "1985"
}

@inproceedings{ bgf:Lixto,
  author = "Robert Baumgartner and Georg Gottlob and Sergio Flesca",
  title = "Visual Information Extraction with {Lixto}",
  booktitle = "Proceedings of the 27th International Conference on Very Large Databases",
  pages = "119--128",
  publisher = "Morgan Kaufmann",
  address = "Rome, Italy",
  month = "September",
  year = "2001"
}

@article{ brachman-schmolze:kl-one,
  author = "Ronald~J. Brachman and James~G. Schmolze",
  title = "An overview of the {KL-ONE} knowledge representation system",
  journal = "Cognitive Science",
  volume = "9",
  number = "2",
  pages = "171--216",
  month = "April--June",
  year = "1985"
}

@article{ gottlob:nonmon,
  author = "Georg Gottlob",
  title = "Complexity results for nonmonotonic logics",
  journal = "Journal of Logic and Computation",
  volume = "2",
  number = "3",
  pages = "397--425",
  month = "June",
  year = "1992"
}

@article{ gls:hypertrees,
  author = "Georg Gottlob and Nicola Leone and Francesco Scarcello",
  title = "Hypertree Decompositions and Tractable Queries",
  journal = "Journal of Computer and System Sciences",
  volume = "64",
  number = "3",
  pages = "579--627",
  month = "May",
  year = "2002"
}

@article{ levesque:functional-foundations,
  author = "Hector~J. Levesque",
  title = "Foundations of a functional approach to knowledge representation",
  journal = "Artificial Intelligence",
  volume = "23",
  number = "2",
  pages = "155--212",
  month = "July",
  year = "1984"
}

@inproceedings{ levesque:belief,
  author = "Hector~J. Levesque",
  title = "A logic of implicit and explicit belief",
  booktitle = "Proceedings of the Fourth National Conference on Artificial Intelligence",
  publisher = "American Association for Artificial Intelligence",
  pages = "198--202",
  address = "Austin, Texas",
  month = "August",
  year = "1984"
}

@article{ nebel:jair-2000,
  author = "Bernhard Nebel",
  title = "On the compilability and expressive power of propositional planning formalisms",
  journal = "Journal of Artificial Intelligence Research",
  volume = "12",
  pages = "271--315",
  year = "2000"
}

 @misc{proceedings,
  author = {{IJCAI Proceedings}},
  title = {{IJCAI} Camera Ready Submission},
  howpublished = {\url{https://proceedings.ijcai.org/info}},
}


@article{dettmers2024qlora,
  title={Qlora: Efficient finetuning of quantized llms},
  author={Dettmers, Tim and Pagnoni, Artidoro and Holtzman, Ari and Zettlemoyer, Luke},
  journal={Advances in Neural Information Processing Systems},
  volume={36},
  year={2024}
}


@inproceedings{hayoulora,
  title={LoRA+: Efficient Low Rank Adaptation of Large Models},
  author={Hayou, Soufiane and Ghosh, Nikhil and Yu, Bin},
  booktitle={Forty-first International Conference on Machine Learning},
  year = "2024"
}

@inproceedings{kopiczkovera,
  title={VeRA: Vector-based Random Matrix Adaptation},
  author={Kopiczko, Dawid Jan and Blankevoort, Tijmen and Asano, Yuki M},
  booktitle={The Twelfth International Conference on Learning Representations},
  year={2024}
}

@inproceedings{hulora,
  title={LoRA: Low-Rank Adaptation of Large Language Models},
  author={Hu, Edward J and Wallis, Phillip and Allen-Zhu, Zeyuan and Li, Yuanzhi and Wang, Shean and Wang, Lu and Chen, Weizhu and others},
  booktitle={The Tenth International Conference on Learning Representations},
  year="2022"
}

@inproceedings{houlsby2019parameter,
  title={Parameter-efficient transfer learning for NLP},
  author={Houlsby, Neil and Giurgiu, Andrei and Jastrzebski, Stanislaw and Morrone, Bruna and De Laroussilhe, Quentin and Gesmundo, Andrea and Attariyan, Mona and Gelly, Sylvain},
  booktitle={International conference on machine learning},
  pages={2790--2799},
  year={2019},
  organization={PMLR}
}

@inproceedings{lester2021power,
  title={The Power of Scale for Parameter-Efficient Prompt Tuning},
  author={Lester, Brian and Al-Rfou, Rami and Constant, Noah},
  booktitle={Proceedings of the 2021 Conference on Empirical Methods in Natural Language Processing},
  pages={3045--3059},
  year={2021}
}

@inproceedings{li2021prefix,
  title={Prefix-Tuning: Optimizing Continuous Prompts for Generation},
  author={Li, Xiang Lisa and Liang, Percy},
  booktitle={Proceedings of the 59th Annual Meeting of the Association for Computational Linguistics and the 11th International Joint Conference on Natural Language Processing (Volume 1: Long Papers)},
  pages={4582--4597},
  year={2021}
}

@article{han2024parameter,
  title={Parameter-efficient fine-tuning for large models: A comprehensive survey},
  author={Han, Zeyu and Gao, Chao and Liu, Jinyang and Zhang, Jeff and Zhang, Sai Qian},
  journal={arXiv preprint arXiv:2403.14608},
  year={2024}
}

@article{chang2024survey,
  title={A survey on evaluation of large language models},
  author={Chang, Yupeng and Wang, Xu and Wang, Jindong and Wu, Yuan and Yang, Linyi and Zhu, Kaijie and Chen, Hao and Yi, Xiaoyuan and Wang, Cunxiang and Wang, Yidong and others},
  journal={ACM Transactions on Intelligent Systems and Technology},
  volume={15},
  number={3},
  pages={1--45},
  year={2024},
  publisher={ACM New York, NY}
}

@article{liu2024gpt,
  title={GPT understands, too},
  author={Liu, Xiao and Zheng, Yanan and Du, Zhengxiao and Ding, Ming and Qian, Yujie and Yang, Zhilin and Tang, Jie},
  journal={AI Open},
  volume={5},
  pages={208--215},
  year={2024},
  publisher={Elsevier}
}

@article{jacobs1991adaptive,
  title={Adaptive mixtures of local experts},
  author={Jacobs, Robert A and Jordan, Michael I and Nowlan, Steven J and Hinton, Geoffrey E},
  journal={Neural computation},
  volume={3},
  number={1},
  pages={79--87},
  year={1991},
  publisher={MIT Press}
}

@article{vaswani2017attention,
  title={Attention is all you need},
  author={Vaswani, A},
  journal={Advances in Neural Information Processing Systems},
  year={2017}
}

@inproceedings{lepikhin2020gshard,
  title={GShard: Scaling Giant Models with Conditional Computation and Automatic Sharding},
  author={Lepikhin, Dmitry and Lee, HyoukJoong and Xu, Yuanzhong and Chen, Dehao and Firat, Orhan and Huang, Yanping and Krikun, Maxim and Shazeer, Noam and Chen, Zhifeng},
  booktitle={International Conference on Learning Representations},
  year="2021"
}

@article{fedus2022switch,
  title={Switch transformers: Scaling to trillion parameter models with simple and efficient sparsity},
  author={Fedus, William and Zoph, Barret and Shazeer, Noam},
  journal={Journal of Machine Learning Research},
  volume={23},
  number={120},
  pages={1--39},
  year={2022}
}

@inproceedings{aragon2023disorbert,
  title={DisorBERT: A double domain adaptation model for detecting signs of mental disorders in social media},
  author={Aragon, Mario and Monroy, Adri{\'a}n Pastor L{\'o}pez and Gonzalez, Luis and Losada, David E and Montes, Manuel},
  booktitle={Proceedings of the 61st Annual Meeting of the Association for Computational Linguistics (Volume 1: Long Papers)},
  pages={15305--15318},
  year={2023}
}

@inproceedings{dai2024deepseekmoe,
  title={Deepseekmoe: Towards ultimate expert specialization in mixture-of-experts language models},
  author={Dai, Damai and Deng, Chengqi and Zhao, Chenggang and Xu, RX and Gao, Huazuo and Chen, Deli and Li, Jiashi and Zeng, Wangding and Yu, Xingkai and Wu, Y and others},
  booktitle={The 62nd Annual Meeting of the Association for Computational Linguistics},
  year={2024}
}

@article{roller2021hash,
  title={Hash layers for large sparse models},
  author={Roller, Stephen and Sukhbaatar, Sainbayar and Weston, Jason and others},
  journal={Advances in Neural Information Processing Systems},
  volume={34},
  pages={17555--17566},
  year={2021}
}

@inproceedings{huang2024harder,
  title={Harder Tasks Need More Experts: Dynamic Routing in MoE Models},
  author={Huang, Quzhe and An, Zhenwei and Zhuang, Nan and Tao, Mingxu and Zhang, Chen and Jin, Yang and Xu, Kun and Chen, Liwei and Huang, Songfang and Feng, Yansong},
  booktitle={The 62nd Annual Meeting of the Association for Computational Linguistics},
  year={2024}
}

@article{zhou2022mixture,
  title={Mixture-of-experts with expert choice routing},
  author={Zhou, Yanqi and Lei, Tao and Liu, Hanxiao and Du, Nan and Huang, Yanping and Zhao, Vincent and Dai, Andrew M and Le, Quoc V and Laudon, James and others},
  journal={Advances in Neural Information Processing Systems},
  volume={35},
  pages={7103--7114},
  year={2022}
}

@inproceedings{yang2024xmoe,
  title={XMoE: Sparse Models with Fine-grained and Adaptive Expert Selection},
  author={Yang, Yuanhang and Qi, Shiyi and Gu, Wenchao and Wang, Chaozheng and Gao, Cuiyun and Xu, Zenglin},
  booktitle={Findings of the Association for Computational Linguistics ACL 2024},
  pages={11664--11674},
  year={2024}
}

@article{riquelme2021scaling,
  title={Scaling vision with sparse mixture of experts},
  author={Riquelme, Carlos and Puigcerver, Joan and Mustafa, Basil and Neumann, Maxim and Jenatton, Rodolphe and Susano Pinto, Andr{\'e} and Keysers, Daniel and Houlsby, Neil},
  journal={Advances in Neural Information Processing Systems},
  volume={34},
  pages={8583--8595},
  year={2021}
}

@article{mustafa2022multimodal,
  title={Multimodal contrastive learning with limoe: the language-image mixture of experts},
  author={Mustafa, Basil and Riquelme, Carlos and Puigcerver, Joan and Jenatton, Rodolphe and Houlsby, Neil},
  journal={Advances in Neural Information Processing Systems},
  volume={35},
  pages={9564--9576},
  year={2022}
}

@inproceedings{du2022glam,
  title={Glam: Efficient scaling of language models with mixture-of-experts},
  author={Du, Nan and Huang, Yanping and Dai, Andrew M and Tong, Simon and Lepikhin, Dmitry and Xu, Yuanzhong and Krikun, Maxim and Zhou, Yanqi and Yu, Adams Wei and Firat, Orhan and others},
  booktitle={International Conference on Machine Learning},
  pages={5547--5569},
  year={2022},
  organization={PMLR}
}

@article{li2024mixlora,
  title={Mixlora: Enhancing large language models fine-tuning with lora based mixture of experts},
  author={Li, Dengchun and Ma, Yingzi and Wang, Naizheng and Cheng, Zhiyuan and Duan, Lei and Zuo, Jie and Yang, Cal and Tang, Mingjie},
  journal={arXiv preprint arXiv:2404.15159},
  year={2024}
}

@article{yang2024moral,
  title={MoRAL: MoE Augmented LoRA for LLMs' Lifelong Learning},
  author={Yang, Shu and Ali, Muhammad Asif and Wang, Cheng-Long and Hu, Lijie and Wang, Di},
  journal={arXiv preprint arXiv:2402.11260},
  year={2024}
}

@article{wu2024parameter,
  title={Parameter-Efficient Sparsity Crafting from Dense to Mixture-of-Experts for Instruction Tuning on General Tasks},
  author={Wu, Haoyuan and Zheng, Haisheng and He, Zhuolun and Yu, Bei},
  journal={arXiv preprint arXiv:2401.02731},
  year={2024}
}

@inproceedings{liu2024moe,
  title={When moe meets llms: Parameter efficient fine-tuning for multi-task medical applications},
  author={Liu, Qidong and Wu, Xian and Zhao, Xiangyu and Zhu, Yuanshao and Xu, Derong and Tian, Feng and Zheng, Yefeng},
  booktitle={Proceedings of the 47th International ACM SIGIR Conference on Research and Development in Information Retrieval},
  pages={1104--1114},
  year={2024}
}

@inproceedings{zeng2024adamoe,
  title={AdaMoE: Token-Adaptive Routing with Null Experts for Mixture-of-Experts Language Models},
  author={Zeng, Zihao and Miao, Yibo and Gao, Hongcheng and Zhang, Hao and Deng, Zhijie},
  booktitle={Findings of the Association for Computational Linguistics ACL 2024},
  year={2024}
}

@inproceedings{dou2024loramoe,
  title={LoRAMoE: Alleviating world knowledge forgetting in large language models via MoE-style plugin},
  author={Dou, Shihan and Zhou, Enyu and Liu, Yan and Gao, Songyang and Shen, Wei and Xiong, Limao and Zhou, Yuhao and Wang, Xiao and Xi, Zhiheng and Fan, Xiaoran and others},
  booktitle={Proceedings of the 62nd Annual Meeting of the Association for Computational Linguistics (Volume 1: Long Papers)},
  pages={1932--1945},
  year={2024}
}

@article{gao2024higher,
  title={Higher layers need more lora experts},
  author={Gao, Chongyang and Chen, Kezhen and Rao, Jinmeng and Sun, Baochen and Liu, Ruibo and Peng, Daiyi and Zhang, Yawen and Guo, Xiaoyuan and Yang, Jie and Subrahmanian, VS},
  journal={arXiv preprint arXiv:2402.08562},
  year={2024}
}

@inproceedings{qing2024alphalora,
  title={AlphaLoRA: Assigning LoRA Experts Based on Layer Training Quality},
  author={Qing, Peijun and Gao, Chongyang and Zhou, Yefan and Diao, Xingjian and Yang, Yaoqing and Vosoughi, Soroush},
  booktitle={Proceedings of the 2024 Conference on Empirical Methods in Natural Language Processing},
  pages={20511--20523},
  year={2024}
}

@inproceedings{wumixture,
  title={Mixture of LoRA Experts},
  author={Wu, Xun and Huang, Shaohan and Wei, Furu},
  booktitle={The Twelfth International Conference on Learning Representations},
  year="2024"
}

@article{touvron2023llama,
  title={Llama 2: Open foundation and fine-tuned chat models},
  author={Touvron, Hugo and Martin, Louis and Stone, Kevin and Albert, Peter and Almahairi, Amjad and Babaei, Yasmine and Bashlykov, Nikolay and Batra, Soumya and Bhargava, Prajjwal and Bhosale, Shruti and others},
  journal={arXiv preprint arXiv:2307.09288},
  year={2023}
}

@inproceedings{wang2019glue,
  title={GLUE: A Multi-Task Benchmark and Analysis Platform for Natural Language Understanding},
  author={Wang, Alex and Singh, Amanpreet and Michael, Julian and Hill, Felix and Levy, Omer and Bowman, Samuel R},
  year = {2019},
  booktitle={International Conference on Learning Representations}
}

@article{lu2022learn,
  title={Learn to explain: Multimodal reasoning via thought chains for science question answering},
  author={Lu, Pan and Mishra, Swaroop and Xia, Tanglin and Qiu, Liang and Chang, Kai-Wei and Zhu, Song-Chun and Tafjord, Oyvind and Clark, Peter and Kalyan, Ashwin},
  journal={Advances in Neural Information Processing Systems},
  volume={35},
  pages={2507--2521},
  year={2022}
}

@inproceedings{talmor2019commonsenseqa,
  title={CommonsenseQA: A Question Answering Challenge Targeting Commonsense Knowledge},
  author={Talmor, Alon and Herzig, Jonathan and Lourie, Nicholas and Berant, Jonathan},
  booktitle={Proceedings of the 2019 Conference of the North American Chapter of the Association for Computational Linguistics: Human Language Technologies, Volume 1 (Long and Short Papers)},
  pages={4149--4158},
  year={2019}
}

@inproceedings{mihaylov2018can,
  title={Can a Suit of Armor Conduct Electricity? A New Dataset for Open Book Question Answering},
  author={Mihaylov, Todor and Clark, Peter and Khot, Tushar and Sabharwal, Ashish},
  booktitle={Proceedings of the 2018 Conference on Empirical Methods in Natural Language Processing},
  pages={2381--2391},
  year={2018}
}