@inproceedings{AAGOD,
  author       = {Yuxin Guo and
                  Cheng Yang and
                  Yuluo Chen and
                  Jixi Liu and
                  Chuan Shi and
                  Junping Du},
  title        = {A Data-centric Framework to Endow Graph Neural Networks with Out-Of-Distribution Detection Ability},
  booktitle    = {KDD},
  year         = {2023},
}

@inproceedings{ASH,
  author       = {Andrija Djurisic and
                  Nebojsa Bozanic and
                  Arjun Ashok and
                  Rosanne Liu},
  title        = {Extremely Simple Activation Shaping for Out-of-Distribution Detection},
  booktitle    = {ICLR},
  year         = {2023},
}

@inproceedings{ATOL,
  author       = {Haotian Zheng and
                  Qizhou Wang and
                  Zhen Fang and
                  Xiaobo Xia and
                  Feng Liu and
                  Tongliang Liu and
                  Bo Han},
  title        = {Out-of-distribution Detection Learning with Unreliable Out-of-distribution
                  Sources},
  booktitle    = {NeurIPS},
  year         = {2023},
}

@inproceedings{ATOM,
  author       = {Jiefeng Chen and
                  Yixuan Li and
                  Xi Wu and
                  Yingyu Liang and
                  Somesh Jha},
  title        = {{ATOM:} Robustifying Out-of-Distribution Detection Using Outlier Mining},
  booktitle    = {ECML PKDD},
  year         = {2021},
}

@inproceedings{ConfOOD,
  author       = {Kimin Lee and
                  Honglak Lee and
                  Kibok Lee and
                  Jinwoo Shin},
  title        = {Training Confidence-calibrated Classifiers for Detecting Out-of-Distribution
                  Samples},
  booktitle    = {ICLR},
  year         = {2018},
}

@inproceedings{DFDD,
  author       = {Aming Wu and
                  Da Chen and
                  Cheng Deng},
  title        = {Deep Feature Deblurring Diffusion for Detecting Out-of-Distribution
                  Objects},
  booktitle    = {ICCV},
  year         = {2023},
}

@inproceedings{DICE,
  author       = {Yiyou Sun and
                  Yixuan Li},
  title        = {{DICE:} Leveraging Sparsification for Out-of-Distribution Detection},
  booktitle    = {ECCV},
  year         = {2022},
}

@inproceedings{DivOE,
  author       = {Jianing Zhu and
                  Yu Geng and
                  Jiangchao Yao and
                  Tongliang Liu and
                  Gang Niu and
                  Masashi Sugiyama and
                  Bo Han},
  title        = {Diversified Outlier Exposure for Out-of-Distribution Detection via
                  Informative Extrapolation},
  booktitle    = {NeurIPS},
  year         = {2023},
}

@inproceedings{Dream-OOD,
  author       = {Xuefeng Du and
                  Yiyou Sun and
                  Jerry Zhu and
                  Yixuan Li},
  title        = {Dream the Impossible: Outlier Imagination with Diffusion Models},
  booktitle    = {NeurIPS},
  year         = {2023},
}

@inproceedings{EBFeat,
  author       = {Marc Lafon and
                  Elias Ramzi and
                  Cl{\'{e}}ment Rambour and
                  Nicolas Thome},
  title        = {Hybrid Energy Based Model in the Feature Space for Out-of-Distribution
                  Detection},
  booktitle    = {ICML},
  year         = {2023},
}

@inproceedings{EMP,
  author       = {Lina Yang and
                  Bin Lu and
                  Xiaoying Gan},
  title        = {Graph Open-Set Recognition via Entropy Message Passing},
  booktitle    = {ICDM},
  year         = {2023},
}

@inproceedings{Ensemble,
  author       = {Apoorv Vyas and
                  Nataraj Jammalamadaka and
                  Xia Zhu and
                  Dipankar Das and
                  Bharat Kaul and
                  Theodore L. Willke},
  title        = {Out-of-Distribution Detection Using an Ensemble of Self Supervised
                  Leave-Out Classifiers},
  booktitle    = {ECCV},
  year         = {2018},
}

@inproceedings{FocalOE,
  author       = {Qichao Chen and
                  Zhiyuan Chen and
                  Tom{\'{a}}s Maul and
                  Kuan Li and
                  Jianping Yin},
  title        = {Outlier Exposure with Focal Loss for Out-of-distribution Detection},
  booktitle    = {ACAI},
  year         = {2023},
}

@inproceedings{GDE_OOD,
  author       = {Tianyi Bao and
                  Qitian Wu and
                  Zetian Jiang and
                  Yiting Chen and
                  Jiawei Sun and
                  Junchi Yan},
  title        = {Graph Out-of-Distribution Detection Goes Neighborhood Shaping},
  booktitle    = {ICML},
  year         = {2024}
}

@inproceedings{GKDE,
  author       = {Xujiang Zhao and
                  Feng Chen and
                  Shu Hu and
                  Jin{-}Hee Cho},
  title        = {Uncertainty Aware Semi-Supervised Learning on Graph Data},
  booktitle    = {NeurIPS},
  year         = {2020},
}

@inproceedings{GNNSafe,
  author       = {Qitian Wu and
                  Yiting Chen and
                  Chenxiao Yang and
                  Junchi Yan},
  title        = {Energy-based Out-of-Distribution Detection for Graph Neural Networks},
  booktitle    = {ICLR},
  year         = {2023},
}

@inproceedings{GOOD,
  author       = {Shurui Gui and
                  Xiner Li and
                  Limei Wang and
                  Shuiwang Ji},
  title        = {{GOOD:} {A} Graph Out-of-Distribution Benchmark},
  booktitle    = {NeurIPS},
  year         = {2022},
}

@inproceedings{GOOD-D,
  author       = {Yixin Liu and
                  Kaize Ding and
                  Huan Liu and
                  Shirui Pan},
  title        = {{GOOD-D:} On Unsupervised Graph Out-Of-Distribution Detection},
  booktitle    = {WSDM},
  year         = {2023},
}

@inproceedings{GOOD-cert,
  author       = {Julian Bitterwolf and
                  Alexander Meinke and
                  Matthias Hein},
  title        = {Certifiably Adversarially Robust Detection of Out-of Distribution Data},
  booktitle    = {NeurIPS},
  year         = {2020},
}

@inproceedings{GOODAT,
  author       = {Luzhi Wang and
                  Dongxiao He and
                  He Zhang and
                  Yixin Liu and
                  Wenjie Wang and
                  Shirui Pan and
                  Di Jin and
                  Tat{-}Seng Chua},
  title        = {{GOODAT:} Towards Test-Time Graph Out-of-Distribution Detection},
  booktitle    = {AAAI},
  year         = {2024},
}

@article{GOODD-uncertainty,
  author       = {Gleb Bazhenov and
                  Sergei Ivanov and
                  Maxim Panov and
                  Alexey Zaytsev and
                  Evgeny Burnaev},
  title        = {Towards {OOD} Detection in Graph Classification from Uncertainty Estimation
                  Perspective},
  journal      = {CoRR},
  year         = {2022},
}

@inproceedings{GPN,
  author       = {Maximilian Stadler and
                  Bertrand Charpentier and
                  Simon Geisler and
                  Daniel Z{\"{u}}gner and
                  Stephan G{\"{u}}nnemann},
  title        = {Graph Posterior Network: Bayesian Predictive Uncertainty for Node
                  Classification},
  booktitle    = {NeurIPS},
  year         = {2021},
}

@article{G_UQ,
  author       = {Puja Trivedi and
                  Mark Heimann and
                  Rushil Anirudh and
                  Danai Koutra and
                  Jayaraman J. Thiagarajan},
  title        = {Accurate and Scalable Estimation of Epistemic Uncertainty for Graph
                  Neural Networks},
  journal      = {ICLR},
  year         = {2024},
}

@inproceedings{Gen-ODIN,
  author       = {Yen{-}Chang Hsu and
                  Yilin Shen and
                  Hongxia Jin and
                  Zsolt Kira},
  title        = {Generalized {ODIN:} Detecting Out-of-Distribution Image Without Learning
                  From Out-of-Distribution Data},
  booktitle    = {CVPR},
  year         = {2020}
}

@inproceedings{GenAnalysis,
  author       = {Ziyu Wang and
                  Bin Dai and
                  David P. Wipf and
                  Jun Zhu},
  title        = {Further Analysis of Outlier Detection with Deep Generative Models},
  booktitle    = {NeurIPS},
  year         = {2020},
}

@article{GenOE,
  author      ={Jiin Koo and 
                Sungjoon Choi and 
                Sangheum Hwang},  
  title       ={Generalized Outlier Exposure: Towards a trustworthy out-of-distribution detector without sacrificing accuracy},
  journal     ={Neurocomputing},
  year        ={2024}
}

@inproceedings{GenUnknown,
  author       = {Eric T. Nalisnick and
                  Akihiro Matsukawa and
                  Yee Whye Teh and
                  Dilan G{\"{o}}r{\"{u}}r and
                  Balaji Lakshminarayanan},
  title        = {Do Deep Generative Models Know What They Don't Know?},
  booktitle    = {ICLR},
  year         = {2019},
}

@inproceedings{GraphDE,
  author       = {Zenan Li and
                  Qitian Wu and
                  Fan Nie and
                  Junchi Yan},
  title        = {GraphDE: {A} Generative Framework for Debiased Learning and Out-of-Distribution Detection on Graphs},
  booktitle    = {NeurIPS},
  year         = {2022},
}

@inproceedings{Hendrycks17softmax,
  author       = {Dan Hendrycks and
                  Kevin Gimpel},
  title        = {A Baseline for Detecting Misclassified and Out-of-Distribution Examples
                  in Neural Networks},
  booktitle    = {ICLR},
  year         = {2017},
}

@inproceedings{Hierarc,
  author       = {Robin Schirrmeister and
                  Yuxuan Zhou and
                  Tonio Ball and
                  Dan Zhang},
  title        = {Understanding Anomaly Detection with Deep Invertible Networks through
                  Hierarchies of Distributions and Features},
  booktitle    = {NeurIPS},
  year         = {2020},
}

@inproceedings{LMN,
  author       = {Tiancheng Huang and
                  Donglin Wang and
                  Yuan Fang and
                  Zhengyu Chen},
  title        = {End-to-End Open-Set Semi-Supervised Node Classification with Out-of-Distribution
                  Detection},
  booktitle    = {IJCAI},
  year         = {2022},
}

@inproceedings{LRegret,
  author       = {Zhisheng Xiao and
                  Qing Yan and
                  Yali Amit},
  title        = {Likelihood Regret: An Out-of-Distribution Detection Score For Variational
                  Auto-encoder},
  booktitle    = {NeurIPS},
  year         = {2020},
}

@inproceedings{Likelihood,
  author       = {Joan Serr{\`{a}} and
                  David {\'{A}}lvarez and
                  Vicen{\c{c}} G{\'{o}}mez and
                  Olga Slizovskaia and
                  Jos{\'{e}} F. N{\'{u}}{\~{n}}ez and
                  Jordi Luque},
  title        = {Input Complexity and Out-of-distribution Detection with Likelihood-based
                  Generative Models},
  booktitle    = {ICLR},
  year         = {2020},
}

@article{MOL_DIF,
  author      = {Xu Shen and 
                 Yili  Wang and 
                 Kaixiong Zhou and 
                 Shirui Pan and 
                 Xin Wang},
  title       = {Optimizing OOD Detection in Molecular Graphs: A Novel Approach with Diffusion Models},
  journal     = {CoRR},
  year        = {2024},
}

@inproceedings{MOOD,
  author       = {Ziqian Lin and
                  Sreya Dutta Roy and
                  Yixuan Li},
  title        = {{MOOD:} Multi-level Out-of-distribution Detection},
  booktitle    = {CVPR},
  year         = {2021},
}

@inproceedings{MOOD-Molecule,
  author       = {Seul Lee and
                  Jaehyeong Jo and
                  Sung Ju Hwang},
  title        = {Exploring Chemical Space with Score-based Out-of-distribution Generation},
  booktitle    = {ICML},
  year         = {2023},
}

@inproceedings{MSP,
  author       = {Dan Hendrycks and
                  Kevin Gimpel},
  title        = {A Baseline for Detecting Misclassified and Out-of-Distribution Examples
                  in Neural Networks},
  booktitle    = {ICLR},
  year         = {2017},
}

@inproceedings{Mahalanobis,
  author       = {Kimin Lee and
                  Kibok Lee and
                  Honglak Lee and
                  Jinwoo Shin},
  title        = {A Simple Unified Framework for Detecting Out-of-Distribution Samples
                  and Adversarial Attacks},
  booktitle    = {NeurIPS},
  year         = {2018},
}

@inproceedings{NMD,
  author       = {Xin Dong and
                  Junfeng Guo and
                  Ang Li and
                  Wei{-}Te Ting and
                  Cong Liu and
                  H. T. Kung},
  title        = {Neural Mean Discrepancy for Efficient Out-of-Distribution Detection},
  booktitle    = {CVPR},
  year         = {2022},
}

@inproceedings{NODESAFE,
  author       = {Shenzhi Yang and
                  Bin Liang and
                  An Liu and
                  Lin Gui and
                  Xingkai Yao and
                  Xiaofang Zhang},
  title        = {Bounded and Uniform Energy-based Out-of-distribution Detection for
                  Graphs},
  booktitle    = {ICML},
  year         = {2024},
}

@inproceedings{NPOS,
  author       = {Leitian Tao and
                  Xuefeng Du and
                  Jerry Zhu and
                  Yixuan Li},
  title        = {Non-parametric Outlier Synthesis},
  booktitle    = {ICLR},
  year         = {2023},
}

@inproceedings{ODIN,
  author       = {Shiyu Liang and
                  Yixuan Li and
                  R. Srikant},
  title        = {Enhancing The Reliability of Out-of-distribution Image Detection in
                  Neural Networks},
  booktitle    = {ICLR},
  year         = {2018},
}

@inproceedings{OE,
  author       = {Dan Hendrycks and
                  Mantas Mazeika and
                  Thomas G. Dietterich},
  title        = {Deep Anomaly Detection with Outlier Exposure},
  booktitle    = {ICLR},
  year         = {2019},
}

@article{OECC,
  author       = {Aristotelis{-}Angelos Papadopoulos and
                  Mohammad Reza Rajati and
                  Nazim Shaikh and
                  Jiamian Wang},
  title        = {Outlier exposure with confidence control for out-of-distribution detection},
  journal      = {Neurocomputing},
  year         = {2021},
}

@inproceedings{RND,
  author       = {Sung{-}Ik Choi and
                  Sae{-}Young Chung},
  title        = {Novelty Detection Via Blurring},
  booktitle    = {ICLR},
  year         = {2020},
}

@inproceedings{RPRW,
  author       = {Xue Jiang and
                  Feng Liu and
                  Zhen Fang and
                  Hong Chen and
                  Tongliang Liu and
                  Feng Zheng and
                  Bo Han},
  title        = {Detecting Out-of-distribution Data through In-distribution Class Prior},
  booktitle    = {ICML},
  year         = {2023},
}

@inproceedings{React,
  author       = {Yiyou Sun and
                  Chuan Guo and
                  Yixuan Li},
  title        = {ReAct: Out-of-distribution Detection With Rectified Activations},
  booktitle    = {NeurIPS}, 
  year         = {2021}
}

@inproceedings{SAL,
  author       = {Xuefeng Du and
                  Zhen Fang and
                  Ilias Diakonikolas and
                  Yixuan Li},
  title        = {How Does Unlabeled Data Provably Help Out-of-Distribution Detection?},
  booktitle      = {ICLR},
  year         = {2024},
}

@article{SGOOD,
  author       = {Zhihao Ding and
                  Jieming Shi},
  title        = {{SGOOD:} Substructure-enhanced Graph-Level Out-of-Distribution Detection},
  journal      = {CoRR},
  year         = {2023},
}

@inproceedings{SLW,
  author={Han Wang and
          Yixuan Li},
  title={A Graph-Theoretic Framework for Joint OOD Generalization and Detection},
  booktitle = {CoRR},
  year={2023},
}

@inproceedings{Textual-OODExposure,
  author       = {Sangha Park and
                  Jisoo Mok and
                  Dahuin Jung and
                  Saehyung Lee and
                  Sungroh Yoon},
  title        = {On the Powerfulness of Textual Outlier Exposure for Visual OoD Detection},
  booktitle    = {NeurIPS},
  year         = {2023},
}

@inproceedings{UGTs,
  author       = {Tianjin Huang and
                  Tianlong Chen and
                  Meng Fang and
                  Vlado Menkovski and
                  Jiaxu Zhao and
                  Lu Yin and
                  Yulong Pei and
                  Decebal Constantin Mocanu and
                  Zhangyang Wang and
                  Mykola Pechenizkiy and
                  Shiwei Liu},
  title        = {You Can Have Better Graph Neural Networks by Not Training Weights
                  at All: Finding Untrained GNNs Tickets},
  booktitle    = {LoG},
  year         = {2022},
}

@inproceedings{VOS,
  author       = {Xuefeng Du and
                  Zhaoning Wang and
                  Mu Cai and
                  Yixuan Li},
  title        = {{VOS:} Learning What You Don't Know by Virtual Outlier Synthesis},
  booktitle    = {ICLR},
  year         = {2022},
}

@inproceedings{Wang21energy,
  author       = {Haoran Wang and
                  Weitang Liu and
                  Alex Bocchieri and
                  Yixuan Li},
  title        = {Can multi-label classification networks know what they don't know?},
  booktitle    = {NeurIPS}, 
  year         = {2021}
}

@inproceedings{WhyReLU,
  author       = {Matthias Hein and
                  Maksym Andriushchenko and
                  Julian Bitterwolf},
  title        = {Why ReLU Networks Yield High-Confidence Predictions Far Away From
                  the Training Data and How to Mitigate the Problem},
  booktitle    = {CVPR},
  year         = {2019},
}

@inproceedings{advOOD,
  author={Kuan Li and 
          YiWen Chen and 
          Yang Liu and 
          Jin Wang and 
          Qing He and 
          Minhao Cheng and 
          Xiang Ao},
  title={Boosting the Adversarial Robustness of Graph Neural Networks: An OOD Perspective},
  booktitle={ICLR},
  year={2024},
}

@inproceedings{energy,
  author       = {Weitang Liu and
                  Xiaoyun Wang and
                  John D. Owens and
                  Yixuan Li},
  title        = {Energy-based Out-of-distribution Detection},
  booktitle    = {NeurIPS},
  year         = {2020},
}

@inproceedings{grasp,
  author={Longfei Ma and
          Yiyou Sun and 
          Kaize Ding and 
          Fei Wu},  
  title={Score Propagation as a Catalyst for Graph Out-of-distribution Detection: A Theoretical and Empirical Study},
  booktitle = {ICLR},  
  year={2023},
}

@article{manifold,
  author       = {Sachin Vernekar and
                  Ashish Gaurav and
                  Vahdat Abdelzad and
                  Taylor Denouden and
                  Rick Salay and
                  Krzysztof Czarnecki},
  title        = {Out-of-distribution Detection in Classifiers via Generation},
  journal      = {CoRR},
  year         = {2019},
}

@inproceedings{regOOD,
  author       = {Wenjian Huang and
                  Hao Wang and
                  Jiahao Xia and
                  Chengyan Wang and
                  Jianguo Zhang},
  title        = {Density-driven Regularization for Out-of-distribution Detection},
  booktitle    = {NeurIPS},
  year         = {2022},
}

