%Entries
% OOD detection for general ML
@inproceedings{EBM-NN,
  author       = {Will Grathwohl and
                  Kuan{-}Chieh Wang and
                  J{\"{o}}rn{-}Henrik Jacobsen and
                  David Duvenaud and
                  Mohammad Norouzi and
                  Kevin Swersky},
  title        = {Your classifier is secretly an energy based model and you should treat
                  it like one},
  booktitle    = {ICLR},
  year         = {2020},
}

@inproceedings{ODIN,
  author       = {Shiyu Liang and
                  Yixuan Li and
                  R. Srikant},
  title        = {Enhancing The Reliability of Out-of-distribution Image Detection in
                  Neural Networks},
  booktitle    = {ICLR},
  year         = {2018},
}

@inproceedings{MOOD,
  author       = {Ziqian Lin and
                  Sreya Dutta Roy and
                  Yixuan Li},
  title        = {{MOOD:} Multi-level Out-of-distribution Detection},
  booktitle    = {CVPR},
  year         = {2021},
}

@inproceedings{Wang21energy,
  author       = {Haoran Wang and
                  Weitang Liu and
                  Alex Bocchieri and
                  Yixuan Li},
  title        = {Can multi-label classification networks know what they don't know?},
  booktitle    = {NeurIPS}, 
  year         = {2021}
}

@inproceedings{React,
  author       = {Yiyou Sun and
                  Chuan Guo and
                  Yixuan Li},
  title        = {ReAct: Out-of-distribution Detection With Rectified Activations},
  booktitle    = {NeurIPS}, 
  year         = {2021}
}

@inproceedings{NMD,
  author       = {Xin Dong and
                  Junfeng Guo and
                  Ang Li and
                  Wei{-}Te Ting and
                  Cong Liu and
                  H. T. Kung},
  title        = {Neural Mean Discrepancy for Efficient Out-of-Distribution Detection},
  booktitle    = {CVPR},
  year         = {2022},
}

@inproceedings{DICE,
  author       = {Yiyou Sun and
                  Yixuan Li},
  title        = {{DICE:} Leveraging Sparsification for Out-of-Distribution Detection},
  booktitle    = {ECCV},
  year         = {2022},
}

@inproceedings{ASH,
  author       = {Andrija Djurisic and
                  Nebojsa Bozanic and
                  Arjun Ashok and
                  Rosanne Liu},
  title        = {Extremely Simple Activation Shaping for Out-of-Distribution Detection},
  booktitle    = {ICLR},
  year         = {2023},
}

% entry by RQ
@inproceedings{energy,
  author       = {Weitang Liu and
                  Xiaoyun Wang and
                  John D. Owens and
                  Yixuan Li},
  title        = {Energy-based Out-of-distribution Detection},
  booktitle    = {NeurIPS},
  year         = {2020},
}

@inproceedings{Hendrycks17softmax,
  author       = {Dan Hendrycks and
                  Kevin Gimpel},
  title        = {A Baseline for Detecting Misclassified and Out-of-Distribution Examples
                  in Neural Networks},
  booktitle    = {ICLR},
  year         = {2017},
}

@inproceedings{Textual-OODExposure,
  author       = {Sangha Park and
                  Jisoo Mok and
                  Dahuin Jung and
                  Saehyung Lee and
                  Sungroh Yoon},
  title        = {On the Powerfulness of Textual Outlier Exposure for Visual OoD Detection},
  booktitle    = {NeurIPS},
  year         = {2023},
}

@inproceedings{DivOE,
  author       = {Jianing Zhu and
                  Yu Geng and
                  Jiangchao Yao and
                  Tongliang Liu and
                  Gang Niu and
                  Masashi Sugiyama and
                  Bo Han},
  title        = {Diversified Outlier Exposure for Out-of-Distribution Detection via
                  Informative Extrapolation},
  booktitle    = {NeurIPS},
  year         = {2023},
}

% OOD detection on graphs
@article{GOODD-uncertainty,
  author       = {Gleb Bazhenov and
                  Sergei Ivanov and
                  Maxim Panov and
                  Alexey Zaytsev and
                  Evgeny Burnaev},
  title        = {Towards {OOD} Detection in Graph Classification from Uncertainty Estimation
                  Perspective},
  journal      = {CoRR},
  year         = {2022},
}

@inproceedings{GPN,
  author       = {Maximilian Stadler and
                  Bertrand Charpentier and
                  Simon Geisler and
                  Daniel Z{\"{u}}gner and
                  Stephan G{\"{u}}nnemann},
  title        = {Graph Posterior Network: Bayesian Predictive Uncertainty for Node
                  Classification},
  booktitle    = {NeurIPS},
  year         = {2021},
}

@inproceedings{GKDE,
  author       = {Xujiang Zhao and
                  Feng Chen and
                  Shu Hu and
                  Jin{-}Hee Cho},
  title        = {Uncertainty Aware Semi-Supervised Learning on Graph Data},
  booktitle    = {NeurIPS},
  year         = {2020},
}

@inproceedings{GOOD-D,
  author       = {Yixin Liu and
                  Kaize Ding and
                  Huan Liu and
                  Shirui Pan},
  title        = {{GOOD-D:} On Unsupervised Graph Out-Of-Distribution Detection},
  booktitle    = {WSDM},
  year         = {2023},
}

@inproceedings{AAGOD,
  author       = {Yuxin Guo and
                  Cheng Yang and
                  Yuluo Chen and
                  Jixi Liu and
                  Chuan Shi and
                  Junping Du},
  title        = {A Data-centric Framework to Endow Graph Neural Networks with Out-Of-Distribution Detection Ability},
  booktitle    = {KDD},
  year         = {2023},
}

@inproceedings{GNNSafe,
  author       = {Qitian Wu and
                  Yiting Chen and
                  Chenxiao Yang and
                  Junchi Yan},
  title        = {Energy-based Out-of-Distribution Detection for Graph Neural Networks},
  booktitle    = {ICLR},
  year         = {2023},
}

@inproceedings{GraphDE,
  author       = {Zenan Li and
                  Qitian Wu and
                  Fan Nie and
                  Junchi Yan},
  title        = {GraphDE: {A} Generative Framework for Debiased Learning and Out-of-Distribution Detection on Graphs},
  booktitle    = {NeurIPS},
  year         = {2022},
}

% Diffusion generation
@inproceedings{DFDD,
  author       = {Aming Wu and
                  Da Chen and
                  Cheng Deng},
  title        = {Deep Feature Deblurring Diffusion for Detecting Out-of-Distribution
                  Objects},
  booktitle    = {ICCV},
  year         = {2023},
}

@inproceedings{Dream-OOD,
  author       = {Xuefeng Du and
                  Yiyou Sun and
                  Jerry Zhu and
                  Yixuan Li},
  title        = {Dream the Impossible: Outlier Imagination with Diffusion Models},
  booktitle    = {NeurIPS},
  year         = {2023},
}

@inproceedings{MOOD-Molecule,
  author       = {Seul Lee and
                  Jaehyeong Jo and
                  Sung Ju Hwang},
  title        = {Exploring Chemical Space with Score-based Out-of-distribution Generation},
  booktitle    = {ICML},
  year         = {2023},
}

@inproceedings{Digress,
  author       = {Cl{\'{e}}ment Vignac and
                  Igor Krawczuk and
                  Antoine Siraudin and
                  Bohan Wang and
                  Volkan Cevher and
                  Pascal Frossard},
  title        = {DiGress: Discrete Denoising diffusion for graph generation},
  booktitle    = {ICLR},
  year         = {2023},
}

%iid assump
@article{OOD-GNN,
  author       = {Haoyang Li and
                  Xin Wang and
                  Ziwei Zhang and
                  Wenwu Zhu},
  title        = {{OOD-GNN:} Out-of-Distribution Generalized Graph Neural Network},
  journal      = {{IEEE} Trans. Knowl. Data Eng.},
  year         = {2023},
}

@inproceedings{GCN,
  author       = {Thomas N. Kipf and
                  Max Welling},
  title        = {Semi-Supervised Classification with Graph Convolutional Networks},
  booktitle    = {ICLR},
  year         = {2017},
}

@inproceedings{LiSA,
  author       = {Junchi Yu and
                  Jian Liang and
                  Ran He},
  title        = {Mind the Label Shift of Augmentation-based Graph {OOD} Generalization},
  booktitle    = {CVPR},
  year         = {2023},
}

@inproceedings{GraphSage,
  author       = {William L. Hamilton and
                  Zhitao Ying and
                  Jure Leskovec},
  title        = {Inductive Representation Learning on Large Graphs},
  booktitle    = {NeurIPS},
  year         = {2017},
}


% ood samp in real
@inproceedings{GOOD,
  author       = {Shurui Gui and
                  Xiner Li and
                  Limei Wang and
                  Shuiwang Ji},
  title        = {{GOOD:} {A} Graph Out-of-Distribution Benchmark},
  booktitle    = {NeurIPS},
  year         = {2022},
}

@inproceedings{GDSBenchmark,
  author={Mucong Ding and 
          Kezhi Kong and 
          Jiuhai Chen and 
          John Kirchenbauer and 
          Micah Goldblum and 
          David Wipf and
          Furong Huang and
          Tom Goldstein}, 
  title={A closer look at distribution shifts and out-of-distribution generalization on graphs},
  booktitle = {NeurIPS Workshop},
  year={2021},
}

@article{DrugOOD,
  author       = {Yuanfeng Ji and
                  Lu Zhang and
                  Jiaxiang Wu and
                  Bingzhe Wu and
                  Long{-}Kai Huang and
                  Tingyang Xu and
                  Yu Rong and
                  Lanqing Li and
                  Jie Ren and
                  Ding Xue and
                  Houtim Lai and
                  Shaoyong Xu and
                  Jing Feng and
                  Wei Liu and
                  Ping Luo and
                  Shuigeng Zhou and
                  Junzhou Huang and
                  Peilin Zhao and
                  Yatao Bian},
  title        = {DrugOOD: Out-of-Distribution {(OOD)} Dataset Curator and Benchmark
                  for AI-aided Drug Discovery - {A} Focus on Affinity Prediction Problems
                  with Noise Annotations},
  journal      = {CoRR},
  year         = {2022},
}

% good G
@inproceedings{CIGA,
  author       = {Yongqiang Chen and
                  Yonggang Zhang and
                  Yatao Bian and
                  Han Yang and
                  Kaili Ma and
                  Binghui Xie and
                  Tongliang Liu and
                  Bo Han and
                  James Cheng},
  title        = {Learning Causally Invariant Representations for Out-of-Distribution
                  Generalization on Graphs},
  booktitle    = {NeurIPS},
  year         = {2022},
}

@inproceedings{OODLink,
  author       = {Yangze Zhou and
                  Gitta Kutyniok and
                  Bruno Ribeiro},
  title        = {{OOD} Link Prediction Generalization Capabilities of Message-Passing
                  GNNs in Larger Test Graphs},
  booktitle    = {NeurIPS},
  year         = {2022},
}

@article{GOODSurvey,
  author       = {Haoyang Li and
                  Xin Wang and
                  Ziwei Zhang and
                  Wenwu Zhu},
  title        = {Out-Of-Distribution Generalization on Graphs: {A} Survey},
  journal      = {CoRR},
  year         = {2022},
}

@inproceedings{MoleOOD,
  author       = {Nianzu Yang and
                  Kaipeng Zeng and
                  Qitian Wu and
                  Xiaosong Jia and
                  Junchi Yan},
  title        = {Learning Substructure Invariance for Out-of-Distribution Molecular
                  Representations},
  booktitle    = {NeurIPS},
  year         = {2022},
}

% health care
@article{GraphMedicalDiagnosis,
  author       = {David Ahmedt{-}Aristizabal and
                  Mohammad Ali Armin and
                  Simon Denman and
                  Clinton Fookes and
                  Lars Petersson},
  title        = {Graph-Based Deep Learning for Medical Diagnosis and Analysis: Past,
                  Present and Future},
  journal      = {Sensors},
  volume       = {21},
  number       = {14},
  pages        = {4758},
  year         = {2021},
  url          = {https://doi.org/10.3390/s21144758},
  doi          = {10.3390/S21144758},
  timestamp    = {Mon, 05 Feb 2024 20:19:42 +0100},
  biburl       = {https://dblp.org/rec/journals/sensors/Ahmedt-Aristizabal21.bib},
  bibsource    = {dblp computer science bibliography, https://dblp.org}
}

@article{medicalDiagnoisis,
  author       = {Tianshi Cao and
                  Chinwei Huang and
                  David Yu{-}Tung Hui and
                  Joseph Paul Cohen},
  title        = {A Benchmark of Medical Out of Distribution Detection},
  journal      = {CoRR},
  volume       = {abs/2007.04250},
  year         = {2020},
  url          = {https://arxiv.org/abs/2007.04250},
  eprinttype    = {arXiv},
  eprint       = {2007.04250},
  timestamp    = {Sun, 02 Oct 2022 15:32:02 +0200},
  biburl       = {https://dblp.org/rec/journals/corr/abs-2007-04250.bib},
  bibsource    = {dblp computer science bibliography, https://dblp.org}
}

@article{HealthForecast,
  author       = {Seungyeon Lee and
                  Changchang Yin and
                  Ping Zhang},
  title        = {Stable clinical risk prediction against distribution shift in electronic
                  health records},
  journal      = {Patterns},
  year         = {2023},
}

@article{HealthOOD,
  author       = {Mauro Giuffr{\`{e}} and
                  Dennis L. Shung},
  title        = {Harnessing the power of synthetic data in healthcare: innovation,
                  application, and privacy},
  journal      = {npj Digit. Medicine},
  year         = {2023},
}

% ood-d research
@article{OODD,
  author       = {Jingkang Yang and
                  Kaiyang Zhou and
                  Yixuan Li and
                  Ziwei Liu},
  title        = {Generalized Out-of-Distribution Detection: {A} Survey},
  journal      = {CoRR},
  year         = {2021},
}

@inproceedings{LRatio_OODD,
  author       = {Jie Ren and
                  Peter J. Liu and
                  Emily Fertig and
                  Jasper Snoek and
                  Ryan Poplin and
                  Mark A. DePristo and
                  Joshua V. Dillon and
                  Balaji Lakshminarayanan},
  title        = {Likelihood Ratios for Out-of-Distribution Detection},
  booktitle    = {NeurIPS},
  year         = {2019},
}

@article{NLPOODD,
  author       = {Hao Lang and
                  Yinhe Zheng and
                  Yixuan Li and
                  Jian Sun and
                  Fei Huang and
                  Yongbin Li},
  title        = {A Survey on Out-of-Distribution Detection in {NLP}},
  journal      = {CoRR},
  year         = {2023},
}

% Non-ood exposure
@inproceedings{GOOD-cert,
  author       = {Julian Bitterwolf and
                  Alexander Meinke and
                  Matthias Hein},
  title        = {Certifiably Adversarially Robust Detection of Out-of Distribution Data},
  booktitle    = {NeurIPS},
  year         = {2020},
}

@inproceedings{RND,
  author       = {Sung{-}Ik Choi and
                  Sae{-}Young Chung},
  title        = {Novelty Detection Via Blurring},
  booktitle    = {ICLR},
  year         = {2020},
}

@inproceedings{ATOM,
  author       = {Jiefeng Chen and
                  Yixuan Li and
                  Xi Wu and
                  Yingyu Liang and
                  Somesh Jha},
  title        = {{ATOM:} Robustifying Out-of-Distribution Detection Using Outlier Mining},
  booktitle    = {ECML PKDD},
  year         = {2021},
}

@inproceedings{Gen-ODIN,
  author       = {Yen{-}Chang Hsu and
                  Yilin Shen and
                  Hongxia Jin and
                  Zsolt Kira},
  title        = {Generalized {ODIN:} Detecting Out-of-Distribution Image Without Learning
                  From Out-of-Distribution Data},
  booktitle    = {CVPR},
  year         = {2020}
}
@inproceedings{WhyReLU,
  author       = {Matthias Hein and
                  Maksym Andriushchenko and
                  Julian Bitterwolf},
  title        = {Why ReLU Networks Yield High-Confidence Predictions Far Away From
                  the Training Data and How to Mitigate the Problem},
  booktitle    = {CVPR},
  year         = {2019},
}

@inproceedings{Ensemble,
  author       = {Apoorv Vyas and
                  Nataraj Jammalamadaka and
                  Xia Zhu and
                  Dipankar Das and
                  Bharat Kaul and
                  Theodore L. Willke},
  title        = {Out-of-Distribution Detection Using an Ensemble of Self Supervised
                  Leave-Out Classifiers},
  booktitle    = {ECCV},
  year         = {2018},
}

% general ood d - synthetic
@inproceedings{ConfOOD,
  author       = {Kimin Lee and
                  Honglak Lee and
                  Kibok Lee and
                  Jinwoo Shin},
  title        = {Training Confidence-calibrated Classifiers for Detecting Out-of-Distribution
                  Samples},
  booktitle    = {ICLR},
  year         = {2018},
}

@inproceedings{EBFeat,
  author       = {Marc Lafon and
                  Elias Ramzi and
                  Cl{\'{e}}ment Rambour and
                  Nicolas Thome},
  title        = {Hybrid Energy Based Model in the Feature Space for Out-of-Distribution
                  Detection},
  booktitle    = {ICML},
  year         = {2023},
}

@inproceedings{RPRW,
  author       = {Xue Jiang and
                  Feng Liu and
                  Zhen Fang and
                  Hong Chen and
                  Tongliang Liu and
                  Feng Zheng and
                  Bo Han},
  title        = {Detecting Out-of-distribution Data through In-distribution Class Prior},
  booktitle    = {ICML},
  year         = {2023},
}

% general ood d - pretrain
@inproceedings{regOOD,
  author       = {Wenjian Huang and
                  Hao Wang and
                  Jiahao Xia and
                  Chengyan Wang and
                  Jianguo Zhang},
  title        = {Density-driven Regularization for Out-of-distribution Detection},
  booktitle    = {NeurIPS},
  year         = {2022},
}

@inproceedings{MSP,
  author       = {Dan Hendrycks and
                  Kevin Gimpel},
  title        = {A Baseline for Detecting Misclassified and Out-of-Distribution Examples
                  in Neural Networks},
  booktitle    = {ICLR},
  year         = {2017},
}

@inproceedings{Mahalanobis,
  author       = {Kimin Lee and
                  Kibok Lee and
                  Honglak Lee and
                  Jinwoo Shin},
  title        = {A Simple Unified Framework for Detecting Out-of-Distribution Samples
                  and Adversarial Attacks},
  booktitle    = {NeurIPS},
  year         = {2018},
}

% good d
@article{SGOOD,
  author       = {Zhihao Ding and
                  Jieming Shi},
  title        = {{SGOOD:} Substructure-enhanced Graph-Level Out-of-Distribution Detection},
  journal      = {CoRR},
  year         = {2023},
}

@inproceedings{OODGAT,
  author       = {Yu Song and
                  Donglin Wang},
  title        = {Learning on Graphs with Out-of-Distribution Nodes},
  booktitle    = {KDD},
  year         = {2022},
}

@inproceedings{grasp,
  author={Longfei Ma and
          Yiyou Sun and 
          Kaize Ding and 
          Fei Wu},  
  title={Score Propagation as a Catalyst for Graph Out-of-distribution Detection: A Theoretical and Empirical Study},
  booktitle = {ICLR},  
  year={2023},
}

@inproceedings{GOODAT,
  author       = {Luzhi Wang and
                  Dongxiao He and
                  He Zhang and
                  Yixin Liu and
                  Wenjie Wang and
                  Shirui Pan and
                  Di Jin and
                  Tat{-}Seng Chua},
  title        = {{GOODAT:} Towards Test-Time Graph Out-of-Distribution Detection},
  booktitle    = {AAAI},
  year         = {2024},
}

% good d use ood
@inproceedings{LMN,
  author       = {Tiancheng Huang and
                  Donglin Wang and
                  Yuan Fang and
                  Zhengyu Chen},
  title        = {End-to-End Open-Set Semi-Supervised Node Classification with Out-of-Distribution
                  Detection},
  booktitle    = {IJCAI},
  year         = {2022},
}

@inproceedings{UGTs,
  author       = {Tianjin Huang and
                  Tianlong Chen and
                  Meng Fang and
                  Vlado Menkovski and
                  Jiaxu Zhao and
                  Lu Yin and
                  Yulong Pei and
                  Decebal Constantin Mocanu and
                  Zhangyang Wang and
                  Mykola Pechenizkiy and
                  Shiwei Liu},
  title        = {You Can Have Better Graph Neural Networks by Not Training Weights
                  at All: Finding Untrained GNNs Tickets},
  booktitle    = {LoG},
  year         = {2022},
}

@article{G_UQ,
  author       = {Puja Trivedi and
                  Mark Heimann and
                  Rushil Anirudh and
                  Danai Koutra and
                  Jayaraman J. Thiagarajan},
  title        = {Accurate and Scalable Estimation of Epistemic Uncertainty for Graph
                  Neural Networks},
  journal      = {ICLR},
  year         = {2024},
}

@inproceedings{EMP,
  author       = {Lina Yang and
                  Bin Lu and
                  Xiaoying Gan},
  title        = {Graph Open-Set Recognition via Entropy Message Passing},
  booktitle    = {ICDM},
  year         = {2023},
}

@inproceedings{advOOD,
  author={Kuan Li and 
          YiWen Chen and 
          Yang Liu and 
          Jin Wang and 
          Qing He and 
          Minhao Cheng and 
          Xiang Ao},
  title={Boosting the Adversarial Robustness of Graph Neural Networks: An OOD Perspective},
  booktitle={ICLR},
  year={2024},
}

% good d use ood 
@inproceedings{SLW,
  author={Han Wang and
          Yixuan Li},
  title={A Graph-Theoretic Framework for Joint OOD Generalization and Detection},
  booktitle = {CoRR},
  year={2023},
}

% good d syn
@article{MOL_DIF,
  author      = {Xu Shen and 
                 Yili  Wang and 
                 Kaixiong Zhou and 
                 Shirui Pan and 
                 Xin Wang},
  title       = {Optimizing OOD Detection in Molecular Graphs: A Novel Approach with Diffusion Models},
  journal     = {CoRR},
  year        = {2024},
}

%OOD exposure
@inproceedings{OE,
  author       = {Dan Hendrycks and
                  Mantas Mazeika and
                  Thomas G. Dietterich},
  title        = {Deep Anomaly Detection with Outlier Exposure},
  booktitle    = {ICLR},
  year         = {2019},
}

@inproceedings{ATOL,
  author       = {Haotian Zheng and
                  Qizhou Wang and
                  Zhen Fang and
                  Xiaobo Xia and
                  Feng Liu and
                  Tongliang Liu and
                  Bo Han},
  title        = {Out-of-distribution Detection Learning with Unreliable Out-of-distribution
                  Sources},
  booktitle    = {NeurIPS},
  year         = {2023},
}

@inproceedings{SAL,
  author       = {Xuefeng Du and
                  Zhen Fang and
                  Ilias Diakonikolas and
                  Yixuan Li},
  title        = {How Does Unlabeled Data Provably Help Out-of-Distribution Detection?},
  booktitle      = {ICLR},
  year         = {2024},
}

@inproceedings{FocalOE,
  author       = {Qichao Chen and
                  Zhiyuan Chen and
                  Tom{\'{a}}s Maul and
                  Kuan Li and
                  Jianping Yin},
  title        = {Outlier Exposure with Focal Loss for Out-of-distribution Detection},
  booktitle    = {ACAI},
  year         = {2023},
}

@article{GenOE,
  author      ={Jiin Koo and 
                Sungjoon Choi and 
                Sangheum Hwang},  
  title       ={Generalized Outlier Exposure: Towards a trustworthy out-of-distribution detector without sacrificing accuracy},
  journal     ={Neurocomputing},
  year        ={2024}
}

@article{OECC,
  author       = {Aristotelis{-}Angelos Papadopoulos and
                  Mohammad Reza Rajati and
                  Nazim Shaikh and
                  Jiamian Wang},
  title        = {Outlier exposure with confidence control for out-of-distribution detection},
  journal      = {Neurocomputing},
  year         = {2021},
}

%ood syn
@inproceedings{VOS,
  author       = {Xuefeng Du and
                  Zhaoning Wang and
                  Mu Cai and
                  Yixuan Li},
  title        = {{VOS:} Learning What You Don't Know by Virtual Outlier Synthesis},
  booktitle    = {ICLR},
  year         = {2022},
}

%ood syn use pretrain
@inproceedings{NPOS,
  author       = {Leitian Tao and
                  Xuefeng Du and
                  Jerry Zhu and
                  Yixuan Li},
  title        = {Non-parametric Outlier Synthesis},
  booktitle    = {ICLR},
  year         = {2023},
}

@article{manifold,
  author       = {Sachin Vernekar and
                  Ashish Gaurav and
                  Vahdat Abdelzad and
                  Taylor Denouden and
                  Rick Salay and
                  Krzysztof Czarnecki},
  title        = {Out-of-distribution Detection in Classifiers via Generation},
  journal      = {CoRR},
  year         = {2019},
}

@inproceedings{Likelihood,
  author       = {Joan Serr{\`{a}} and
                  David {\'{A}}lvarez and
                  Vicen{\c{c}} G{\'{o}}mez and
                  Olga Slizovskaia and
                  Jos{\'{e}} F. N{\'{u}}{\~{n}}ez and
                  Jordi Luque},
  title        = {Input Complexity and Out-of-distribution Detection with Likelihood-based
                  Generative Models},
  booktitle    = {ICLR},
  year         = {2020},
}

@inproceedings{LRegret,
  author       = {Zhisheng Xiao and
                  Qing Yan and
                  Yali Amit},
  title        = {Likelihood Regret: An Out-of-Distribution Detection Score For Variational
                  Auto-encoder},
  booktitle    = {NeurIPS},
  year         = {2020},
}

@inproceedings{GenAnalysis,
  author       = {Ziyu Wang and
                  Bin Dai and
                  David P. Wipf and
                  Jun Zhu},
  title        = {Further Analysis of Outlier Detection with Deep Generative Models},
  booktitle    = {NeurIPS},
  year         = {2020},
}

@inproceedings{GenUnknown,
  author       = {Eric T. Nalisnick and
                  Akihiro Matsukawa and
                  Yee Whye Teh and
                  Dilan G{\"{o}}r{\"{u}}r and
                  Balaji Lakshminarayanan},
  title        = {Do Deep Generative Models Know What They Don't Know?},
  booktitle    = {ICLR},
  year         = {2019},
}

@inproceedings{Hierarc,
  author       = {Robin Schirrmeister and
                  Yuxuan Zhou and
                  Tonio Ball and
                  Dan Zhang},
  title        = {Understanding Anomaly Detection with Deep Invertible Networks through
                  Hierarchies of Distributions and Features},
  booktitle    = {NeurIPS},
  year         = {2020},
}

% latent dif
@article{NGG,
  author       = {Iakovos Evdaimon and
                  Giannis Nikolentzos and
                  Michail Chatzianastasis and
                  Hadi Abdine and
                  Michalis Vazirgiannis},
  title        = {Neural Graph Generator: Feature-Conditioned Graph Generation using
                  Latent Diffusion Models},
  journal      = {CoRR},
  year         = {2024},
}

@article{LatentDIF,
  author       = {Cai Zhou and
                  Xiyuan Wang and
                  Muhan Zhang},
  title        = {Latent Graph Diffusion: {A} Unified Framework for Generation and Prediction
                  on Graphs},
  journal      = {CoRR},
  year         = {2024},
}

@inproceedings{DDPM,
  author       = {Jonathan Ho and
                  Ajay Jain and
                  Pieter Abbeel},
  title        = {Denoising Diffusion Probabilistic Models},
  booktitle    = {NeurIPS},
  year         = {2020}
}

@article{FS-OOD,
  author       = {Jingkang Yang and
                  Kaiyang Zhou and
                  Ziwei Liu},
  title        = {Full-Spectrum Out-of-Distribution Detection},
  journal      = {Int. J. Comput. Vis.},
  year         = {2023},}
}

@inproceedings{Adam,
  author       = {Diederik P. Kingma and
                  Jimmy Ba},
  title        = {Adam: {A} Method for Stochastic Optimization},
  booktitle    = {ICLR},
  year         = {2015},
}

@inproceedings{sd,
  author       = {Robin Rombach and
                  Andreas Blattmann and
                  Dominik Lorenz and
                  Patrick Esser and
                  Bj{\"{o}}rn Ommer},
  title        = {High-Resolution Image Synthesis with Latent Diffusion Models},
  booktitle    = {CVPR},
  year         = {2022},
}

@inproceedings{BadGAN,
  author       = {Zihang Dai and
                  Zhilin Yang and
                  Fan Yang and
                  William W. Cohen and
                  Ruslan Salakhutdinov},
  title        = {Good Semi-supervised Learning That Requires a Bad {GAN}},
  booktitle    = {NeurIPS},
  year         = {2017}
}

% datasets
@article{Twitch_Gamers,
  author       = {Benedek Rozemberczki and
                  Rik Sarkar},
  title        = {Twitch Gamers: a Dataset for Evaluating Proximity Preserving and Structural
                  Role-based Node Embeddings},
  journal      = {CoRR},
  year         = {2021},
}

@article{Cora,
  author       = {Prithviraj Sen and
                  Galileo Namata and
                  Mustafa Bilgic and
                  Lise Getoor and
                  Brian Gallagher and
                  Tina Eliassi{-}Rad},
  title        = {Collective Classification in Network Data},
  journal      = {{AI} Mag.},
  year         = {2008},
}

@inproceedings{AmazonPhoto,
  author       = {Julian J. McAuley and
                  Christopher Targett and
                  Qinfeng Shi and
                  Anton van den Hengel},
  title        = {Image-Based Recommendations on Styles and Substitutes},
  booktitle    = {SIGIR},
  year         = {2015},
}

@inproceedings{Coauthor-CS,
  author       = {Arnab Sinha and
                  Zhihong Shen and
                  Yang Song and
                  Hao Ma and
                  Darrin Eide and
                  Bo{-}June Paul Hsu and
                  Kuansan Wang},
  title        = {An Overview of Microsoft Academic Service {(MAS)} and Applications},
  booktitle    = {WWW},
  year         = {2015},
}

@inproceedings{Arxiv,
  author       = {Weihua Hu and
                  Matthias Fey and
                  Marinka Zitnik and
                  Yuxiao Dong and
                  Hongyu Ren and
                  Bowen Liu and
                  Michele Catasta and
                  Jure Leskovec},
  title        = {Open Graph Benchmark: Datasets for Machine Learning on Graphs},
  booktitle    = {NeurIPS},
  year         = {2020},
}

@article{GFM,
  author       = {Jiawei Liu and
                  Cheng Yang and
                  Zhiyuan Lu and
                  Junze Chen and
                  Yibo Li and
                  Mengmei Zhang and
                  Ting Bai and
                  Yuan Fang and
                  Lichao Sun and
                  Philip S. Yu and
                  Chuan Shi},
  title        = {Towards Graph Foundation Models: {A} Survey and Beyond},
  journal      = {CoRR},
  year         = {2023},
}

@inproceedings{GDE_OOD,
  author       = {Tianyi Bao and
                  Qitian Wu and
                  Zetian Jiang and
                  Yiting Chen and
                  Jiawei Sun and
                  Junchi Yan},
  title        = {Graph Out-of-Distribution Detection Goes Neighborhood Shaping},
  booktitle    = {ICML},
  year         = {2024}
}

@inproceedings{VAE,
  author       = {Diederik P. Kingma and
                  Max Welling},
  title        = {Auto-Encoding Variational Bayes},
  booktitle    = {ICLR},
  year         = {2014},
}

@inproceedings{NODESAFE,
  author       = {Shenzhi Yang and
                  Bin Liang and
                  An Liu and
                  Lin Gui and
                  Xingkai Yao and
                  Xiaofang Zhang},
  title        = {Bounded and Uniform Energy-based Out-of-distribution Detection for
                  Graphs},
  booktitle    = {ICML},
  year         = {2024},
}

@inproceedings{GAT,
  author       = {Petar Velickovic and
                  Guillem Cucurull and
                  Arantxa Casanova and
                  Adriana Romero and
                  Pietro Li{\`{o}} and
                  Yoshua Bengio},
  title        = {Graph Attention Networks},
  booktitle    = {ICLR},
  year         = {2018},
}

@inproceedings{MixHop,
  author       = {Sami Abu{-}El{-}Haija and
                  Bryan Perozzi and
                  Amol Kapoor and
                  Nazanin Alipourfard and
                  Kristina Lerman and
                  Hrayr Harutyunyan and
                  Greg Ver Steeg and
                  Aram Galstyan},
  title        = {MixHop: Higher-Order Graph Convolutional Architectures via Sparsified
                  Neighborhood Mixing},
  booktitle    = {ICML},
  year         = {2019},
}