@article{bui2024removing,
  title={Removing undesirable concepts in text-to-image generative models with learnable prompts},
  author={Bui, Anh and Doan, Khanh and Le, Trung and Montague, Paul and Abraham, Tamas and Phung, Dinh},
  journal={arXiv preprint arXiv:2403.12326},
  year={2024}
}

@article{chavhan2024conceptprune,
  title={{ConceptPrune}: Concept editing in diffusion models via skilled neuron pruning},
  author={Chavhan, Ruchika and Li, Da and Hospedales, Timothy},
  journal={arXiv preprint arXiv:2405.19237},
  year={2024}
}

@inproceedings{fan2023salun,
  title={{SalUn}: Empowering machine unlearning via gradient-based weight saliency in both image classification and generation},
  author={Fan, Chongyu and Liu, Jiancheng and Zhang, Yihua and Wei, Dennis and Wong, Eric and Liu, Sijia},
  booktitle={International Conference on Learning Representations},
  year={2024}
}

@inproceedings{gandikota2023erasing,
  title={Erasing concepts from diffusion models},
  author={Gandikota, Rohit and Materzynska, Joanna and Fiotto-Kaufman, Jaden and Bau, David},
  booktitle={Proceedings of the IEEE/CVF International Conference on Computer Vision},
  pages={2426--2436},
  year={2023}
}

@inproceedings{gandikota2024unified,
  title={Unified concept editing in diffusion models},
  author={Gandikota, Rohit and Orgad, Hadas and Belinkov, Yonatan and Materzy{\'n}ska, Joanna and Bau, David},
  booktitle={Proceedings of the IEEE/CVF Winter Conference on Applications of Computer Vision},
  pages={5111--5120},
  year={2024}
}

@article{gong2024reliable,
  title={Reliable and efficient concept erasure of text-to-image diffusion models},
  author={Gong, Chao and Chen, Kai and Wei, Zhipeng and Chen, Jingjing and Jiang, Yu-Gang},
  journal={arXiv preprint arXiv:2407.12383},
  year={2024}
}

@inproceedings{hu2021lora,
  title={{LoRA}: Low-rank adaptation of large language models},
  author={Hu, Edward J and Shen, Yelong and Wallis, Phillip and Allen-Zhu, Zeyuan and Li, Yuanzhi and Wang, Shean and Wang, Lu and Chen, Weizhu},
  booktitle={International Conference on Learning Representations},
  year={2021}
}

@article{huang2023receler,
  title={Receler: Reliable concept erasing of text-to-image diffusion models via lightweight erasers},
  author={Huang, Chi-Pin and Chang, Kai-Po and Tsai, Chung-Ting and Lai, Yung-Hsuan and Wang, Yu-Chiang Frank},
  journal={arXiv preprint arXiv:2311.17717},
  year={2023}
}

@article{kim2024race,
  title={{RACE}: Robust adversarial concept erasure for secure text-to-image diffusion model},
  author={Kim, Changhoon and Min, Kyle and Yang, Yezhou},
  journal={arXiv preprint arXiv:2405.16341},
  year={2024}
}

@inproceedings{kumari2023ablating,
  title={Ablating concepts in text-to-image diffusion models},
  author={Kumari, Nupur and Zhang, Bingliang and Wang, Sheng-Yu and Shechtman, Eli and Zhang, Richard and Zhu, Jun-Yan},
  booktitle={Proceedings of the IEEE/CVF International Conference on Computer Vision},
  pages={22691--22702},
  year={2023}
}

@inproceedings{liu2025latent,
  title={Latent guard: A safety framework for text-to-image generation},
  author={Liu, Runtao and Khakzar, Ashkan and Gu, Jindong and Chen, Qifeng and Torr, Philip and Pizzati, Fabio},
  booktitle={European Conference on Computer Vision},
  pages={93--109},
  year={2024}
}

@inproceedings{lu2024mace,
  title={Mace: Mass concept erasure in diffusion models},
  author={Lu, Shilin and Wang, Zilan and Li, Leyang and Liu, Yanzhu and Kong, Adams Wai-Kin},
  booktitle={Proceedings of the IEEE/CVF Conference on Computer Vision and Pattern Recognition},
  pages={6430--6440},
  year={2024}
}

@article{meng2024dark,
  title={Dark Miner: Defend against unsafe generation for text-to-image diffusion models},
  author={Meng, Zheling and Peng, Bo and Jin, Xiaochuan and Jiang, Yue and Dong, Jing and Wang, Wei and Tan, Tieniu},
  journal={arXiv preprint arXiv:2409.17682},
  year={2024}
}

@article{pham2024robust,
  title={Robust concept erasure using task vectors},
  author={Pham, Minh and Marshall, Kelly O and Hegde, Chinmay and Cohen, Niv},
  journal={arXiv preprint arXiv:2404.03631},
  year={2024}
}

@inproceedings{schramowski2023safe,
  title={Safe latent diffusion: Mitigating inappropriate degeneration in diffusion models},
  author={Schramowski, Patrick and Brack, Manuel and Deiseroth, Bj{\"o}rn and Kersting, Kristian},
  booktitle={Proceedings of the IEEE/CVF Conference on Computer Vision and Pattern Recognition},
  pages={22522--22531},
  year={2023}
}

@inproceedings{wang2022finding,
  title={Finding skill neurons in pre-trained transformer-based language models},
  author={Wang, Xiaozhi and Wen, Kaiyue and Zhang, Zhengyan and Hou, Lei and Liu, Zhiyuan and Li, Juanzi},
  booktitle={Proceedings of the 2022 Conference on Empirical Methods in Natural Language Processing},
  pages={11132--11152},
  year={2022}
}

@article{yang2024guardt2i,
  title={{GuardT2I}: Defending Text-to-Image Models from Adversarial Prompts},
  author={Yang, Yijun and Gao, Ruiyuan and Yang, Xiao and Zhong, Jianyuan and Xu, Qiang},
  journal={arXiv preprint arXiv:2403.01446},
  year={2024}
}

@article{yang2024pruning,
  title={Pruning for robust concept erasing in diffusion models},
  author={Yang, Tianyun and Cao, Juan and Xu, Chang},
  journal={arXiv preprint arXiv:2405.16534},
  year={2024}
}

@article{yoon2024safree,
  title={{SAFREE}: Training-free and adaptive guard for safe text-to-image and video generation},
  author={Yoon, Jaehong and Yu, Shoubin and Patil, Vaidehi and Yao, Huaxiu and Bansal, Mohit},
  journal={arXiv preprint arXiv:2410.12761},
  year={2024}
}

@inproceedings{zhang2023forget,
  title={Forget-me-not: Learning to forget in text-to-image diffusion models},
  author={Zhang, Gong and Wang, Kai and Xu, Xingqian and Wang, Zhangyang and Shi, Humphrey},
  booktitle={Proceedings of the IEEE/CVF Conference on Computer Vision and Pattern Recognition},
  pages={1755--1764},
  year={2024}
}

@article{zhang2024defensive,
  title={Defensive unlearning with adversarial training for robust concept erasure in diffusion models},
  author={Zhang, Yimeng and Chen, Xin and Jia, Jinghan and Zhang, Yihua and Fan, Chongyu and Liu, Jiancheng and Hong, Mingyi and Ding, Ke and Liu, Sijia},
  journal={arXiv preprint arXiv:2405.15234},
  year={2024}
}

