@inproceedings{DRIT,
  author = {Lee, Hsin-Ying and Tseng, Hung-Yu and Huang, Jia-Bin and Singh, Maneesh Kumar and Yang, Ming-Hsuan},
  booktitle = {Proceedings of the European Conference on Computer Vision},
  title = {Diverse Image-to-Image Translation via Disentangled Representations},
  year = {2018}
}

@article{DRIT_plus,
  author = {Lee, Hsin-Ying and Tseng, Hung-Yu and Mao, Qi and Huang, Jia-Bin and Lu, Yu-Ding and Singh, Maneesh Kumar and Yang, Ming-Hsuan},
  title = {{DRIT++}: {Diverse} Image-to-Image Translation via Disentangled Representations},
  journal={International Journal of Computer Vision},
  pages={1--16},
  year={2020}
}

@inproceedings{huang2018munit,
  title={Multimodal Unsupervised Image-to-image Translation},
  author={Huang, Xun and Liu, Ming-Yu and Belongie, Serge and Kautz, Jan},
  booktitle={Proceedings of the European Conference on Computer Vision},
  year={2018}
}

@article{liu2019collocating,
  title={Collocating Clothes with Generative Adversarial Networks Cosupervised by Categories and Attributes: {A} Multidiscriminator Framework},
  author={Liu, Linlin and Zhang, Haijun and Xu, Xiaofei and Zhang, Zhao and Yan, Shuicheng},
  journal={IEEE Transactions on Neural Networks and Learning Systems},
  volume={31},
  number={9},
  pages={3540--3554},
  year={2019},
  publisher={IEEE}
}

@article{liu2019toward,
  title={Toward {AI} Fashion Design: {An Attribute-GAN} Model for Clothing Match},
  author={Liu, Linlin and Zhang, Haijun and Ji, Yuzhu and Wu, QM Jonathan},
  journal={Neurocomputing},
  volume={341},
  pages={156--167},
  year={2019},
  publisher={Elsevier}
}

@article{mao2022continuous,
  title={Continuous and Diverse Image-to-image Translation via Signed Attribute Vectors},
  author={Mao, Qi and Tseng, Hung-Yu and Lee, Hsin-Ying and Huang, Jia-Bin and Ma, Siwei and Yang, Ming-Hsuan},
  journal={International Journal of Computer Vision},
  volume={130},
  number={2},
  pages={517--549},
  year={2022},
  publisher={Springer}
}

@inproceedings{yu2019personalized,
  title={Personalized Fashion Design},
  author={Yu, Cong and Hu, Yang and Chen, Yan and Zeng, Bing},
  booktitle={Proceedings of the IEEE/CVF International Conference on Computer Vision},
  pages={9046--9055},
  year={2019}
}

@article{zhou2022coutfitgan,
  title={{COutfitGAN}: {Learning} to Synthesize Compatible Outfits Supervised by Silhouette Masks and Fashion Styles},
  author={Zhou, Dongliang and Zhang, Haijun and Li, Qun and Ma, Jianghong and Xu, Xiaofei},
  journal={IEEE Transactions on Multimedia},
  year={2022},
  publisher={IEEE}
}

@article{zhou2022learning,
  title={Learning to Synthesize Compatible Fashion Items Using Semantic Alignment and Collocation Classification: {An} Outfit Generation Framework},
  author={Zhou, Dongliang and Zhang, Haijun and Kai, Yang and Liu, Linlin and Yan, Han and Xu, Xiaofei and Zhang, Zhao and Yan, Shuicheng},
  journal={IEEE Transactions on Neural Networks and Learning Systems},
  year={2022},
  publisher={IEEE}
}

