
% Journals

% First the Full Name is given, then the abbreviation used in the AMS Math
% Reviews, with an indication if it could not be found there.
% Note the 2nd overwrites the 1st, so swap them if you want the full name.

 %{AMS}
 @String{AMSTrans = "American Mathematical Society Translations" }
 @String{AMSTrans = "Amer. Math. Soc. Transl." }
 @String{BullAMS = "Bulletin of the American Mathematical Society" }
 @String{BullAMS = "Bull. Amer. Math. Soc." }
 @String{ProcAMS = "Proceedings of the American Mathematical Society" }
 @String{ProcAMS = "Proc. Amer. Math. Soc." }
 @String{TransAMS = "Transactions of the American Mathematical Society" }
 @String{TransAMS = "Trans. Amer. Math. Soc." }

 %ACM
 @String{CACM = "Communications of the {ACM}" }
 @String{CACM = "Commun. {ACM}" }
 @String{CompServ = "Comput. Surveys" }
 @String{JACM = "J. ACM" }
 @String{ACMMathSoft = "{ACM} Transactions on Mathematical Software" }
 @String{ACMMathSoft = "{ACM} Trans. Math. Software" }
 @String{SIGNUM = "{ACM} {SIGNUM} Newsletter" }
 @String{SIGNUM = "{ACM} {SIGNUM} Newslett." }

 @String{AmerSocio = "American Journal of Sociology" }
 @String{AmerStatAssoc = "Journal of the American Statistical Association" }
 @String{AmerStatAssoc = "J. Amer. Statist. Assoc." }
 @String{ApplMathComp = "Applied Mathematics and Computation" }
 @String{ApplMathComp = "Appl. Math. Comput." }
 @String{AmerMathMonthly = "American Mathematical Monthly" }
 @String{AmerMathMonthly = "Amer. Math. Monthly" }
 @String{BIT = "{BIT}" }
 @String{BritStatPsych = "British Journal of Mathematical and Statistical
          Psychology" }
 @String{BritStatPsych = "Brit. J. Math. Statist. Psych." }
 @String{CanMathBull = "Canadian Mathematical Bulletin" }
 @String{CanMathBull = "Canad. Math. Bull." }
 @String{CompApplMath = "Journal of Computational and Applied Mathematics" }
 @String{CompApplMath = "J. Comput. Appl. Math." }
 @String{CompPhys = "Journal of Computational Physics" }
 @String{CompPhys = "J. Comput. Phys." }
 @String{CompStruct = "Computers and Structures" }
 @String{CompStruct = "Comput. \& Structures" }
 @String{CompJour = "The Computer Journal" }
 @String{CompJour = "Comput. J." }
 @String{CompSysSci = "Journal of Computer and System Sciences" }
 @String{CompSysSci = "J. Comput. System Sci." }
 @String{Computing = "Computing" }
 @String{ContempMath = "Contemporary Mathematics" }
 @String{ContempMath = "Contemp. Math." }
 @String{Crelle = "Crelle's Journal" }
 @String{GiornaleMath = "Giornale di Mathematiche" }
 @String{GiornaleMath = "Giorn. Mat." } % didn't find in AMS MR., ibid.

 %IEEE
 @String{Computer = "{IEEE} Computer" }
 @String{IEEETransComp = "{IEEE} Transactions on Computers" }
 @String{IEEETransComp = "{IEEE} Trans. Comput." }
 @String{IEEETransAC = "{IEEE} Transactions on Automatic Control" }
 @String{IEEETransAC = "{IEEE} Trans. Automat. Control" }
 @String{IEEESpec = "{IEEE} Spectrum" } % didn't find in AMS MR
 @String{ProcIEEE = "Proceedings of the {IEEE}" }
 @String{ProcIEEE = "Proc. {IEEE}" } % didn't find in AMS MR
 @String{IEEETransAeroElec = "{IEEE} Transactions on Aerospace and Electronic
     Systems" }
 @String{IEEETransAeroElec = "{IEEE} Trans. Aerospace Electron. Systems" }

 @String{IMANumerAna = "{IMA} Journal of Numerical Analysis" }
 @String{IMANumerAna = "{IMA} J. Numer. Anal." }
 @String{InfProcLet = "Information Processing Letters" }
 @String{InfProcLet = "Inform. Process. Lett." }
 @String{InstMathApp = "Journal of the Institute of Mathematics and
     its Applications" }
 @String{InstMathApp = "J. Inst. Math. Appl." }
 @String{IntControl = "International Journal of Control" }
 @String{IntControl = "Internat. J. Control" }
 @String{IntNumerEng = "International Journal for Numerical Methods in
     Engineering" }
 @String{IntNumerEng = "Internat. J. Numer. Methods Engrg." }
 @String{IntSuper = "International Journal of Supercomputing Applications" }
 @String{IntSuper = "Internat. J. Supercomputing Applic." } % didn't find
%% in AMS MR
 @String{Kibernetika = "Kibernetika" }
 @String{JResNatBurStand = "Journal of Research of the National Bureau
     of Standards" }
 @String{JResNatBurStand = "J. Res. Nat. Bur. Standards" }
 @String{LinAlgApp = "Linear Algebra and its Applications" }
 @String{LinAlgApp = "Linear Algebra Appl." }
 @String{MathAnaAppl = "Journal of Mathematical Analysis and Applications" }
 @String{MathAnaAppl = "J. Math. Anal. Appl." }
 @String{MathAnnalen = "Mathematische Annalen" }
 @String{MathAnnalen = "Math. Ann." }
 @String{MathPhys = "Journal of Mathematical Physics" }
 @String{MathPhys = "J. Math. Phys." }
 @String{MathComp = "Mathematics of Computation" }
 @String{MathComp = "Math. Comp." }
 @String{MathScand = "Mathematica Scandinavica" }
 @String{MathScand = "Math. Scand." }
 @String{TablesAidsComp = "Mathematical Tables and Other Aids to Computation" }
 @String{TablesAidsComp = "Math. Tables Aids Comput." }
 @String{NumerMath = "Numerische Mathematik" }
 @String{NumerMath = "Numer. Math." }
 @String{PacificMath = "Pacific Journal of Mathematics" }
 @String{PacificMath = "Pacific J. Math." }
 @String{ParDistComp = "Journal of Parallel and Distributed Computing" }
 @String{ParDistComp = "J. Parallel and Distrib. Comput." } % didn't find
%% in AMS MR
 @String{ParComputing = "Parallel Computing" }
 @String{ParComputing = "Parallel Comput." }
 @String{PhilMag = "Philosophical Magazine" }
 @String{PhilMag = "Philos. Mag." }
 @String{ProcNAS = "Proceedings of the National Academy of Sciences
                    of the USA" }
 @String{ProcNAS = "Proc. Nat. Acad. Sci. U. S. A." }
 @String{Psychometrika = "Psychometrika" }
 @String{QuartMath = "Quarterly Journal of Mathematics, Oxford, Series (2)" }
 @String{QuartMath = "Quart. J. Math. Oxford Ser. (2)" }
 @String{QuartApplMath = "Quarterly of Applied Mathematics" }
 @String{QuartApplMath = "Quart. Appl. Math." }
 @String{RevueInstStat = "Review of the International Statisical Institute" }
 @String{RevueInstStat = "Rev. Inst. Internat. Statist." }

 %SIAM
 @String{JSIAM = "Journal of the Society for Industrial and Applied
     Mathematics" }
 @String{JSIAM = "J. Soc. Indust. Appl. Math." }
 @String{JSIAMB = "Journal of the Society for Industrial and Applied
     Mathematics, Series B, Numerical Analysis" }
 @String{JSIAMB = "J. Soc. Indust. Appl. Math. Ser. B Numer. Anal." }
 @String{SIAMAlgMeth = "{SIAM} Journal on Algebraic and Discrete Methods" }
 @String{SIAMAlgMeth = "{SIAM} J. Algebraic Discrete Methods" }
 @String{SIAMAppMath = "{SIAM} Journal on Applied Mathematics" }
 @String{SIAMAppMath = "{SIAM} J. Appl. Math." }
 @String{SIAMComp = "{SIAM} Journal on Computing" }
 @String{SIAMComp = "{SIAM} J. Comput." }
 @String{SIAMMatrix = "{SIAM} Journal on Matrix Analysis and Applications" }
 @String{SIAMMatrix = "{SIAM} J. Matrix Anal. Appl." }
 @String{SIAMNumAnal = "{SIAM} Journal on Numerical Analysis" }
 @String{SIAMNumAnal = "{SIAM} J. Numer. Anal." }
 @String{SIAMReview = "{SIAM} Review" }
 @String{SIAMReview = "{SIAM} Rev." }
 @String{SIAMSciStat = "{SIAM} Journal on Scientific and Statistical
     Computing" }
 @String{SIAMSciStat = "{SIAM} J. Sci. Statist. Comput." }

 @String{SoftPracExp = "Software Practice and Experience" }
 @String{SoftPracExp = "Software Prac. Experience" } % didn't find in AMS MR
 @String{StatScience = "Statistical Science" }
 @String{StatScience = "Statist. Sci." }
 @String{Techno = "Technometrics" }
 @String{USSRCompMathPhys = "{USSR} Computational Mathematics and Mathematical
     Physics" }
 @String{USSRCompMathPhys = "{U. S. S. R.} Comput. Math. and Math. Phys." }
 @String{VLSICompSys = "Journal of {VLSI} and Computer Systems" }
 @String{VLSICompSys = "J. {VLSI} Comput. Syst." }
 @String{ZAngewMathMech = "Zeitschrift fur Angewandte Mathematik und
     Mechanik" }
 @String{ZAngewMathMech = "Z. Angew. Math. Mech." }
 @String{ZAngewMathPhys = "Zeitschrift fur Angewandte Mathematik und Physik" }
 @String{ZAngewMathPhys = "Z. Angew. Math. Phys." }

% Publishers % ================================================= |

 @String{Academic = "Academic Press" }
 @String{ACMPress = "{ACM} Press" }
 @String{AdamHilger = "Adam Hilger" }
 @String{AddisonWesley = "Addison-Wesley" }
 @String{AllynBacon = "Allyn and Bacon" }
 @String{AMS = "American Mathematical Society" }
 @String{Birkhauser = "Birkha{\"u}ser" }
 @String{CambridgePress = "Cambridge University Press" }
 @String{Chelsea = "Chelsea" }
 @String{ClaredonPress = "Claredon Press" }
 @String{DoverPub = "Dover Publications" }
 @String{Eyolles = "Eyolles" }
 @String{HoltRinehartWinston = "Holt, Rinehart and Winston" }
 @String{Interscience = "Interscience" }
 @String{JohnsHopkinsPress = "The Johns Hopkins University Press" }
 @String{JohnWileySons = "John Wiley and Sons" }
 @String{Macmillan = "Macmillan" }
 @String{MathWorks = "The Math Works Inc." }
 @String{McGrawHill = "McGraw-Hill" }
 @String{NatBurStd = "National Bureau of Standards" }
 @String{NorthHolland = "North-Holland" }
 @String{OxfordPress = "Oxford University Press" }  %address Oxford or London?
 @String{PergamonPress = "Pergamon Press" }
 @String{PlenumPress = "Plenum Press" }
 @String{PrenticeHall = "Prentice-Hall" }
 @String{SIAMPub = "{SIAM} Publications" }
 @String{Springer = "Springer-Verlag" }
 @String{TexasPress = "University of Texas Press" }
 @String{VanNostrand = "Van Nostrand" }
 @String{WHFreeman = "W. H. Freeman and Co." }

%Entries

@article{goodfellow2020generative,
  title={Generative Adversarial Networks},
  author={Goodfellow, Ian and Pouget-Abadie, Jean and Mirza, Mehdi and Xu, Bing and Warde-Farley, David and Ozair, Sherjil and Courville, Aaron and Bengio, Yoshua},
  journal={Communications of the ACM},
  volume={63},
  number={11},
  pages={139--144},
  year={2020},
  publisher={ACM New York, NY, USA}
}

@inproceedings{karras2019style,
  title={A Style-based Generator Architecture for Generative Adversarial Networks},
  author={Karras, Tero and Laine, Samuli and Aila, Timo},
  booktitle={Proceedings of the IEEE/CVF Conference on Computer Vision and Pattern Recognition},
  pages={4401--4410},
  year={2019}
}

@inproceedings{karras2020analyzing,
  title={Analyzing and Improving the Image Quality of {StyleGAN}},
  author={Karras, Tero and Laine, Samuli and Aittala, Miika and Hellsten, Janne and Lehtinen, Jaakko and Aila, Timo},
  booktitle={Proceedings of the IEEE/CVF Conference on Computer Vision and Pattern Recognition},
  pages={8110--8119},
  year={2020}
}

@article{bellman1958routing,
  title={On A Routing Problem},
  author={Bellman, Richard},
  journal={Quarterly of Applied Mathematics},
  volume={16},
  number={1},
  pages={87--90},
  year={1958}
}

@inproceedings{rombach2022high,
  title={High-resolution Image Synthesis with Latent Diffusion Models},
  author={Rombach, Robin and Blattmann, Andreas and Lorenz, Dominik and Esser, Patrick and Ommer, Bj{\"o}rn},
  booktitle={Proceedings of the IEEE/CVF Conference on Computer Vision and Pattern Recognition},
  pages={10684--10695},
  year={2022}
}

@article{zhou2022coutfitgan,
  title={{COutfitGAN}: {Learning} to Synthesize Compatible Outfits Supervised by Silhouette Masks and Fashion Styles},
  author={Zhou, Dongliang and Zhang, Haijun and Li, Qun and Ma, Jianghong and Xu, Xiaofei},
  journal={IEEE Transactions on Multimedia},
  year={2022},
  publisher={IEEE}
}

@article{zhou2022learning,
  title={Learning to Synthesize Compatible Fashion Items Using Semantic Alignment and Collocation Classification: {An} Outfit Generation Framework},
  author={Zhou, Dongliang and Zhang, Haijun and Kai, Yang and Liu, Linlin and Yan, Han and Xu, Xiaofei and Zhang, Zhao and Yan, Shuicheng},
  journal={IEEE Transactions on Neural Networks and Learning Systems},
  year={2022},
  publisher={IEEE}
}

@article{ho2020denoising,
  title={Denoising Diffusion Probabilistic Models},
  author={Ho, Jonathan and Jain, Ajay and Abbeel, Pieter},
  journal={Advances in Neural Information Processing Systems},
  volume={33},
  pages={6840--6851},
  year={2020}
}

@article{dhariwal2021diffusion,
  title={Diffusion Models Beat {GANs} on Image Synthesis},
  author={Dhariwal, Prafulla and Nichol, Alexander},
  journal={Advances in Neural Information Processing Systems},
  volume={34},
  pages={8780--8794},
  year={2021}
}

@inproceedings{huang2018munit,
  title={Multimodal Unsupervised Image-to-image Translation},
  author={Huang, Xun and Liu, Ming-Yu and Belongie, Serge and Kautz, Jan},
  booktitle={Proceedings of the European Conference on Computer Vision},
  year={2018}
}

@inproceedings{DRIT,
  author = {Lee, Hsin-Ying and Tseng, Hung-Yu and Huang, Jia-Bin and Singh, Maneesh Kumar and Yang, Ming-Hsuan},
  booktitle = {Proceedings of the European Conference on Computer Vision},
  title = {Diverse Image-to-Image Translation via Disentangled Representations},
  year = {2018}
}

@article{DRIT_plus,
  author = {Lee, Hsin-Ying and Tseng, Hung-Yu and Mao, Qi and Huang, Jia-Bin and Lu, Yu-Ding and Singh, Maneesh Kumar and Yang, Ming-Hsuan},
  title = {{DRIT++}: {Diverse} Image-to-Image Translation via Disentangled Representations},
  journal={International Journal of Computer Vision},
  pages={1--16},
  year={2020}
}

@article{mao2022continuous,
  title={Continuous and Diverse Image-to-image Translation via Signed Attribute Vectors},
  author={Mao, Qi and Tseng, Hung-Yu and Lee, Hsin-Ying and Huang, Jia-Bin and Ma, Siwei and Yang, Ming-Hsuan},
  journal={International Journal of Computer Vision},
  volume={130},
  number={2},
  pages={517--549},
  year={2022},
  publisher={Springer}
}

@inproceedings{han2017learning,
  title={Learning Fashion Compatibility with Bidirectional {LSTMs}},
  author={Han, Xintong and Wu, Zuxuan and Jiang, Yu-Gang and Davis, Larry S},
  booktitle={Proceedings of the 25th ACM international conference on Multimedia},
  pages={1078--1086},
  year={2017}
}

@inproceedings{vasileva2018learning,
  title={Learning Type-aware Embeddings for Fashion Compatibility},
  author={Vasileva, Mariya I and Plummer, Bryan A and Dusad, Krishna and Rajpal, Shreya and Kumar, Ranjitha and Forsyth, David},
  booktitle={Proceedings of the European Conference on Computer Vision},
  pages={390--405},
  year={2018}
}

@inproceedings{wang2019outfit,
  title={Outfit Compatibility Prediction and Diagnosis with Multi-layered Comparison Network},
  author={Wang, Xin and Wu, Bo and Zhong, Yueqi},
  booktitle={Proceedings of the 27th ACM International Conference on Multimedia},
  pages={329--337},
  year={2019}
}

@inproceedings{cui2019dressing,
  title={Dressing as a Whole: {Outfit} Compatibility Learning Based on Node-wise Graph Neural Networks},
  author={Cui, Zeyu and Li, Zekun and Wu, Shu and Zhang, Xiao-Yu and Wang, Liang},
  booktitle={The World Wide Web Conference},
  pages={307--317},
  year={2019}
}

@inproceedings{yang2020learning,
  title={Learning to Match on Graph for Fashion Compatibility Modeling},
  author={Yang, Xun and Du, Xiaoyu and Wang, Meng},
  booktitle={Proceedings of the AAAI Conference on Artificial Intelligence},
  volume={34},
  number={01},
  pages={287--294},
  year={2020}
}

@article{liu2019toward,
  title={Toward {AI} Fashion Design: {An Attribute-GAN} Model for Clothing Match},
  author={Liu, Linlin and Zhang, Haijun and Ji, Yuzhu and Wu, QM Jonathan},
  journal={Neurocomputing},
  volume={341},
  pages={156--167},
  year={2019},
  publisher={Elsevier}
}

@article{liu2019collocating,
  title={Collocating Clothes with Generative Adversarial Networks Cosupervised by Categories and Attributes: {A} Multidiscriminator Framework},
  author={Liu, Linlin and Zhang, Haijun and Xu, Xiaofei and Zhang, Zhao and Yan, Shuicheng},
  journal={IEEE Transactions on Neural Networks and Learning Systems},
  volume={31},
  number={9},
  pages={3540--3554},
  year={2019},
  publisher={IEEE}
}

@inproceedings{yu2019personalized,
  title={Personalized Fashion Design},
  author={Yu, Cong and Hu, Yang and Chen, Yan and Zeng, Bing},
  booktitle={Proceedings of the IEEE/CVF International Conference on Computer Vision},
  pages={9046--9055},
  year={2019}
}

@inproceedings{song2017neurostylist,
  title={{Neurostylist}: {Neural} Compatibility Modeling for Clothing Matching},
  author={Song, Xuemeng and Feng, Fuli and Liu, Jinhuan and Li, Zekun and Nie, Liqiang and Ma, Jun},
  booktitle={Proceedings of the 25th ACM International Conference on Multimedia},
  pages={753--761},
  year={2017}
}

@article{paszke2017automatic,
  title={Automatic Differentiation in {PyTorch}},
  author={Paszke, Adam and Gross, Sam and Chintala, Soumith and Chanan, Gregory and Yang, Edward and DeVito, Zachary and Lin, Zeming and Desmaison, Alban and Antiga, Luca and Lerer, Adam},
  year={2017}
}

@article{kingma2014adam,
  title={Adam: {A} Method for Stochastic Optimization},
  author={Kingma, Diederik P and Ba, Jimmy},
  journal={arXiv preprint arXiv:1412.6980},
  year={2014}
}

@inproceedings{zheng2019virtually,
  title={Virtually Trying on New Clothing with Arbitrary Poses},
  author={Zheng, Na and Song, Xuemeng and Chen, Zhaozheng and Hu, Linmei and Cao, Da and Nie, Liqiang},
  booktitle={Proceedings of the 27th ACM International Conference on Multimedia},
  pages={266--274},
  year={2019}
}

@inproceedings{neuberger2020image,
  title={Image Based Virtual Try-on Network From Unpaired Data},
  author={Neuberger, Assaf and Borenstein, Eran and Hilleli, Bar and Oks, Eduard and Alpert, Sharon},
  booktitle={Proceedings of the IEEE/CVF Conference on Computer Vision and Pattern Recognition},
  pages={5184--5193},
  year={2020}
}

@article{kearns1994cryptographic,
  title={Cryptographic Limitations on Learning Boolean Formulae and Finite Automata},
  author={Kearns, Michael and Valiant, Leslie},
  journal={Journal of the ACM (JACM)},
  volume={41},
  number={1},
  pages={67--95},
  year={1994},
  publisher={ACM New York, NY, USA}
}

@article{badrinarayanan2017segnet,
  title={{SegNet}: {A} Deep Convolutional Encoder-decoder Architecture for Image Segmentation},
  author={Badrinarayanan, Vijay and Kendall, Alex and Cipolla, Roberto},
  journal={IEEE Transactions on Pattern Analysis and Machine Intelligence},
  volume={39},
  number={12},
  pages={2481--2495},
  year={2017},
  publisher={IEEE}
}

@inproceedings{zhu2020domain,
  title={In-domain {GAN} Inversion for Real Image Editing},
  author={Zhu, Jiapeng and Shen, Yujun and Zhao, Deli and Zhou, Bolei},
  booktitle={Proceedings of the European Conference on Computer Vision},
  pages={592--608},
  year={2020},
  organization={Springer}
}

@inproceedings{richardson2021encoding,
  title={Encoding in Style: {A} {StyleGAN} Encoder for Image-to-image Translation},
  author={Richardson, Elad and Alaluf, Yuval and Patashnik, Or and Nitzan, Yotam and Azar, Yaniv and Shapiro, Stav and Cohen-Or, Daniel},
  booktitle={Proceedings of the IEEE/CVF Conference on Computer Vision and Pattern Recognition},
  pages={2287--2296},
  year={2021}
}

@article{tov2021designing,
  title={Designing An Encoder for {StyleGAN} Image Manipulation},
  author={Tov, Omer and Alaluf, Yuval and Nitzan, Yotam and Patashnik, Or and Cohen-Or, Daniel},
  journal={ACM Transactions on Graphics},
  volume={40},
  number={4},
  pages={1--14},
  year={2021},
  publisher={ACM New York, NY, USA}
}

@inproceedings{han2018viton,
  title={{VITON}: {An} Image-based Virtual Try-on Network},
  author={Han, Xintong and Wu, Zuxuan and Wu, Zhe and Yu, Ruichi and Davis, Larry S},
  booktitle={Proceedings of the IEEE/CVF Conference on Computer Vision and Pattern Recognition},
  pages={7543--7552},
  year={2018}
}

@inproceedings{han2020design,
  title={From Design Draft to Real Attire: {Unaligned} Fashion Image Translation},
  author={Han, Yu and Yang, Shuai and Wang, Wenjing and Liu, Jiaying},
  booktitle={Proceedings of the 28th ACM International Conference on Multimedia},
  pages={1533--1541},
  year={2020}
}

@article{yan2022toward,
  title={Toward Intelligent Design: {An AI-based} Fashion Designer Using Generative Adversarial Networks Aided by Sketch and Rendering Generators},
  author={Yan, Han and Zhang, Haijun and Liu, Linlin and Zhou, Dongliang and Xu, Xiaofei and Zhang, Zhao and Yan, Shuicheng},
  journal={IEEE Transactions on Multimedia},
  year={2022},
  publisher={IEEE}
}

@inproceedings{wang2018toward,
  title={Toward Characteristic-preserving Image-based Virtual Try-on Network},
  author={Wang, Bochao and Zheng, Huabin and Liang, Xiaodan and Chen, Yimin and Lin, Liang and Yang, Meng},
  booktitle={Proceedings of the European Conference on Computer Vision},
  pages={589--604},
  year={2018}
}

@article{schuster1997bidirectional,
  title={Bidirectional Recurrent Neural Networks},
  author={Schuster, Mike and Paliwal, Kuldip K},
  journal={IEEE Transactions on Signal Processing},
  volume={45},
  number={11},
  pages={2673--2681},
  year={1997},
  publisher={Ieee}
}

@inproceedings{chen2016xgboost,
  title={{XGBoost}: {A} Scalable Tree Boosting System},
  author={Chen, Tianqi and Guestrin, Carlos},
  booktitle={Proceedings of the 22nd ACM SIGKDD International Conference on Knowledge Discovery and Data Mining},
  pages={785--794},
  year={2016}
}

@article{petzka2021non,
  title={Non-attracting Regions of Local Minima in Deep and Wide Neural Networks},
  author={Petzka, Henning and Sminchisescu, Cristian},
  journal={The Journal of Machine Learning Research},
  volume={22},
  number={1},
  pages={6352--6385},
  year={2021},
  publisher={JMLRORG}
}

@inproceedings{isola2017image,
  title={Image-to-image Translation with Conditional Adversarial Networks},
  author={Isola, Phillip and Zhu, Jun-Yan and Zhou, Tinghui and Efros, Alexei A},
  booktitle={Proceedings of the IEEE/CVF Conference on Computer Vision and Pattern Recognition},
  pages={1125--1134},
  year={2017}
}

@inproceedings{zhang2018unreasonable,
  title={The Unreasonable Effectiveness of Deep Features as a Perceptual Metric},
  author={Zhang, Richard and Isola, Phillip and Efros, Alexei A and Shechtman, Eli and Wang, Oliver},
  booktitle={Proceedings of the IEEE/CVF Conference on Computer Vision and Pattern Recognition},
  pages={586--595},
  year={2018}
}

@inproceedings{choi2020starganv2,
  title={{StarGAN} v2: Diverse Image Synthesis for Multiple Domains},
  author={Yunjey Choi and Youngjung Uh and Jaejun Yoo and Jung-Woo Ha},
  booktitle={Proceedings of the IEEE/CVF Conference on Computer Vision and Pattern Recognition},
  year={2020}
}

@article{heusel2017gans,
  title={{GANs} Trained by a Two Time-scale Update Rule Converge to a Local {Nash} Equilibrium},
  author={Heusel, Martin and Ramsauer, Hubert and Unterthiner, Thomas and Nessler, Bernhard and Hochreiter, Sepp},
  journal={Advances in Neural Information Processing Systems},
  volume={30},
  year={2017}
}

@inproceedings{mmfashion,
  title={{MMFashion}: {An} Open-Source Toolbox for Visual Fashion Analysis},
  author={Liu, Xin and Li, Jiancheng and Wang, Jiaqi and Liu, Ziwei},
  booktitle={ACM Multimedia 2021, Open Source Software Competition},
  year={2021}
}

@article{zhang2020warpclothingout,
  title={Warpclothingout: A Stepwise Framework for Clothes Translation from the Human Body to Tiled Images},
  author={Zhang, Haijun and Wang, Xinghao and Liu, Linlin and Zhou, Dongliang and Zhang, Zhao},
  journal={IEEE MultiMedia},
  volume={27},
  number={4},
  pages={58--68},
  year={2020},
  publisher={IEEE}
}

@article{liu2021clothing,
  title={Clothing Generation by Multi-modal Embedding: A Compatibility Matrix-regularized GAN Model},
  author={Liu, Linlin and Zhang, Haijun and Zhou, Dongliang},
  journal={Image and Vision Computing},
  volume={107},
  pages={104097},
  year={2021},
  publisher={Elsevier}
}

@article{liu2023toward,
  title={Toward Fashion Intelligence in the Big Data Era: State-of-the-Art and Future Prospects},
  author={Liu, Linlin and Zhang, Haijun and Zhou, Dongliang and Shi, Jianyang},
  journal={IEEE Transactions on Consumer Electronics},
  year={2023}
}
