@Article{Ansari2024Chronos,
 author = {Abdul Fatir Ansari and Lorenzo Stella and Caner Turkmen and Xiyuan Zhang and Pedro Mercado and Huibin Shen and Oleksandr Shchur and Syama Rangapuram and Sebastian Pineda Arango and Shubham Kapoor and Jasper Zschiegner and Danielle Maddix Robinson and Hao Wang and Michael Mahoney and Kari Torkkola and Andrew Wilson and Michael Bohlke-Schneider and Yuyang (Bernie) Wang},
 title = {{C}hronos: {L}earning the {L}anguage of {T}ime {S}eries},
 year = {2024},
 journal = {Transactions of Machine Learning Research},
}

@inproceedings{Das2024TimesFM,
  title = {{A} {D}ecoder-only {F}oundation {M}odel for {T}ime-series {F}orecasting},
  author={Das, Abhimanyu and Kong, Weihao and Sen, Rajat and Zhou, Yichen},
  booktitle = {Proceedings of the {F}orty-first {I}nternational {C}onference {O}n {M}achine {L}earning},
  year={2024},
}

@article{Ekambaram2024Tiny,
  title = {{T}iny {T}ime {M}ixers {(TTMs)}: {F}ast {P}re-trained {M}odels for {E}nhanced {Z}ero/few-shot {F}orecasting of {M}ultivariate {T}ime {S}eries.},
  author={Ekambaram, Vijay and Jati, Arindam and Dayama, Pankaj and Mukherjee, Sumanta and Nguyen, Nam H and Gifford, Wesley M and Reddy, Chandra and Kalagnanam, Jayant},
  journal={CoRR},
  year={2024},
}

@inproceedings{Woo2024moirai,
  title = {{U}nified {T}raining of {U}niversal {T}ime {S}eries {F}orecasting {T}ransformers},
  author={Woo, Gerald and Liu, Chenghao and Kumar, Akshat and Xiong, Caiming and Savarese, Silvio and Sahoo, Doyen},
  booktitle = {{F}orty-First {I}nternational {C}onference {O}n {M}achine {L}earning},
  year={2024},
}

@inproceedings{bhethanabhotlamamba4cast,
title={Mamba4{C}ast: Efficient {Z}ero-{S}hot {T}ime {S}eries {F}orecasting with {S}tate {S}pace {M}odels},
  author={Bhethanabhotla, Sathya Kamesh and Swelam, Omar and Siems, Julien and Salinas, David and Hutter, Frank},
  booktitle={Proceedings of the 2024 NeurIPS Workshop on Time Series in the Age of Large Models},
  year={2024}
}

@article{chen2024visionts,
  title = {{V}isionts: {V}isual {M}asked {A}utoencoders {A}re {F}ree-lunch {Z}ero-shot {T}ime {S}eries {F}orecasters},
  author={Chen, Mouxiang and Shen, Lefei and Li, Zhuo and Wang, Xiaoyun Joy and Sun, Jianling and Liu, Chenghao},
  journal={arXiv preprint arXiv:2408.17253},
  year={2024}
}

@inproceedings{he2022masked,
  title={Masked {A}utoencoders are {S}calable {V}ision {L}earners},
  author={He, Kaiming and Chen, Xinlei and Xie, Saining and Li, Yanghao and Doll{\'a}r, Piotr and Girshick, Ross},
  booktitle={Proceedings of the IEEE/CVF Conference on Computer Vision and Pattern Recognition},
  pages={16000--16009},
  year={2022}
}

@inproceedings{liang2024foundation,
  title = {{F}oundation {M}odels for {T}ime {S}eries {A}nalysis: a {T}utorial and {S}urvey},
  author={Liang, Yuxuan and Wen, Haomin and Nie, Yuqi and Jiang, Yushan and Jin, Ming and Song, Dongjin and Pan, Shirui and Wen, Qingsong},
  booktitle = {{P}roceedings of the {3}0th {ACM} {S}igkdd {C}onference {O}n {K}nowledge {D}iscovery and {D}ata {M}ining},
  pages={6555--6565},
  year={2024}
}

@article{nie2022time,
  title={A {T}ime {S}eries is {W}orth 64 {W}ords: Long-{T}erm {F}orecasting with {T}ransformers},
  author={Nie, Yuqi and Nguyen, Nam H and Sinthong, Phanwadee and Kalagnanam, Jayant},
  journal={arXiv preprint arXiv:2211.14730},
  year={2022}
}

@inproceedings{rasul2023lag,
  title = {{L}ag-llama: {T}owards {F}oundation {M}odels for {T}ime {S}eries {F}orecasting},
  author={Rasul, Kashif and Ashok, Arjun and Williams, Andrew Robert and Khorasani, Arian and Adamopoulos, George and Bhagwatkar, Rishika and Bilo{\v{s}}, Marin and Ghonia, Hena and Hassen, Nadhir and Schneider, Anderson and others},
  booktitle = {{R}0-fomo: {R}obustness of {F}ew-shot and {Z}ero-shot {L}earning in {L}arge {F}oundation {M}odels},
  year ={2023}
}

