@article{Sciutti2014_weight_motion, 
title={Understanding Object Weight from Human and Humanoid Lifting Actions}, 
author={Alessandra Sciutti and Laura Patanè and Francesco Nori and Giulio Sandini}, 
journal={IEEE Transactions on Autonomous Mental Development}, volume={6}, number={2}, pages={80--92}, year={2014}, publisher={IEEE} }

@article{When_where_how_human-human_studyStrabala,
    author = {Strabala, Kyle and Lee, Min Kyung and Dragan, Anca and Forlizzi, Jodi and Srinivasa, Siddhartha S. and Cakmak, Maya and Micelli, Vincenzo},
    title = {Toward Seamless Human-Robot Handovers},
    year = {2013},
    issue_date = {February 2013},
    publisher = {Journal of Human-Robot Interaction Steering Committee},
    volume = {2},
    number = {1},
    journal = {J. Hum.-Robot Interact.},
    pages = {112–132},
    numpages = {21}
    }

@article{aleotti2014affordance,
  title={An Affordance Sensitive System for Robot to Human Object Handover},
  author={Aleotti, Jacopo and Micelli, Vincenzo and Caselli, Stefano},
  journal={International Journal of Social Robotics},
  volume={6},
  number={4},
  pages={653--666},
  year={2014},
  publisher={Springer},
  doi={10.1007/s12369-014-0241-3}
}

@INPROCEEDINGS{capacitive_sensors_grasp_detect_9560970,
author={Mamaev, Ilshat and Kretsch, David and Alagi, Hosam and Hein, Björn},
booktitle={IEEE Int. Conf. Robot. Autom. (ICRA)}, 
title={Grasp Detection for Robot to Human Handovers Using Capacitive Sensors}, 
year={2021},
pages={12552-12558}
}

@INPROCEEDINGS{careful_handovers_Lastrico,
  author={Lastrico, Linda and Duarte, Nuno Ferreira and Carfí, Alessandro and Rea, Francesco and Sciutti, Alessandra and Mastrogiovanni, Fulvio and Santos-Victor, José},
  booktitle={2023 IEEE/RSJ International Conference on Intelligent Robots and Systems (IROS)}, 
  title={Expressing and Inferring Action Carefulness in Human-to-Robot Handovers}, 
  year={2023},
  volume={},
  number={},
  pages={9824-9831},
  keywords={Robot motion;Shape;Human-robot interaction;Transportation;Kinematics;Handover;Filling},
  doi={10.1109/IROS55552.2023.10342111}}

@INPROCEEDINGS{chan_grip_from_load_baton,
  author={Chan, Wesley P. and Parker, Chris A. C. and Van der Loos, H. F. Machiel and Croft, Elizabeth A.},
  booktitle={7th ACM/IEEE International Conference on Human-Robot Interaction (HRI)}, 
  title={Grip forces and load forces in handovers: Implications for designing human-robot handover controllers}, 
  year={2012},
  volume={},
  number={},
  pages={9-16}
  }

@INPROCEEDINGS{chan_grip_from_load_humanoid-6907004,
  author={Chan, Wesley P. and Kumagai, Iori and Nozawa, Shunichi and Kakiuchi, Yohei and Okada, Kei and Inaba, Masayuki},
  booktitle={IEEE Int. Conf. Robot. Autom.(ICRA)}, 
  title={Implementation of a robot-human object handover controller on a compliant underactuated hand using joint position error measurements for grip force and load force estimations}, 
  year={2014},
  volume={},
  number={},
  pages={1190-1195}}

@article{chan_grip_from_load_second_PR2,
    author = {Wesley P Chan and Chris AC Parker and HF Machiel Van der Loos and Elizabeth A Croft},
    title ={A human-inspired object handover controller},
    journal = {The International Journal of Robotics Research},
    volume = {32},
    number = {8},
    pages = {971-983},
    year = {2013},

}

@phdthesis{chang2021learning,
  title={Learning End-to-End 6DoF Grasp Choice of Human-to-Robot Handover Using Affordance Prediction and Deep Reinforcement Learning},
  author={Chang, Po-Kuei},
  year={2021},
  school={ProQuest Dissertations and Theses}
}

@inproceedings{chao2022handoversim,
  title={HandoverSim: A Simulation Framework and Benchmark for Human-to-Robot Object Handovers},
  author={Chao, Yu-Wei and Zhu, Yixin and Fox, Dieter and Garg, Animesh},
  booktitle={Proceedings - IEEE International Conference on Robotics and Automation},
  pages={6941--6947},
  year={2022},
  doi={10.1109/ICRA46639.2022.9812302}
}

@INPROCEEDINGS{dataset-khanna,
  author={Khanna, Parag and Björkman, Mårten and Smith, Christian},
  booktitle={2023 32nd IEEE International Conference on Robot and Human Interactive Communication (RO-MAN)}, 
  title={A Multimodal Data Set of Human Handovers with Design Implications for Human-Robot Handovers}, 
  year={2023},
  volume={},
  number={},
  pages={1843-1850},
  doi={10.1109/RO-MAN570194}
}

@article{dataset_Emaro_CARFI2019109,
title = {A multi-sensor dataset of human-human handover},
journal = {Data in Brief},
volume = {22},
pages = {109-117},
year = {2019},
issn = {2352-3409},
author = {Alessandro Carfì and Francesco Foglino and Barbara Bruno and Fulvio Mastrogiovanni},
abstract = {The article describes a multi-sensor dataset of human-human handovers composed of over 1000 recordings collected from 18 volunteers. The recordings refer to 76 test configurations, which consider different volunteer׳s starting positions and roles, objects to pass and motion strategies. In all experiments, we acquire 6-axis inertial data from two smartwatches, the 15-joint skeleton model of one volunteer with an RGB-D camera and the upper-body model of both persons using a total of 20 motion capture markers. The recordings are annotated with videos and questionnaires about the perceived characteristics of the handover.}
}

@inproceedings{grasp_classification_vision_DBLP:conf/iros/YangPCF20,
  author    = {Wei Yang and
               Chris Paxton and
               Maya Cakmak and
               Dieter Fox},
  title     = {Human Grasp Classification for Reactive Human-to-Robot Handovers},
  booktitle = {{IEEE/RSJ} International Conference on Intelligent Robots and Systems},
  year      = {2020}
}

@article{h2H_handovers_how_dis_and_obj_mass_matter_Clint2017,
author = {Clint Hansen and Paula Arambel and Khalil Ben Mansour and Véronique Perdereau and Frédéric Marin},
title ={Human–Human Handover Tasks and How Distance and Object Mass Matter},
journal = {Perceptual and Motor Skills},
volume = {124},
pages = {182-199},
year = {2017},
    abstract = { We investigated the coordination between two individuals during object handovers. Ten participants (eight males, two females; 26.0±5.0 years, 72.7±13.5kg, 1.73±0.8m) arranged in pairs (a giver and a receiver), passed an object from the giver to the receiver at a self-selected speed. A motion capture system quantified the giver and the receiver’s motion simultaneously. Three interpersonal distances and three object masses were chosen to study the handover. We hypothesized that (a) the handover occurs at half of the interpersonal distance between the giver and receiver and (b) the handover height depends on the objects’ mass. Taken together, our results show that the handover strongly depends on the interpersonal distance between the giver and receiver, while object mass related only to handover duration. }
}

@article{human-like-motion-forR2H_Handovers_Rasch2018AJM,
title={A Joint Motion Model for Human-Like Robot-Human Handover},
author={Robin Rasch and Sven Wachsmuth and Matthias K{\"o}nig},
journal={IEEE-RAS Int. Conf. on Humanoid Robots (Humanoids)},
year={2018},
pages={180-187}
}

@ARTICLE{human_human_to_human_robot_study_Controzzi,
AUTHOR={Controzzi, Marco and Singh, Harmeet and Cini, Francesca and Cecchini, Torquato},   
TITLE={Humans adjust their grip force when passing an object according to the observed speed of the partner’s reaching out movement},      
JOURNAL={Exp. Brain Res.},      
VOLUME={236},      
YEAR={2018}  
}

@INPROCEEDINGS{humanoids_simulated_motion_objectweight2009,
  author={Matsumaru, Takafumi},
  booktitle={RO-MAN 2009 - The 18th IEEE International Symposium on Robot and Human Interactive Communication}, 
  title={Handover movement informing receiver of weight load as informative motion study for human-friendly robot}, 
  year={2009},
  volume={},
  number={},
  pages={299-305},
  keywords={Packaging;Mobile robots;Robot sensing systems;Human robot interaction;Humanoid robots;Orbital robotics;Performance evaluation;Analysis of variance;Performance analysis;Concrete},
  doi={10.1109/ROMAN.2009.5326346}}

@article{iori2023dmp,
  title={DMP-Based Reactive Robot-to-Human Handover in Perturbed Scenarios},
  author={Iori, Francesco and Perovic, Goran and Cini, Francesca and Mazzeo, Alessio and Falotico, Egidio and Controzzi, Marco},
  journal={International Journal of Social Robotics},
  volume={15},
  number={2},
  pages={233--248},
  year={2023},
  publisher={Springer},
  doi={10.1007/s12369-022-00960-4}
}

@INPROCEEDINGS{loadshare_strategy-7803296,
  author={Medina, José R. and Duvallet, Felix and Karnam, Murali and Billard, Aude},
  booktitle={IEEE-RAS Int. Conf. on Humanoid Robots (Humanoids)}, 
  title={A human-inspired controller for fluid human-robot handovers}, 
  year={2016},
  volume={},
  number={},
  pages={324-331}
  }

@ARTICLE{loadsharing_pull_strategy-10.3389/frobt.2021.672995,
AUTHOR={Costanzo, Marco and De Maria, Giuseppe and Natale, Ciro},   
TITLE={Handover Control for Human-Robot and Robot-Robot Collaboration},      
JOURNAL={Frontiers Robot. AI},      
VOLUME={8},
pages={132},
YEAR={2021}  
}

@ARTICLE{many_grasp_types_7243327,
author={Feix, Thomas and Romero, Javier and Schmiedmayer, Heinz-Bodo and Dollar, Aaron M. and Kragic, Danica},
journal={IEEE Transactions on Human-Machine Systems}, 
title={The GRASP Taxonomy of Human Grasp Types}, 
year={2016},
volume={46},
number={1},
pages={66-77}}

@article{more_precision_type_grasp_type_location_study_dataset_cini_controzzi,
author = {Cini, Francesca and Ortenzi, Valerio and Corke, P. and Controzzi, Marco},
year = {2019},
month = {02},
pages = {eaau9757},
title = {On the choice of grasp type and location when handing over an object},
volume = {4},
journal = {Science Robotics}
}

@article{object_orientation_dataset_chan,
author = {Chan, Wesley and Pan, Matthew and Croft, Elizabeth and Inaba, Masayuki},
year = {2020},
month = {01},
pages = {},
title = {An Affordance and Distance Minimization Based Method for Computing Object Orientations for Robot Human Handovers},
volume = {12},
journal = {Int. J. Soc. Robot.}
}

@article{perovic2023adaptive,
  title={Adaptive Robot-Human Handovers With Preference Learning},
  author={Perovic, Goran and Iori, Francesco and Mazzeo, Alessio and Controzzi, Marco and Falotico, Egidio},
  journal={IEEE Robotics and Automation Letters},
  volume={8},
  number={10},
  pages={6331--6338},
  year={2023},
  publisher={IEEE},
  doi={10.1109/LRA.2023.3306280}
}

@INPROCEEDINGS{pull_proactive_strategy_8673085,
author={Han, Zhao and Yanco, Holly},
booktitle={2019 14th ACM/IEEE International Conference on Human-Robot Interaction (HRI)}, 
title={The Effects of Proactive Release Behaviors During Human-Robot Handovers}, 
year={2019},
volume={},
number={},
pages={440-448}}

@INPROCEEDINGS{robot_reaching_profiles_4600651,  author={Huber, Markus and Rickert, Markus and Knoll, Alois and Brandt, Thomas and Glasauer, Stefan},  booktitle={RO-MAN - The 17th IEEE International Symposium on Robot and Human Interactive Communication},   title={Human-robot interaction in handing-over tasks},   year={2008},  volume={},  number={},  pages={107-112}
}

@article{stephan2023oho,
  title={OHO: A Multi-Modal, Multi-Purpose Dataset for Human-Robot Object Hand-Over},
  author={Stephan, Bj{\"o}rn and K{\"o}hler, Matthias and M{\"u}ller, Sebastian and Zhang, Yong and Gross, Horst-Michael and Notni, Gunther},
  journal={Sensors},
  volume={23},
  number={18},
  pages={7807},
  year={2023},
  doi={10.3390/s23187807}
}

@InProceedings{study_in_person_handover_for_baton,
    author="Endo, Satoshi
    and Pegman, Geoff
    and Burgin, Mark
    and Toumi, Tarek
    and Wing, Alan M.",
    editor="Isokoski, Poika
    and Springare, Jukka",
    title="Haptics in Between-Person Object Transfer",
    booktitle="Haptics: Perception, Devices, Mobility, and Communication",
    year="2012",
    publisher="Springer",
    pages="103--111"
}

@ARTICLE{survey_review_2022_object_handovers,
author={Ortenzi, Valerio and Cosgun, Akansel and Pardi, Tommaso and Chan, Wesley P. and Croft, Elizabeth and Kulić, Dana},
journal={IEEE Transactions on Robotics}, 
title={Object Handovers: A Review for Robotics}, 
year={2021},
volume={37},
number={6},
pages={1855-1873}}

@article{wiederhold2023hoh,
  title={HOH: Markerless Multimodal Human-Object-Human Handover Dataset with Large Object Count},
  author={Wiederhold, Nico and Megyeri, Attila and Paris, Dominik and Banerjee, Siddhartha and Banerjee, Nilanjan Kumar},
  year={2023},
  doi={10.48550/arxiv.2310.00723}
}

