@article{luzi2022boomerang,
  title={Boomerang: Local sampling on image manifolds using diffusion models},
  author={Luzi, Lorenzo and Siahkoohi, Ali and Mayer, Paul M and Casco-Rodriguez, Josue and Baraniuk, Richard},
  journal={arXiv preprint arXiv:2210.12100},
  year={2022}
}

@article{zhang2024expanding,
  title={Expanding small-scale datasets with guided imagination},
  author={Zhang, Yifan and Zhou, Daquan and Hooi, Bryan and Wang, Kai and Feng, Jiashi},
  journal={Advances in Neural Information Processing Systems},
  volume={36},
  year={2024}
}

@inproceedings{akrout2023diffusion,
  title={Diffusion-based data augmentation for skin disease classification: Impact across original medical datasets to fully synthetic images},
  author={Akrout, Mohamed and Gyepesi, B{\'a}lint and Holl{\'o}, P{\'e}ter and Po{\'o}r, Adrienn and Kincs{\H{o}}, Bl{\'a}ga and Solis, Stephen and Cirone, Katrina and Kawahara, Jeremy and Slade, Dekker and Abid, Latif and others},
  booktitle={International Conference on Medical Image Computing and Computer-Assisted Intervention},
  pages={99--109},
  year={2023},
  organization={Springer}
}

@inproceedings{ruiz2023dreambooth,
  title={Dreambooth: Fine tuning text-to-image diffusion models for subject-driven generation},
  author={Ruiz, Nataniel and Li, Yuanzhen and Jampani, Varun and Pritch, Yael and Rubinstein, Michael and Aberman, Kfir},
  booktitle={Proceedings of the IEEE/CVF Conference on Computer Vision and Pattern Recognition},
  pages={22500--22510},
  year={2023}
}

@article{chen2024subject,
  title={Subject-driven text-to-image generation via apprenticeship learning},
  author={Chen, Wenhu and Hu, Hexiang and Li, Yandong and Ruiz, Nataniel and Jia, Xuhui and Chang, Ming-Wei and Cohen, William W},
  journal={Advances in Neural Information Processing Systems},
  volume={36},
  year={2024}
}


@inproceedings{liu2023cones,
  title={Cones: Concept Neurons in Diffusion Models for Customized Generation},
  author={Liu, Zhiheng and Feng, Ruili and Zhu, Kai and Zhang, Yifei and Zheng, Kecheng and Liu, Yu and Zhao, Deli and Zhou, Jingren and Cao, Yang},
  booktitle={International Conference on Machine Learning},
  pages={21548--21566},
  year={2023},
  organization={PMLR}
}

@inproceedings{meng2021sdedit,
  title={SDEdit: Guided Image Synthesis and Editing with Stochastic Differential Equations},
  author={Meng, Chenlin and He, Yutong and Song, Yang and Song, Jiaming and Wu, Jiajun and Zhu, Jun-Yan and Ermon, Stefano},
  booktitle={International Conference on Learning Representations},
  year={2021}
}

@inproceedings{li2021cutpaste,
  title={Cutpaste: Self-supervised learning for anomaly detection and localization},
  author={Li, Chun-Liang and Sohn, Kihyuk and Yoon, Jinsung and Pfister, Tomas},
  booktitle={Proceedings of the IEEE/CVF conference on computer vision and pattern recognition},
  pages={9664--9674},
  year={2021}
}
@inproceedings{roth2022towards,
  title={Towards total recall in industrial anomaly detection},
  author={Roth, Karsten and Pemula, Latha and Zepeda, Joaquin and Sch{\"o}lkopf, Bernhard and Brox, Thomas and Gehler, Peter},
  booktitle={Proceedings of the IEEE/CVF Conference on Computer Vision and Pattern Recognition},
  pages={14318--14328},
  year={2022}
}

@inproceedings{bergmann2019mvtec,
  title={MVTec AD--A comprehensive real-world dataset for unsupervised anomaly detection},
  author={Bergmann, Paul and Fauser, Michael and Sattlegger, David and Steger, Carsten},
  booktitle={Proceedings of the IEEE/CVF conference on computer vision and pattern recognition},
  pages={9592--9600},
  year={2019}
}

@inproceedings{huang2022registration,
  title={Registration based few-shot anomaly detection},
  author={Huang, Chaoqin and Guan, Haoyan and Jiang, Aofan and Zhang, Ya and Spratling, Michael and Wang, Yan-Feng},
  booktitle={European Conference on Computer Vision},
  pages={303--319},
  year={2022},
  organization={Springer}
}

@article{pang2021deep,
  title={Deep learning for anomaly detection: A review},
  author={Pang, Guansong and Shen, Chunhua and Cao, Longbing and Hengel, Anton Van Den},
  journal={ACM computing surveys (CSUR)},
  volume={54},
  number={2},
  pages={1--38},
  year={2021},
  publisher={ACM New York, NY, USA}
}

@article{xiang2024exploiting,
  title={Exploiting Structural Consistency of Chest Anatomy for Unsupervised Anomaly Detection in Radiography Images},
  author={Xiang, Tiange and Zhang, Yixiao and Lu, Yongyi and Yuille, Alan and Zhang, Chaoyi and Cai, Weidong and Zhou, Zongwei},
  journal={IEEE Transactions on Pattern Analysis and Machine Intelligence},
  year={2024},
  publisher={IEEE}
}

@article{li2023self,
  title={Self-supervised anomaly detection, staging and segmentation for retinal images},
  author={Li, Yiyue and Lao, Qicheng and Kang, Qingbo and Jiang, Zekun and Du, Shiyi and Zhang, Shaoting and Li, Kang},
  journal={Medical Image Analysis},
  volume={87},
  pages={102805},
  year={2023},
  publisher={Elsevier}
}

@inproceedings{zhou2020encoding,
  title={Encoding structure-texture relation with p-net for anomaly detection in retinal images},
  author={Zhou, Kang and Xiao, Yuting and Yang, Jianlong and Cheng, Jun and Liu, Wen and Luo, Weixin and Gu, Zaiwang and Liu, Jiang and Gao, Shenghua},
  booktitle={Computer Vision--ECCV 2020: 16th European Conference, Glasgow, UK, August 23--28, 2020, Proceedings, Part XX 16},
  pages={360--377},
  year={2020},
  organization={Springer}
}

@inproceedings{liu2018classifier,
  title={Classifier Two Sample Test for Video Anomaly Detections.},
  author={Liu, Yusha and Li, Chun-Liang and P{\'o}czos, Barnab{\'a}s},
  booktitle={BMVC},
  pages={71},
  year={2018}
}

@inproceedings{sultani2018real,
  title={Real-world anomaly detection in surveillance videos},
  author={Sultani, Waqas and Chen, Chen and Shah, Mubarak},
  booktitle={Proceedings of the IEEE conference on computer vision and pattern recognition},
  pages={6479--6488},
  year={2018}
}

@inproceedings{zou2022spot,
  title={Spot-the-difference self-supervised pre-training for anomaly detection and segmentation},
  author={Zou, Yang and Jeong, Jongheon and Pemula, Latha and Zhang, Dongqing and Dabeer, Onkar},
  booktitle={European Conference on Computer Vision},
  pages={392--408},
  year={2022},
  organization={Springer}
}

@inproceedings{zavrtanik2021draem,
  title={Draem-a discriminatively trained reconstruction embedding for surface anomaly detection},
  author={Zavrtanik, Vitjan and Kristan, Matej and Sko{\v{c}}aj, Danijel},
  booktitle={Proceedings of the IEEE/CVF International Conference on Computer Vision},
  pages={8330--8339},
  year={2021}
}

@article{zavrtanik2021reconstruction,
  title={Reconstruction by inpainting for visual anomaly detection},
  author={Zavrtanik, Vitjan and Kristan, Matej and Sko{\v{c}}aj, Danijel},
  journal={Pattern Recognition},
  volume={112},
  pages={107706},
  year={2021},
  publisher={Elsevier}
}

@article{ho2020denoising,
  title={Denoising diffusion probabilistic models},
  author={Ho, Jonathan and Jain, Ajay and Abbeel, Pieter},
  journal={Advances in neural information processing systems},
  volume={33},
  pages={6840--6851},
  year={2020}
}

@inproceedings{jeong2023winclip,
  title={Winclip: Zero-/few-shot anomaly classification and segmentation},
  author={Jeong, Jongheon and Zou, Yang and Kim, Taewan and Zhang, Dongqing and Ravichandran, Avinash and Dabeer, Onkar},
  booktitle={Proceedings of the IEEE/CVF Conference on Computer Vision and Pattern Recognition},
  pages={19606--19616},
  year={2023}
}

@article{chen2023zero,
  title={A zero-/few-shot anomaly classification and segmentation method for cvpr 2023 vand workshop challenge tracks 1\&2: 1st place on zero-shot ad and 4th place on few-shot ad},
  author={Chen, Xuhai and Han, Yue and Zhang, Jiangning},
  journal={arXiv preprint arXiv:2305.17382},
  year={2023}
}

@article{huang2024adapting,
  title={Adapting Visual-Language Models for Generalizable Anomaly Detection in Medical Images},
  author={Huang, Chaoqin and Jiang, Aofan and Feng, Jinghao and Zhang, Ya and Wang, Xinchao and Wang, Yanfeng},
  journal={arXiv preprint arXiv:2403.12570},
  year={2024}
}

@article{wang2022few,
  title={Few-shot fast-adaptive anomaly detection},
  author={Wang, Ze and Zhou, Yipin and Wang, Rui and Lin, Tsung-Yu and Shah, Ashish and Lim, Ser Nam},
  journal={Advances in Neural Information Processing Systems},
  volume={35},
  pages={4957--4970},
  year={2022}
}


@article{xie2023pushing,
  title={Pushing the limits of fewshot anomaly detection in industry vision: Graphcore},
  author={Xie, Guoyang and Wang, Jinbao and Liu, Jiaqi and Zheng, Feng and Jin, Yaochu},
  journal={arXiv preprint arXiv:2301.12082},
  year={2023}
}

@article{zhu2024toward,
  title={Toward generalist anomaly detection via in-context residual learning with few-shot sample prompts},
  author={Zhu, Jiawen and Pang, Guansong},
  journal={arXiv preprint arXiv:2403.06495},
  year={2024}
}
@inproceedings{gu2024anomalygpt,
  title={Anomalygpt: Detecting industrial anomalies using large vision-language models},
  author={Gu, Zhaopeng and Zhu, Bingke and Zhu, Guibo and Chen, Yingying and Tang, Ming and Wang, Jinqiao},
  booktitle={Proceedings of the AAAI Conference on Artificial Intelligence},
  volume={38},
  number={3},
  pages={1932--1940},
  year={2024}
}

@article{zhou2023anomalyclip,
  title={Anomalyclip: Object-agnostic prompt learning for zero-shot anomaly detection},
  author={Zhou, Qihang and Pang, Guansong and Tian, Yu and He, Shibo and Chen, Jiming},
  journal={arXiv preprint arXiv:2310.18961},
  year={2023}
}

@inproceedings{cao2023anomaly,
  title={Anomaly detection under distribution shift},
  author={Cao, Tri and Zhu, Jiawen and Pang, Guansong},
  booktitle={Proceedings of the IEEE/CVF International Conference on Computer Vision},
  pages={6511--6523},
  year={2023}
}

@inproceedings{deng2022anomaly,
  title={Anomaly detection via reverse distillation from one-class embedding},
  author={Deng, Hanqiu and Li, Xingyu},
  booktitle={Proceedings of the IEEE/CVF Conference on Computer Vision and Pattern Recognition},
  pages={9737--9746},
  year={2022}
}

@inproceedings{tien2023revisiting,
  title={Revisiting reverse distillation for anomaly detection},
  author={Tien, Tran Dinh and Nguyen, Anh Tuan and Tran, Nguyen Hoang and Huy, Ta Duc and Duong, Soan and Nguyen, Chanh D Tr and Truong, Steven QH},
  booktitle={Proceedings of the IEEE/CVF conference on computer vision and pattern recognition},
  pages={24511--24520},
  year={2023}
}

@article{livernoche2023diffusion,
  title={On Diffusion Modeling for Anomaly Detection},
  author={Livernoche, Victor and Jain, Vineet and Hezaveh, Yashar and Ravanbakhsh, Siamak},
  journal={arXiv preprint arXiv:2305.18593},
  year={2023}
}

@article{he2023diad,
  title={Diad: A diffusion-based framework for multi-class anomaly detection},
  author={He, Haoyang and Zhang, Jiangning and Chen, Hongxu and Chen, Xuhai and Li, Zhishan and Chen, Xu and Wang, Yabiao and Wang, Chengjie and Xie, Lei},
  journal={arXiv preprint arXiv:2312.06607},
  year={2023}
}

@article{tabernik2020segmentation,
  title={Segmentation-based deep-learning approach for surface-defect detection},
  author={Tabernik, Domen and {\v{S}}ela, Samo and Skvar{\v{c}}, Jure and Sko{\v{c}}aj, Danijel},
  journal={Journal of Intelligent Manufacturing},
  volume={31},
  number={3},
  pages={759--776},
  year={2020},
  publisher={Springer}
}

@article{silvestre2019public,
  title={A public fabric database for defect detection methods and results},
  author={Silvestre-Blanes, Javier and Albero-Albero, Teresa and Miralles, Ignacio and P{\'e}rez-Llorens, Rub{\'e}n and Moreno, Jorge},
  journal={Autex Research Journal},
  volume={19},
  number={4},
  pages={363--374},
  year={2019},
  publisher={Sciendo}
}

@article{deitsch2019automatic,
  title={Automatic classification of defective photovoltaic module cells in electroluminescence images},
  author={Deitsch, Sergiu and Christlein, Vincent and Berger, Stephan and Buerhop-Lutz, Claudia and Maier, Andreas and Gallwitz, Florian and Riess, Christian},
  journal={Solar Energy},
  volume={185},
  pages={455--468},
  year={2019},
  publisher={Elsevier}
}

@inproceedings{salehi2021multiresolution,
  title={Multiresolution knowledge distillation for anomaly detection},
  author={Salehi, Mohammadreza and Sadjadi, Niousha and Baselizadeh, Soroosh and Rohban, Mohammad H and Rabiee, Hamid R},
  booktitle={Proceedings of the IEEE/CVF conference on computer vision and pattern recognition},
  pages={14902--14912},
  year={2021}
}

@article{hu2019automated,
  title={Automated segmentation of macular edema in OCT using deep neural networks},
  author={Hu, Junjie and Chen, Yuanyuan and Yi, Zhang},
  journal={Medical image analysis},
  volume={55},
  pages={216--227},
  year={2019},
  publisher={Elsevier}
}

@article{kermany2018identifying,
  title={Identifying medical diagnoses and treatable diseases by image-based deep learning},
  author={Kermany, Daniel S and Goldbaum, Michael and Cai, Wenjia and Valentim, Carolina CS and Liang, Huiying and Baxter, Sally L and McKeown, Alex and Yang, Ge and Wu, Xiaokang and Yan, Fangbing and others},
  journal={cell},
  volume={172},
  number={5},
  pages={1122--1131},
  year={2018},
  publisher={Elsevier}
}

@article{lecun1998gradient,
  title={Gradient-based learning applied to document recognition},
  author={LeCun, Yann and Bottou, L{\'e}on and Bengio, Yoshua and Haffner, Patrick},
  journal={Proceedings of the IEEE},
  volume={86},
  number={11},
  pages={2278--2324},
  year={1998},
  publisher={Ieee}
}

@misc{krizhevsky2010cifar,
  title={Cifar-10 (canadian institute for advanced research)},
  author={Krizhevsky, Alex and Nair, Vinod and Hinton, Geoffrey},
  year={2010}
}


@article{cohen2020sub,
  title={Sub-image anomaly detection with deep pyramid correspondences},
  author={Cohen, Niv and Hoshen, Yedid},
  journal={arXiv preprint arXiv:2005.02357},
  year={2020}
}

@inproceedings{wolleb2022diffusion,
  title={Diffusion models for medical anomaly detection},
  author={Wolleb, Julia and Bieder, Florentin and Sandk{\"u}hler, Robin and Cattin, Philippe C},
  booktitle={International Conference on Medical image computing and computer-assisted intervention},
  pages={35--45},
  year={2022},
  organization={Springer}
}

@article{zhang2023diffusionad,
  title={Diffusionad: Denoising diffusion for anomaly detection},
  author={Zhang, Hui and Wang, Zheng and Wu, Zuxuan and Jiang, Yu-Gang},
  journal={arXiv preprint arXiv:2303.08730},
  year={2023}
}

@inproceedings{radford2021learning,
  title={Learning transferable visual models from natural language supervision},
  author={Radford, Alec and Kim, Jong Wook and Hallacy, Chris and Ramesh, Aditya and Goh, Gabriel and Agarwal, Sandhini and Sastry, Girish and Askell, Amanda and Mishkin, Pamela and Clark, Jack and others},
  booktitle={International conference on machine learning},
  pages={8748--8763},
  year={2021},
  organization={PMLR}
}

@inproceedings{defard2021padim,
  title={Padim: a patch distribution modeling framework for anomaly detection and localization},
  author={Defard, Thomas and Setkov, Aleksandr and Loesch, Angelique and Audigier, Romaric},
  booktitle={International Conference on Pattern Recognition},
  pages={475--489},
  year={2021},
  organization={Springer}
}

@inproceedings{zhou2022conditional,
  title={Conditional prompt learning for vision-language models},
  author={Zhou, Kaiyang and Yang, Jingkang and Loy, Chen Change and Liu, Ziwei},
  booktitle={Proceedings of the IEEE/CVF conference on computer vision and pattern recognition},
  pages={16816--16825},
  year={2022}
}

@inproceedings{gong2019memorizing,
  title={Memorizing normality to detect anomaly: Memory-augmented deep autoencoder for unsupervised anomaly detection},
  author={Gong, Dong and Liu, Lingqiao and Le, Vuong and Saha, Budhaditya and Mansour, Moussa Reda and Venkatesh, Svetha and Hengel, Anton van den},
  booktitle={Proceedings of the IEEE/CVF international conference on computer vision},
  pages={1705--1714},
  year={2019}
}

@inproceedings{rombach2022high,
  title={High-resolution image synthesis with latent diffusion models},
  author={Rombach, Robin and Blattmann, Andreas and Lorenz, Dominik and Esser, Patrick and Ommer, Bj{\"o}rn},
  booktitle={Proceedings of the IEEE/CVF conference on computer vision and pattern recognition},
  pages={10684--10695},
  year={2022}
}