@inproceedings{cao2023anomaly,
  title={Anomaly detection under distribution shift},
  author={Cao, Tri and Zhu, Jiawen and Pang, Guansong},
  booktitle={Proceedings of the IEEE/CVF International Conference on Computer Vision},
  pages={6511--6523},
  year={2023}
}

@article{chen2024subject,
  title={Subject-driven text-to-image generation via apprenticeship learning},
  author={Chen, Wenhu and Hu, Hexiang and Li, Yandong and Ruiz, Nataniel and Jia, Xuhui and Chang, Ming-Wei and Cohen, William W},
  journal={Advances in Neural Information Processing Systems},
  volume={36},
  year={2024}
}

@inproceedings{deng2022anomaly,
  title={Anomaly detection via reverse distillation from one-class embedding},
  author={Deng, Hanqiu and Li, Xingyu},
  booktitle={Proceedings of the IEEE/CVF Conference on Computer Vision and Pattern Recognition},
  pages={9737--9746},
  year={2022}
}

@inproceedings{huang2022registration,
  title={Registration based few-shot anomaly detection},
  author={Huang, Chaoqin and Guan, Haoyan and Jiang, Aofan and Zhang, Ya and Spratling, Michael and Wang, Yan-Feng},
  booktitle={European Conference on Computer Vision},
  pages={303--319},
  year={2022},
  organization={Springer}
}

@inproceedings{jeong2023winclip,
  title={Winclip: Zero-/few-shot anomaly classification and segmentation},
  author={Jeong, Jongheon and Zou, Yang and Kim, Taewan and Zhang, Dongqing and Ravichandran, Avinash and Dabeer, Onkar},
  booktitle={Proceedings of the IEEE/CVF Conference on Computer Vision and Pattern Recognition},
  pages={19606--19616},
  year={2023}
}

@inproceedings{liu2023cones,
  title={Cones: Concept Neurons in Diffusion Models for Customized Generation},
  author={Liu, Zhiheng and Feng, Ruili and Zhu, Kai and Zhang, Yifei and Zheng, Kecheng and Liu, Yu and Zhao, Deli and Zhou, Jingren and Cao, Yang},
  booktitle={International Conference on Machine Learning},
  pages={21548--21566},
  year={2023},
  organization={PMLR}
}

@inproceedings{radford2021learning,
  title={Learning transferable visual models from natural language supervision},
  author={Radford, Alec and Kim, Jong Wook and Hallacy, Chris and Ramesh, Aditya and Goh, Gabriel and Agarwal, Sandhini and Sastry, Girish and Askell, Amanda and Mishkin, Pamela and Clark, Jack and others},
  booktitle={International conference on machine learning},
  pages={8748--8763},
  year={2021},
  organization={PMLR}
}

@inproceedings{ruiz2023dreambooth,
  title={Dreambooth: Fine tuning text-to-image diffusion models for subject-driven generation},
  author={Ruiz, Nataniel and Li, Yuanzhen and Jampani, Varun and Pritch, Yael and Rubinstein, Michael and Aberman, Kfir},
  booktitle={Proceedings of the IEEE/CVF Conference on Computer Vision and Pattern Recognition},
  pages={22500--22510},
  year={2023}
}

@inproceedings{tien2023revisiting,
  title={Revisiting reverse distillation for anomaly detection},
  author={Tien, Tran Dinh and Nguyen, Anh Tuan and Tran, Nguyen Hoang and Huy, Ta Duc and Duong, Soan and Nguyen, Chanh D Tr and Truong, Steven QH},
  booktitle={Proceedings of the IEEE/CVF conference on computer vision and pattern recognition},
  pages={24511--24520},
  year={2023}
}

@article{zavrtanik2021reconstruction,
  title={Reconstruction by inpainting for visual anomaly detection},
  author={Zavrtanik, Vitjan and Kristan, Matej and Sko{\v{c}}aj, Danijel},
  journal={Pattern Recognition},
  volume={112},
  pages={107706},
  year={2021},
  publisher={Elsevier}
}

@inproceedings{zhou2020encoding,
  title={Encoding structure-texture relation with p-net for anomaly detection in retinal images},
  author={Zhou, Kang and Xiao, Yuting and Yang, Jianlong and Cheng, Jun and Liu, Wen and Luo, Weixin and Gu, Zaiwang and Liu, Jiang and Gao, Shenghua},
  booktitle={Computer Vision--ECCV 2020: 16th European Conference, Glasgow, UK, August 23--28, 2020, Proceedings, Part XX 16},
  pages={360--377},
  year={2020},
  organization={Springer}
}

@article{zhou2023anomalyclip,
  title={Anomalyclip: Object-agnostic prompt learning for zero-shot anomaly detection},
  author={Zhou, Qihang and Pang, Guansong and Tian, Yu and He, Shibo and Chen, Jiming},
  journal={arXiv preprint arXiv:2310.18961},
  year={2023}
}

