@article{perwej2019internet,
  title={{The Internet of Things (IoT) and its Application Domains}},
  author={Perwej, Yusuf and Haq, Kashiful and Parwej, Firoj and Mumdouh, M and Hassan, Mohamed},
  journal={International Journal of Computer Applications},
  volume={975},
  number={8887},
  pages={182},
  year={2019}
}

@article{Pournaras2016,
  title={Self-repairable smart grids via online coordination of smart transformers},
  author={Pournaras, Evangelos and Espejo-Uribe, Jose},
  journal={IEEE Transactions on Industrial Informatics},
  volume={13},
  number={4},
  pages={1783--1793},
  year={2016},
  publisher={IEEE}
}

@article{ali2018applications,
  title={{Applications of blockchains in the Internet of Things: A comprehensive survey}},
  author={Ali, Muhammad Salek and Vecchio, Massimo and Pincheira, Miguel and Dolui, Koustabh and Antonelli, Fabio and Rehmani, Mubashir Husain},
  journal={IEEE Communications Surveys \& Tutorials},
  volume={21},
  number={2},
  pages={1676--1717},
  year={2018},
  publisher={IEEE}
}

@article{yang2019survey,
  title={A survey of distributed optimization},
  author={Yang, Tao and Yi, Xinlei and Wu, Junfeng and Yuan, Ye and Wu, Di and Meng, Ziyang and Hong, Yiguang and Wang, Hong and Lin, Zongli and Johansson, Karl H},
  journal={Annual Reviews in Control},
  volume={47},
  pages={278--305},
  year={2019},
  publisher={Elsevier}
}

@inproceedings{gupta2020fault,
  title={Fault-tolerance in distributed optimization: The case of redundancy},
  author={Gupta, Nirupam and Vaidya, Nitin H},
  booktitle={Proceedings of the 39th Symposium on Principles of Distributed Computing},
  pages={365--374},
  year={2020}
}

@inproceedings{liu2021approximate,
  title={Approximate byzantine fault-tolerance in distributed optimization},
  author={Liu, Shuo and Gupta, Nirupam and Vaidya, Nitin H},
  booktitle={Proceedings of the 2021 ACM Symposium on Principles of Distributed Computing},
  pages={379--389},
  year={2021}
} 


@article{rajabi2021resilience,
  title={Resilience against data manipulation in distributed synchrophasor-based mode estimation},
  author={Rajabi, Arezoo and Bobba, Rakesh B},
  journal={IEEE Transactions on Smart Grid},
  volume={12},
  number={4},
  pages={3538--3547},
  year={2021},
  publisher={IEEE}
}

@incollection{singh2022federated,
  title={Federated learning: Challenges, methods, and future directions},
  author={Singh, Pushpa and Singh, Murari Kumar and Singh, Rajnesh and Singh, Narendra},
  booktitle={Federated Learning for IoT Applications},
  pages={199--214},
  year={2022},
  publisher={Springer}
}

@article{nedic2009distributed,
  title={Distributed subgradient methods for multi-agent optimization},
  author={Nedic, Angelia and Ozdaglar, Asuman},
  journal={IEEE Transactions on Automatic Control},
  volume={54},
  number={1},
  pages={48--61},
  year={2009},
  publisher={IEEE}
}

@article{boyd2011distributed,
  title={Distributed optimization and statistical learning via the alternating direction method of multipliers},
  author={Boyd, Stephen and Parikh, Neal and Chu, Eric and Peleato, Borja and Eckstein, Jonathan and others},
  journal={Foundations and Trends{\textregistered} in Machine learning},
  volume={3},
  number={1},
  pages={1--122},
  year={2011},
  publisher={Now Publishers, Inc.}
}

@ARTICLE{zhou2021asynchronous,
  author={Lan, Guanghui and Zhou, Yi},
  journal={IEEE Journal on Selected Areas in Information Theory}, 
  title={Asynchronous Decentralized Accelerated Stochastic Gradient Descent}, 
  year={2021},
  volume={2},
  number={2},
  pages={802-811},
  keywords={Complexity theory;Convergence;Signal processing algorithms;Optimization;Delays;Support vector machines;Convex functions;Distributed algorithms;machine learning algorithms;gradient methods;decentralized control},
  doi={10.1109/JSAIT.2021.3080256}}


@article{zhou2021graph,
author = {Lan, Guanghui and Ouyang, Yuyuan and Zhou, Yi},
title = {Graph Topology Invariant Gradient and Sampling Complexity for Decentralized and Stochastic Optimization},
journal = {SIAM Journal on Optimization},
volume = {33},
number = {3},
pages = {1647-1675},
year = {2023},
doi = {10.1137/20M138956X}
}

@inproceedings{ravi2019case,
  title={A case of distributed optimization in adversarial environment},
  author={Ravi, Nikhil and Scaglione, Anna and Nedi{\'c}, Angelia},
  booktitle={ICASSP 2019-2019 IEEE International Conference on Acoustics, Speech and Signal Processing (ICASSP)},
  pages={5252--5256},
  year={2019},
  organization={IEEE}
}

@article{sundaram2018distributed,
  title={Distributed optimization under adversarial nodes},
  author={Sundaram, Shreyas and Gharesifard, Bahman},
  journal={IEEE Transactions on Automatic Control},
  volume={64},
  number={3},
  pages={1063--1076},
  year={2018},
  publisher={IEEE}
}

@article{lu2020distributed,
  title={Distributed secure state estimation in the presence of malicious agents},
  author={Lu, An-Yang and Yang, Guang-Hong},
  journal={IEEE Transactions on Automatic Control},
  volume={66},
  number={6},
  pages={2875--2882},
  year={2020},
  publisher={IEEE}
}

@article{tsitsiklis1986distributed,
  title={Distributed asynchronous deterministic and stochastic gradient optimization algorithms},
  author={Tsitsiklis, John and Bertsekas, Dimitri and Athans, Michael},
  journal={IEEE transactions on automatic control},
  volume={31},
  number={9},
  pages={803--812},
  year={1986},
  publisher={IEEE}
}

@article{nedic2016stochastic,
  title={Stochastic gradient-push for strongly convex functions on time-varying directed graphs},
  author={Nedi{\'c}, Angelia and Olshevsky, Alex},
  journal={IEEE Transactions on Automatic Control},
  volume={61},
  number={12},
  pages={3936--3947},
  year={2016},
  publisher={IEEE}
}


@article{shahrampour2017distributed,
  title={Distributed online optimization in dynamic environments using mirror descent},
  author={Shahrampour, Shahin and Jadbabaie, Ali},
  journal={IEEE Transactions on Automatic Control},
  volume={63},
  number={3},
  pages={714--725},
  year={2017},
  publisher={IEEE}
}

@inproceedings{fanitabasi2018review,
  title={A review of adversarial behaviour in distributed multi-agent optimisation},
  author={Fanitabasi, Farzam},
  booktitle={2018 IEEE/ACM International Conference on Utility and Cloud Computing Companion (UCC Companion)},
  pages={53--58},
  year={2018},
  organization={IEEE}
}

@article{gonzalez2018multi,
  title={Multi-agent systems applications in energy optimization problems: A state-of-the-art review},
  author={Gonz{\'a}lez-Briones, Alfonso and De La Prieta, Fernando and Mohamad, Mohd Saberi and Omatu, Sigeru and Corchado, Juan M},
  journal={Energies},
  volume={11},
  number={8},
  pages={1928},
  year={2018},
  publisher={MDPI}
}

@article{pournaras2018decentralized,
  title={Decentralized collective learning for self-managed sharing economies},
  author={Pournaras, Evangelos and Pilgerstorfer, Peter and Asikis, Thomas},
  journal={ACM Transactions on Autonomous and Adaptive Systems (TAAS)},
  volume={13},
  number={2},
  pages={1--33},
  year={2018},
  publisher={ACM New York, NY, USA}
}

@article{lu2017distributed,
  title={Distributed optimization of first-order discrete-time multi-agent systems with event-triggered communication},
  author={L{\"u}, Qingguo and Li, Huaqing and Xia, Dawen},
  journal={Neurocomputing},
  volume={235},
  pages={255--263},
  year={2017},
  publisher={Elsevier}
}

@article{zan2023adversarial,
  title={Adversarial attacks on cooperative multi-agent deep reinforcement learning: a dynamic group-based adversarial example transferability method},
  author={Zan, Lixia and Zhu, Xiangbin and Hu, Zhao-Long},
  journal={Complex \& Intelligent Systems},
  volume={9},
  number={6},
  pages={7439--7450},
  year={2023},
  publisher={Springer}
}


@article{yazdani2023techno,
  title={Techno-economic and environmental design of hybrid energy systems using multi-objective optimization and multi-criteria decision making methods},
  author={Yazdani, Hamed and Baneshi, Mehdi and Yaghoubi, Mahmood},
  journal={Energy Conversion and Management},
  volume={282},
  pages={116873},
  year={2023},
  publisher={Elsevier}
}


@article{qiao2023multi,
  title={Multi-objective optimization of integrated energy system considering installation configuration},
  author={Qiao, Yiyang and Hu, Fan and Xiong, Wen and Guo, Zihao and Zhou, Xiaoguang and Li, Yajun},
  journal={Energy},
  volume={263},
  pages={125785},
  year={2023},
  publisher={Elsevier}
}

@article{patari2021distributed,
  title={Distributed optimization in distribution systems: Use cases, limitations, and research needs},
  author={Patari, Niloy and Venkataramanan, Venkatesh and Srivastava, Anurag and Molzahn, Daniel K and Li, Na and Annaswamy, Anuradha},
  journal={IEEE Transactions on Power Systems},
  volume={37},
  number={5},
  pages={3469--3481},
  year={2021},
  publisher={IEEE}
}

@article{fu2021resilient,
  title={Resilient consensus-based distributed optimization under deception attacks},
  author={Fu, Weiming and Ma, Qichao and Qin, Jiahu and Kang, Yu},
  journal={International Journal of Robust and Nonlinear Control},
  volume={31},
  number={6},
  pages={1803--1816},
  year={2021},
  publisher={Wiley Online Library}
}

@article{zhang2023accelerated,
  title={Accelerated Distributed Optimization Algorithm With Malicious Nodes},
  author={Zhang, Shiheng and Liu, Zhi-Wei and Wen, Guanghui and Wang, Yan-Wu},
  journal={IEEE Transactions on Network Science and Engineering},
  year={2023},
  publisher={IEEE}
}

@article{chen2023differentially,
  title={A Differentially Private Method for Distributed Optimization in Directed Networks via State Decomposition},
  author={Chen, Xiaomeng and Huang, Lingying and He, Lidong and Dey, Subhrakanti and Shi, Ling},
  journal={IEEE Transactions on Control of Network Systems},
  year={2023},
  publisher={IEEE}
}

@article{wang2019privacy,
  title={Privacy-preserving average consensus via state decomposition},
  author={Wang, Yongqiang},
  journal={IEEE Transactions on Automatic Control},
  volume={64},
  number={11},
  pages={4711--4716},
  year={2019},
  publisher={IEEE}
}

@article{zhang2018enabling,
  title={Enabling privacy-preservation in decentralized optimization},
  author={Zhang, Chunlei and Wang, Yongqiang},
  journal={IEEE Transactions on Control of Network Systems},
  volume={6},
  number={2},
  pages={679--689},
  year={2018},
  publisher={IEEE}
}

@article{lu2018privacy,
  title={Privacy preserving distributed optimization using homomorphic encryption},
  author={Lu, Yang and Zhu, Minghui},
  journal={Automatica},
  volume={96},
  pages={314--325},
  year={2018},
  publisher={Elsevier}
}

@inproceedings{ding2018consensus,
  title={Consensus-based distributed optimization in multi-agent systems: Convergence and differential privacy},
  author={Ding, Tie and Zhu, Shanying and He, Jianping and Chen, Cailian and Guan, Xinping},
  booktitle={2018 IEEE Conference on Decision and Control (CDC)},
  pages={3409--3414},
  year={2018},
  organization={IEEE}
}

@article{ding2021differentially,
  title={Differentially private distributed optimization via state and direction perturbation in multiagent systems},
  author={Ding, Tie and Zhu, Shanying and He, Jianping and Chen, Cailian and Guan, Xinping},
  journal={IEEE Transactions on Automatic Control},
  volume={67},
  number={2},
  pages={722--737},
  year={2021},
  publisher={IEEE}
}

@article{mao2020privacy,
  title={A privacy preserving distributed optimization algorithm for economic dispatch over time-varying directed networks},
  author={Mao, Shuai and Tang, Yang and Dong, Ziwei and Meng, Ke and Dong, Zhao Yang and Qian, Feng},
  journal={IEEE Transactions on Industrial Informatics},
  volume={17},
  number={3},
  pages={1689--1701},
  year={2020},
  publisher={IEEE}
}

@article{tran2019distributed,
  title={Distributed optimization problem for second-order multi-agent systems with event-triggered and time-triggered communication},
  author={Tran, Ngoc-Tu and Wang, Yan-Wu and Liu, Xiao-Kang and Xiao, Jiang-Wen and Lei, Yan},
  journal={Journal of the Franklin Institute},
  volume={356},
  number={17},
  pages={10196--10215},
  year={2019},
  publisher={Elsevier}
}

@article{huang2019distributed,
  title={Distributed time-varying convex optimization for a class of nonlinear multiagent systems},
  author={Huang, Bomin and Zou, Yao and Meng, Ziyang and Ren, Wei},
  journal={IEEE Transactions on Automatic control},
  volume={65},
  number={2},
  pages={801--808},
  year={2019},
  publisher={IEEE}
}

@article{nedic2014distributed,
  title={Distributed optimization over time-varying directed graphs},
  author={Nedi{\'c}, Angelia and Olshevsky, Alex},
  journal={IEEE Transactions on Automatic Control},
  volume={60},
  number={3},
  pages={601--615},
  year={2014},
  publisher={IEEE}
}

@inproceedings{kuwaranancharoen2020byzantine,
  title={Byzantine-resilient distributed optimization of multi-dimensional functions},
  author={Kuwaranancharoen, Kananart and Xin, Lei and Sundaram, Shreyas},
  booktitle={2020 American Control Conference (ACC)},
  pages={4399--4404},
  year={2020},
  organization={IEEE}
}

@article{su2020byzantine,
  title={Byzantine-resilient multiagent optimization},
  author={Su, Lili and Vaidya, Nitin H},
  journal={IEEE Transactions on Automatic Control},
  volume={66},
  number={5},
  pages={2227--2233},
  year={2020},
  publisher={IEEE}
}

@inproceedings{lin2020robustness,
  title={On the robustness of cooperative multi-agent reinforcement learning},
  author={Lin, Jieyu and Dzeparoska, Kristina and Zhang, Sai Qian and Leon-Garcia, Alberto and Papernot, Nicolas},
  booktitle={2020 IEEE Security and Privacy Workshops (SPW)},
  pages={62--68},
  year={2020},
  organization={IEEE}
}

@inproceedings{figura2021adversarial,
  title={Adversarial attacks in consensus-based multi-agent reinforcement learning},
  author={Figura, Martin and Kosaraju, Krishna Chaitanya and Gupta, Vijay},
  booktitle={2021 American Control Conference (ACC)},
  pages={3050--3055},
  year={2021},
  organization={IEEE}
}
@article{guesmi2023physical,
  title={Physical adversarial attacks for camera-based smart systems: Current trends, categorization, applications, research challenges, and future outlook},
  author={Guesmi, Amira and Hanif, Muhammad Abdullah and Ouni, Bassem and Shafique, Muhammad},
  journal={IEEE Access},
  year={2023},
  publisher={IEEE}
}
@article{ali2023survey,
  title={A survey on attacks and their countermeasures in deep learning: Applications in deep neural networks, federated, transfer, and deep reinforcement learning},
  author={Ali, Haider and Chen, Dian and Harrington, Matthew and Salazar, Nathaniel and Al Ameedi, Mohannad and Khan, Ahmad Faraz and Butt, Ali R and Cho, Jin-Hee},
  journal={IEEE Access},
  volume={11},
  pages={120095--120130},
  year={2023},
  publisher={IEEE}
}

@article{zheng2021vulnerability,
  title={Vulnerability assessment of deep reinforcement learning models for power system topology optimization},
  author={Zheng, Yan and Yan, Ziming and Chen, Kangjie and Sun, Jianwen and Xu, Yan and Liu, Yang},
  journal={IEEE Transactions on Smart Grid},
  volume={12},
  number={4},
  pages={3613--3623},
  year={2021},
  publisher={IEEE}
}

@article{ishii2022overview,
  title={An overview on multi-agent consensus under adversarial attacks},
  author={Ishii, Hideaki and Wang, Yuan and Feng, Shuai},
  journal={Annual Reviews in Control},
  volume={53},
  pages={252--272},
  year={2022},
  publisher={Elsevier}
}

@INPROCEEDINGS{yemini2022resilience,
  author={Yemini, Michal and Nedić, Angelia and Gil, Stephanie and Goldsmith, Andrea J.},
  booktitle={2022 IEEE 61st Conference on Decision and Control (CDC)}, 
  title={Resilience to Malicious Activity in Distributed Optimization for Cyberphysical Systems}, 
  year={2022},
  volume={},
  number={},
  pages={4185-4192},
  keywords={Upper bound;Heuristic algorithms;Stochastic processes;Cyber-physical systems;Optimization;Faces;Convergence},
  doi={10.1109/CDC51059.2022.9992416}}


@article{du2023distributed,
  title={A distributed optimization algorithm over Markov switching topology under adversarial attack},
  author={Du, Ku and Ma, Qichao and Kang, Yu and Wang, Shi},
  journal={Journal of the Franklin Institute},
  volume={360},
  number={16},
  pages={12770--12784},
  year={2023},
  publisher={Elsevier}
}

@article{zhao2019resilient,
  title={Resilient distributed optimization algorithm against adversarial attacks},
  author={Zhao, Chengcheng and He, Jianping and Wang, Qing-Guo},
  journal={IEEE Transactions on Automatic Control},
  volume={65},
  number={10},
  pages={4308--4315},
  year={2019},
  publisher={IEEE}
}

@inproceedings{uribe2019resilient,
  title={Resilient distributed optimization algorithms for resource allocation},
  author={Uribe, C{\'e}sar A and Wai, Hoi-To and Alizadeh, Mahnoosh},
  booktitle={2019 IEEE 58th Conference on Decision and Control (CDC)},
  pages={8341--8346},
  year={2019},
  organization={IEEE}
}

@article{turan2020resilient,
  title={Resilient primal--dual optimization algorithms for distributed resource allocation},
  author={Turan, Berkay and Uribe, C{\'e}sar A and Wai, Hoi-To and Alizadeh, Mahnoosh},
  journal={IEEE Transactions on Control of Network Systems},
  volume={8},
  number={1},
  pages={282--294},
  year={2020},
  publisher={IEEE}
}

@article{gentz2016data,
  title={Data injection attacks in randomized gossiping},
  author={Gentz, Reinhard and Wu, Sissi Xiaoxiao and Wai, Hoi-To and Scaglione, Anna and Leshem, Amir},
  journal={IEEE Transactions on Signal and Information Processing over Networks},
  volume={2},
  number={4},
  pages={523--538},
  year={2016},
  publisher={IEEE}
}
@inproceedings{hinrichs2014cohda,
  title={COHDA: A combinatorial optimization heuristic for distributed agents},
  author={Hinrichs, Christian and Lehnhoff, Sebastian and Sonnenschein, Michael},
  booktitle={Agents and Artificial Intelligence: 5th International Conference, ICAART 2013, Barcelona, Spain, February 15-18, 2013. Revised Selected Papers 5},
  pages={23--39},
  year={2014},
  organization={Springer}
}

@article{hinrichs2017distributed,
  title={A distributed combinatorial optimisation heuristic for the scheduling of energy resources represented by self-interested agents},
  author={Hinrichs, Christian and Sonnenschein, Michael},
  journal={International Journal of Bio-Inspired Computation},
  volume={10},
  number={2},
  pages={69--78},
  year={2017},
  publisher={Inderscience Publishers (IEL)}
}

@article{pournaras2017self,
  title={Self-regulating supply--demand systems},
  author={Pournaras, Evangelos and Yao, Mark and Helbing, Dirk},
  journal={Future Generation Computer Systems},
  volume={76},
  pages={73--91},
  year={2017},
  publisher={Elsevier}
}

@inproceedings{pournaras2020collective,
  title={Collective learning: A 10-year odyssey to human-centered distributed intelligence},
  author={Pournaras, Evangelos},
  booktitle={2020 IEEE International Conference on Autonomic Computing and Self-Organizing Systems (ACSOS)},
  pages={205--214},
  year={2020},
  organization={IEEE}
}

@article{pournaras2024collective,
  title={Collective privacy recovery: Data-sharing coordination via decentralized artificial intelligence},
  author={Pournaras, Evangelos and Ballandies, Mark Christopher and Bennati, Stefano and Chen, Chien-fei},
  journal={PNAS nexus},
  volume={3},
  number={2},
  pages={pgae029},
  year={2024},
  publisher={Oxford University Press US}
}
@article{pournaras2020holarchic,
  title={Holarchic structures for decentralized deep learning: a performance analysis},
  author={Pournaras, Evangelos and Yadhunathan, Srivatsan and Diaconescu, Ada},
  journal={Cluster Computing},
  volume={23},
  pages={219--240},
  year={2020},
  publisher={Springer}
}
@phdthesis{pournaras2013multi,
  title={Multi-level reconfigurable self-organization in overlay services},
  author={Pournaras, Evangelos},
  year={2013},
  school= {Delft University of Technology, School of Technology Policy and Management, Department of Multi-Actor Systems},
type         = {PhD Thesis},
  doi          = {10.12681/eadd/30107}
}

@article{hancock2022avoiding,
  title={Avoiding adverse autonomous agent actions},
  author={Hancock, Peter A},
  journal={Human--Computer Interaction},
  volume={37},
  number={3},
  pages={211--236},
  year={2022},
  publisher={Taylor \& Francis}
}

@ARTICLE{otsu1979,
  author={Otsu, Nobuyuki},
  journal={IEEE Transactions on Systems, Man, and Cybernetics}, 
  title={A Threshold Selection Method from Gray-Level Histograms}, 
  year={1979},
  volume={9},
  number={1},
  pages={62-66},
  keywords={Histograms;Marine vehicles;Radar tracking;Least squares approximation;Surveillance;Target tracking;Gaussian distribution;Displays;Q measurement;Sea measurements},
  doi={10.1109/TSMC.1979.4310076}}

@ARTICLE{9466159,
  author={Nikolić, Jovan and Jubatyrov, Nursultan and Pournaras, Evangelos},
  journal={IEEE Transactions on Network and Service Management}, 
  title={Self-Healing Dilemmas in Distributed Systems: Fault Correction vs. Fault Tolerance}, 
  year={2021},
  volume={18},
  number={3},
  pages={2728-2741},
  keywords={Fault tolerant systems;Fault tolerance;Computational modeling;Fault detection;Uncertainty;Maintenance engineering;Predictive models;Self-healing;fault correction;fault tolerance;fault detection;distributed system;agent;gossip;aggregation},
  doi={10.1109/TNSM.2021.3092939}}

@inproceedings{hodgkinson2021multiplicative,
  title={Multiplicative noise and heavy tails in stochastic optimization},
  author={Hodgkinson, Liam and Mahoney, Michael},
  booktitle={International Conference on Machine Learning},
  pages={4262--4274},
  year={2021},
  organization={PMLR}
}
@article{spall2012stochastic,
  title={Stochastic optimization},
  author={Spall, James C},
  journal={Handbook of computational statistics: Concepts and methods},
  pages={173--201},
  year={2012},
  publisher={Springer}
}

@misc{majumdar2024score,
  author = {Majumdar, Srijoni and Pournaras, Evangelos},
  year = {2024},
  title = {Score Voting Plans - 256 Voters in UK Labor 2010 Elections},
  publisher = {figshare},
  doi = {10.6084/m9.figshare.27925494.v1},
  url = {https://doi.org/10.6084/m9.figshare.27925494.v1}
}

@article{li2020knee,
  title={Knee Point-Guided Multiobjective Optimization Algorithm for Microgrid Dynamic Energy Management},
  author={Li, Wenhua and Zhang, Guo and Zhang, Tao and Huang, Shengjun},
  journal={Complexity},
  volume={2020},
  number={1},
  pages={8877008},
  year={2020},
  publisher={Wiley Online Library}
}

@article{sun2024knee,
  title={A knee-oriented many-objective differential evolution with bi-strategy and Manhattan distance-domination range},
  author={Sun, Yu and Li, Shiming},
  journal={Swarm and Evolutionary Computation},
  volume={89},
  pages={101637},
  year={2024},
  publisher={Elsevier}
}

@article{merzban2019efficient,
  title={Efficient solution of Otsu multilevel image thresholding: A comparative study},
  author={Merzban, Mohamed H and Elbayoumi, Mahmoud},
  journal={Expert Systems with Applications},
  volume={116},
  pages={299--309},
  year={2019},
  publisher={Elsevier}
}