@misc{lin2024proprioceptiveinvariantrobotstate,
      title={Proprioceptive Invariant Robot State Estimation}, 
      author={Tzu-Yuan Lin and Tingjun Li and Wenzhe Tong and Maani Ghaffari},
      year={2024},
      eprint={2311.04320},
      archivePrefix={arXiv},
      primaryClass={cs.RO},
      url={https://arxiv.org/abs/2311.04320}, 
}

@ARTICLE{FAST-LIO,
  author={Xu, Wei and Cai, Yixi and He, Dongjiao and Lin, Jiarong and Zhang, Fu},
  journal=IEEE_J_RO, 
  title={{FAST-LIO2}: Fast Direct LiDAR-Inertial Odometry}, 
  year={2022},
  volume={38},
  number={4},
  pages={2053-2073},
  keywords={Laser radar;Robots;Real-time systems;Feature extraction;Data structures;Point cloud compression;Kalman filters;Aerial systems;sensor fusion;simultaneous localization and mapping (SLAM)},
  doi={10.1109/TRO.2022.3141876}}

@INPROCEEDINGS{LINS,
  author={Qin, Chao and Ye, Haoyang and Pranata, Christian E. and Han, Jun and Zhang, Shuyang and Liu, Ming},
  booktitle=C-ICRA, 
  title={{LINS}: A Lidar-Inertial State Estimator for Robust and Efficient Navigation}, 
  year={2020},
  volume={},
  number={},
  pages={8899-8906},
  keywords={Feature extraction;Laser radar;Three-dimensional displays;Kalman filters;Real-time systems;Optimization;Navigation},
  doi={10.1109/ICRA40945.2020.9197567}}

@article{POINT-LIO,
  title={{Point-LIO}: Robust High-Bandwidth Light Detection and Ranging Inertial Odometry},
  author={He, Dongjiao and Xu, Wei and Chen, Nan and Kong, Fanze and Yuan, Chongjian and Zhang, Fu},
  journal={Advanced Intelligent Systems},
  volume={5},
  number={7},
  pages={2200459},
  year={2023},
  publisher={Wiley Online Library}
}

@INPROCEEDINGS{DR-LRIO,
  author={Nissov, Morten and Khedekar, Nikhil and Alexis, Kostas},
  booktitle=C-ICRA, 
  title={Degradation Resilient LiDAR-Radar-Inertial Odometry}, 
  year={2024},
  volume={},
  number={},
  pages={8587-8594},
  keywords={Degradation;Laser radar;Prevention and mitigation;Estimation;Robot sensing systems;Sensors;Odometry},
  doi={10.1109/ICRA57147.2024.10611444}}

@ARTICLE{D-LIOM,
  author={Wang, Zhong and Zhang, Lin and Shen, Ying and Zhou, Yicong},
  journal=IEEE_J_MM, 
  title={{D-LIOM}: Tightly-Coupled Direct LiDAR-Inertial Odometry and Mapping}, 
  year={2023},
  volume={25},
  number={},
  pages={3905-3920},
  keywords={Feature extraction;Laser radar;Simultaneous localization and mapping;Point cloud compression;Sensors;Three-dimensional displays;Gravity;LiDAR-Inertial odometry;SLAM;loop detection;data fusion},
  doi={10.1109/TMM.2022.3168423}}

@article{wildcat,
  title={Wildcat: Online continuous-time 3d lidar-inertial slam},
  author={Ramezani, Milad and Khosoussi, Kasra and Catt, Gavin and Moghadam, Peyman and Williams, Jason and Borges, Paulo and Pauling, Fred and Kottege, Navinda},
  journal={arXiv preprint arXiv:2205.12595},
  year={2022}
}

@ARTICLE{SR-LIVO,
  author={Yuan, Zikang and Deng, Jie and Ming, Ruiye and Lang, Fengtian and Yang, Xin},
  journal=IEEE_J_RAL, 
  title={{SR-LIVO}: LiDAR-Inertial-Visual Odometry and Mapping With Sweep Reconstruction}, 
  year={2024},
  volume={9},
  number={6},
  pages={5110-5117},
  keywords={Laser radar;Image reconstruction;Cameras;Image color analysis;Visualization;State estimation;Rendering (computer graphics);SLAM;localization;sensor fusion},
  doi={10.1109/LRA.2024.3389415}}

@inproceedings{ekf-radar,
  title={An ekf based approach to radar inertial odometry},
  author={Doer, Christopher and Trommer, Gert F},
  booktitle={2020 IEEE International Conference on Multisensor Fusion and Integration for Intelligent Systems (MFI)},
  pages={152--159},
  year={2020},
  organization={IEEE}
}

@inproceedings{4DRadarSLAM,
  title={{4DRadarSLAM}: A 4D imaging radar SLAM system for large-scale environments based on pose graph optimization},
  author={Zhang, Jun and Zhuge, Huayang and Wu, Zhenyu and Peng, Guohao and Wen, Mingxing and Liu, Yiyao and Wang, Danwei},
  booktitle=C-ICRA,
  pages={8333--8340},
  year={2023},
  organization={IEEE}
}

@article{hartley2020contact,
  title={Contact-aided invariant extended Kalman filtering for robot state estimation},
  author={Hartley, Ross and Ghaffari, Maani and Eustice, Ryan M and Grizzle, Jessy W},
  journal=J-IJRR,
  volume={39},
  number={4},
  pages={402--430},
  year={2020},
  publisher={SAGE Publications Sage UK: London, England}
}

@article{qin2018vins,
  title={Vins-mono: A robust and versatile monocular visual-inertial state estimator},
  author={Qin, Tong and Li, Peiliang and Shen, Shaojie},
  journal=IEEE_J_RO,
  volume={34},
  number={4},
  pages={1004--1020},
  year={2018},
  publisher={IEEE}
}

@article{he2021kalman,
  title={Kalman filters on differentiable manifolds},
  author={He, Dongjiao and Xu, Wei and Zhang, Fu},
  journal={arXiv preprint arXiv:2102.03804},
  year={2021}
}

@inproceedings{zhang2023ntu4dradlm,
  title={Ntu4dradlm: 4d radar-centric multi-modal dataset for localization and mapping},
  author={Zhang, Jun and Zhuge, Huayang and Liu, Yiyao and Peng, Guohao and Wu, Zhenyu and Zhang, Haoyuan and Lyu, Qiyang and Li, Heshan and Zhao, Chunyang and Kircali, Dogan and others},
  booktitle=C-ITSC,
  pages={4291--4296},
  year={2023},
  organization={IEEE}
}

@article{huai2024snail,
  title={{Snail-Radar}: A large-scale diverse dataset for the evaluation of 4D-radar-based SLAM systems},
  author={Huai, Jianzhu and Wang, Binliang and Zhuang, Yuan and Chen, Yiwen and Li, Qipeng and Han, Yulong and Toth, Charles},
  journal={arXiv preprint arXiv:2407.11705},
  year={2024}
}

@INPROCEEDINGS{DLIO,
  author={Chen, Kenny and Nemiroff, Ryan and Lopez, Brett T.},
  booktitle=C-ICRA, 
  title={Direct LiDAR-Inertial Odometry: Lightweight LIO with Continuous-Time Motion Correction}, 
  year={2023},
  volume={},
  number={},
  pages={3983-3989},
  keywords={Location awareness;Technological innovation;Computer architecture;Observers;Real-time systems;Trajectory;Odometry},
  doi={10.1109/ICRA48891.2023.10160508}}

@misc{grupp2017evo,
  title={evo: Python package for the evaluation of odometry and SLAM.},
  author={Grupp, Michael},
  howpublished={\url{https://github.com/MichaelGrupp/evo}},
  year={2017}
}

@ARTICLE{Versatile_Ground,
  author={Chen, Jiaying and Wang, Han and Hu, Minghui and Suganthan, Ponnuthurai Nagaratnam},
  journal=IEEE_J_RAL, 
  title={Versatile LiDAR-Inertial Odometry With SE(2) Constraints for Ground Vehicles}, 
  year={2023},
  volume={8},
  number={6},
  pages={3486-3493},
  keywords={Laser radar;Simultaneous localization and mapping;Robots;Location awareness;Land vehicles;Robot sensing systems;Real-time systems;SLAM;localization;mapping;sensor fusion},
  doi={10.1109/LRA.2023.3268584}}

@inproceedings{kubelka2022gravity,
  title={Gravity-constrained point cloud registration},
  author={Kubelka, Vladim{\'\i}r and Vaidis, Maxime and Pomerleau, Fran{\c{c}}ois},
  booktitle=C-IROS,
  pages={4873--4879},
  year={2022},
  organization={IEEE}
}

@inproceedings{nemiroff2023joint,
  title={Joint On-Manifold Gravity and Accelerometer Intrinsics Estimation for Inertially Aligned Mapping},
  author={Nemiroff, Ryan and Chen, Kenny and Lopez, Brett T},
  booktitle=C-IROS,
  pages={1388--1394},
  year={2023},
  organization={IEEE}
}

@article{agha2021nebula,
  title={Nebula: Quest for robotic autonomy in challenging environments; team costar at the darpa subterranean challenge},
  author={Agha, Ali and Otsu, Kyohei and Morrell, Benjamin and Fan, David D and Thakker, Rohan and Santamaria-Navarro, Angel and Kim, Sung-Kyun and Bouman, Amanda and Lei, Xianmei and Edlund, Jeffrey and others},
  journal={arXiv preprint arXiv:2103.11470},
  year={2021}
}

@article{4diriom,
  title={4d iriom: 4d imaging radar inertial odometry and mapping},
  author={Zhuang, Yuan and Wang, Binliang and Huai, Jianzhu and Li, Miao},
  journal=IEEE_J_RAL,
  volume={8},
  number={6},
  pages={3246--3253},
  year={2023},
  publisher={IEEE}
}

@article{drio,
  title={Drio: Robust radar-inertial odometry in dynamic environments},
  author={Chen, Hongyu and Liu, Yimin and Cheng, Yuwei},
  journal=IEEE_J_RAL,
  year={2023},
  publisher={IEEE}
}

@misc{instruments2020imaging,
  title={Imaging radar using cascaded mmwave sensor reference design},
  author={Instruments, Texas},
  journal={2023-01-05]. http://www. ti. com/lit/ug/tiduen5a/tiduen5a. pdf},
  year={2020}
}

@INPROCEEDINGS{YeongSang_radar,
  author={Park, Yeong Sang and Kim, Joowan and Kim, Ayoung},
  booktitle=C-IROS, 
  title={Radar Localization and Mapping for Indoor Disaster Environments via Multi-modal Registration to Prior LiDAR Map}, 
  year={2019},
  volume={},
  number={},
  pages={1307-1314},
  keywords={},
  doi={10.1109/IROS40897.2019.8967633}}

@INPROCEEDINGS{ROLM,
  author={Ma, Yukai and Zhao, Xiangrui and Li, Han and Gu, Yaqing and Lang, Xiaolei and Liu, Yong},
  booktitle=C-ICRA, 
  title={{RoLM}: Radar on LiDAR Map Localization}, 
  year={2023},
  volume={},
  number={},
  pages={3976-3982},
  keywords={Location awareness;Laser radar;Automation;Autonomous systems;Robot sensing systems;Cameras;Robustness},
  doi={10.1109/ICRA48891.2023.10161203}}

@ARTICLE{RALL,
  author={Yin, Huan and Chen, Runjian and Wang, Yue and Xiong, Rong},
  journal=IEEE_J_ITS, 
  title={{RaLL}: End-to-End Radar Localization on Lidar Map Using Differentiable Measurement Model}, 
  year={2022},
  volume={23},
  number={7},
  pages={6737-6750},
  keywords={Radar;Laser radar;Location awareness;Radar tracking;Simultaneous localization and mapping;Neural networks;Spaceborne radar;Radar localization;deep learning;differentiable model;Kalman filter},
  doi={10.1109/TITS.2021.3061165}}

@article{ma2024fmcw,
  title={FMCW Radar on LiDAR map localization in structural urban environments},
  author={Ma, Yukai and Li, Han and Zhao, Xiangrui and Gu, Yaqing and Lang, Xiaolei and Li, Laijian and Liu, Yong},
  journal=J-JFR,
  volume={41},
  number={3},
  pages={699--717},
  year={2024},
  publisher={Wiley Online Library}
}

@INPROCEEDINGS{RIO_ekf,
  author={Doer, Christopher and Trommer, Gert F.},
  booktitle={2020 IEEE International Conference on Multisensor Fusion and Integration for Intelligent Systems (MFI)}, 
  title={An EKF Based Approach to Radar Inertial Odometry}, 
  year={2020},
  volume={},
  number={},
  pages={152-159},
  keywords={Visualization;Three-dimensional displays;Radar measurements;Navigation;Estimation;Position measurement;Doppler radar},
  doi={10.1109/MFI49285.2020.9235254}}

@article{shi2023invariant,
  title={Invariant extended Kalman filtering for tightly coupled LiDAR-inertial odometry and mapping},
  author={Shi, Pengcheng and Zhu, Zhikai and Sun, Shiying and Zhao, Xiaoguang and Tan, Min},
  journal=IEEE_J_MECH,
  volume={28},
  number={4},
  pages={2213--2224},
  year={2023},
  publisher={IEEE}
}

@INPROCEEDINGS{lidar_bias,
  author={Laconte, Johann and Deschênes, Simon-Pierre and Labussière, Mathieu and Pomerleau, François},
  booktitle=C-ICRA, 
  title={Lidar Measurement Bias Estimation via Return Waveform Modelling in a Context of 3D Mapping}, 
  year={2019},
  volume={},
  number={},
  pages={8100-8106},
  keywords={Laser radar;Laser beams;Two dimensional displays;Sensors;Laser modes;Robots;Computational modeling;Bias Estimation;Sensor Error Modelling;Waveform Modelling;LIDAR;3D Mapping},
  doi={10.1109/ICRA.2019.8793671}}

@inproceedings{yan2018ridi,
  title={{RIDI}: Robust IMU double integration},
  author={Yan, Hang and Shan, Qi and Furukawa, Yasutaka},
  booktitle=C-ECCV,
  pages={621--636},
  year={2018}
}

@inproceedings{yuan2023liwo,
  title={{LIWO}: LiDAR-Inertial-Wheel Odometry},
  author={Yuan, Zikang and Lang, Fengtian and Xu, Tianle and Yang, Xin},
  booktitle=C-IROS,
  pages={1481--1488},
  year={2023},
  organization={IEEE}
}

@article{forster2016manifold,
  title={On-manifold preintegration for real-time visual--inertial odometry},
  author={Forster, Christian and Carlone, Luca and Dellaert, Frank and Scaramuzza, Davide},
  journal=IEEE_J_RO,
  volume={33},
  number={1},
  pages={1--21},
  year={2016},
  publisher={IEEE}
}

@article{cai2021ikd,
  title={ikd-tree: An incremental kd tree for robotic applications},
  author={Cai, Yixi and Xu, Wei and Zhang, Fu},
  journal={arXiv preprint arXiv:2102.10808},
  year={2021}
}