@inproceedings{autoformalization_as_translation,
  title={Exploration of Neural Machine Translation in Autoformalization of Mathematics in Mizar},
  author={Wang, Qingxiang and Brown, Chad and Kaliszyk, Cezary and Urban, Josef},
  booktitle={Proceedings of the 9th ACM SIGPLAN International Conference on Certified Programs and Proofs},
  pages={85--98},
  year={2020}
}

@article{deepseek_prover,
  title={{DeepSeek-Prover}: Advancing Theorem Proving in LLMs through Large-Scale Synthetic Data},
  author={Xin, Huajian and Guo, Daya and Shao, Zhihong and Ren, Zhizhou and Zhu, Qihao and Liu, Bo and Ruan, Chong and Li, Wenda and Liang, Xiaodan},
  journal={arXiv preprint arXiv:2405.14333},
  year={2024}
}

@article{herald,
  title={Herald: A Natural Language Annotated {Lean} 4 Dataset},
  author={Gao, Guoxiong and Wang, Yutong and Jiang, Jiedong and Gao, Qi and Qin, Zihan and Xu, Tianyi and Dong, Bin},
  journal={arXiv preprint arXiv:2410.10878},
  year={2024}
}

@article{internlm_math_plus,
  publtype={informal},
  author={Huaiyuan Ying and Shuo Zhang and Linyang Li and Zhejian Zhou and Yunfan Shao and Zhaoye Fei and Yichuan Ma and Jiawei Hong and Kuikun Liu and Ziyi Wang and Yudong Wang and Zijian Wu and Shuaibin Li and Fengzhe Zhou and Hongwei Liu and Songyang Zhang and Wenwei Zhang and Hang Yan and Xipeng Qiu and Jiayu Wang and Kai Chen and Dahua Lin},
  title={{InternLM-Math}: Open Math Large Language Models Toward Verifiable Reasoning},
  year={2024},
  journal={CoRR},
  volume={abs/2402.06332},
}

@inproceedings{lean_workbook,
  title={{Lean Workbook}: A large-scale {Lean} problem set formalized from natural language math problems},
  author={Huaiyuan Ying and Zijian Wu and Yihan Geng and JIayu Wang and Dahua Lin and Kai Chen},
  booktitle={The Thirty-eight Conference on Neural Information Processing Systems Datasets and Benchmarks Track},
  year={2024}
}

@article{llm_icl_1,
  title={Autoformalization with Large Language Models},
  author={Wu, Yuhuai and Jiang, Albert Qiaochu and Li, Wenda and Rabe, Markus and Staats, Charles and Jamnik, Mateja and Szegedy, Christian},
  journal={Advances in Neural Information Processing Systems},
  volume={35},
  pages={32353--32368},
  year={2022}
}

@article{llm_icl_2,
  title={Towards a Mathematics Formalisation Assistant using Large Language Models},
  author={Agrawal, Ayush and Gadgil, Siddhartha and Goyal, Navin and Narayanan, Ashvni and Tadipatri, Anand},
  journal={arXiv preprint arXiv:2211.07524},
  year={2022}
}

@inproceedings{llm_icl_3,
  title={Don't {Trust}: Verify -- Grounding {LLM} Quantitative Reasoning with Autoformalization},
  author={Jin Peng Zhou and Charles E Staats and Wenda Li and Christian Szegedy and Kilian Q Weinberger and Yuhuai Wu},
  booktitle={The Twelfth International Conference on Learning Representations},
  year={2024}
}

@article{mma,
  title={Multilingual Mathematical Autoformalization},
  author={Jiang, Albert Q and Li, Wenda and Jamnik, Mateja},
  journal={arXiv preprint arXiv:2311.03755},
  year={2023}
}

@inproceedings{nmt_1,
  title={First Experiments with Neural Translation of Informal to Formal Mathematics},
  author={Wang, Qingxiang and Kaliszyk, Cezary and Urban, Josef},
  booktitle={Intelligent Computer Mathematics: 11th International Conference, CICM 2018, Hagenberg, Austria, August 13-17, 2018, Proceedings 11},
  pages={255--270},
  year={2018},
  organization={Springer}
}

@inproceedings{nmt_2,
  title={Towards Autoformalization of Mathematics and Code Correctness: Experiments with Elementary Proofs},
  author={Cunningham, Garett and Bunescu, Razvan C and Juedes, David},
  publisher={Association for Computational Linguistics},
  booktitle={Proceedings of the 1st Workshop on Mathematical Natural Language Processing (MathNLP)},
  pages={25--32},
  year={2023}
}

@inproceedings{proof_1,
  title={{Draft}, {Sketch}, and {Prove}: Guiding Formal Theorem Provers with Informal Proofs},
  author={Albert Qiaochu Jiang and Sean Welleck and Jin Peng Zhou and Timothee Lacroix and Jiacheng Liu and Wenda Li and Mateja Jamnik and Guillaume Lample and Yuhuai Wu},
  booktitle={The Eleventh International Conference on Learning Representations},
  year={2023}
}

@inproceedings{proof_2,
  title={{LEGO-Prover}: Neural Theorem Proving with Growing Libraries},
  author={Haiming Wang and Huajian Xin and Chuanyang Zheng and Zhengying Liu and Qingxing Cao and Yinya Huang and Jing Xiong and Han Shi and Enze Xie and Jian Yin and Zhenguo Li and Xiaodan Liang},
  booktitle={The Twelfth International Conference on Learning Representations},
  year={2024}
}

@article{proof_3,
  title={{DeepSeekMath}: Pushing the Limits of Mathematical Reasoning in Open Language Models},
  author={Shao, Zhihong and Wang, Peiyi and Zhu, Qihao and Xu, Runxin and Song, Junxiao and Bi, Xiao and Zhang, Haowei and Zhang, Mingchuan and Li, YK and Wu, Y and others},
  journal={arXiv preprint arXiv:2402.03300},
  year={2024}
}

@article{proofnet,
  title={{ProofNet}: Autoformalizing and Formally Proving Undergraduate-Level Mathematics},
  author={Azerbayev, Zhangir and Piotrowski, Bartosz and Schoelkopf, Hailey and Ayers, Edward W and Radev, Dragomir and Avigad, Jeremy},
  journal={arXiv preprint arXiv:2302.12433},
  year={2023}
}

@inproceedings{rag,
  title={Consistent Autoformalization for Constructing Mathematical Libraries},
  author={Zhang, Lan and Quan, Xin and Freitas, Andr{\'e}},
  booktitle={Proceedings of the 2024 Conference on Empirical Methods in Natural Language Processing},
  publisher={Association for Computational Linguistics},
  pages={4020--4033},
  month=nov,
  year={2024}
}

