@article{wei2021fine,
  title={Fine-grained image analysis with deep learning: A survey},
  author={Wei, Xiu-Shen and Song, Yi-Zhe and Mac Aodha, Oisin and Wu, Jianxin and Peng, Yuxin and Tang, Jinhui and Yang, Jian and Belongie, Serge},
  journal={IEEE transactions on pattern analysis and machine intelligence},
  volume={44},
  number={12},
  pages={8927--8948},
  year={2021},
  publisher={IEEE}
}

@article{zhang2022guided,
  title={Guided by meta-set: a data-driven method for fine-grained visual recognition},
  author={Zhang, Chuanyi and Lin, Guosheng and Wang, Qiong and Shen, Fumin and Yao, Yazhou and Tang, Zhenmin},
  journal={IEEE Transactions on Multimedia},
  volume={25},
  pages={4691--4703},
  year={2022},
  publisher={IEEE}
}

@inproceedings{simpBiasNIPs20,
	title={The Pitfalls of Simplicity Bias in Neural Networks},
	author={Harshay Shah and Kaustav Tamuly and Aditi Raghunathan and Prateek Jain and Praneeth Netrapalli},
	booktitle={Advances in Neural Information Processing Systems},
	pages={9573-9585},
	year={2020}
}

@article{huh2021low,
  title={The low-rank simplicity bias in deep networks},
  author={Huh, Minyoung and Mobahi, Hossein and Zhang, Richard and Cheung, Brian and Agrawal, Pulkit and Isola, Phillip},
  journal={arXiv preprint arXiv:2103.10427},
  year={2021}
}

@inproceedings{sun2021webly,
  title={Webly supervised fine-grained recognition: Benchmark datasets and an approach},
  author={Sun, Zeren and Yao, Yazhou and Wei, Xiu-Shen and Zhang, Yongshun and Shen, Fumin and Wu, Jianxin and Zhang, Jian and Shen, Heng Tao},
  booktitle={Proceedings of the IEEE/CVF international conference on computer vision},
  pages={10602--10611},
  year={2021}
}

@inproceedings{yao2020bridging,
  title={Bridging the web data and fine-grained visual recognition via alleviating label noise and domain mismatch},
  author={Yao, Yazhou and Hua, Xiansheng and Gao, Guanyu and Sun, Zeren and Li, Zhibin and Zhang, Jian},
  booktitle={Proceedings of the 28th ACM International Conference on Multimedia},
  pages={1735--1744},
  year={2020}
}

@inproceedings{shen2022semicon,
  title={SEMICON: A learning-to-hash solution for large-scale fine-grained image retrieval},
  author={Shen, Yang and Sun, Xuhao and Wei, Xiu-Shen and Jiang, Qing-Yuan and Yang, Jian},
  booktitle={Proceedings of the European Conference on Computer Vision},
  pages={531--548},
  year={2022},
}

@article{wei2023attribute,
  title={Attribute-aware deep hashing with self-consistency for large-scale fine-grained image retrieval},
  author={Wei, Xiu-Shen and Shen, Yang and Sun, Xuhao and Wang, Peng and Peng, Yuxin},
  journal={IEEE Transactions on Pattern Analysis and Machine Intelligence},
  publisher={IEEE},
  year={2023},
  volume={45},
  number={11},
  pages={13904-13920},
}

@inproceedings{xian2018feature,
  title={Feature generating networks for zero-shot learning},
  author={Xian, Yongqin and Lorenz, Tobias and Schiele, Bernt and Akata, Zeynep},
  booktitle={Proceedings of the IEEE conference on computer vision and pattern recognition},
  pages={5542--5551},
  year={2018}
}

@article{Krizhevsky2009,
    title = {{Learning Multiple Layers of Features from Tiny Images}},
    year = {2009},
    journal = {Technical report. Science Department, University of Toronto, Tech.},
    author = {Krizhevsky, Alex},
    pages = {1--60},
    isbn = {9788578110796},
    doi = {10.1.1.222.9220},
    issn = {1098-6596},
    pmid = {25246403},
    arxivId = {arXiv:1011.1669v3}
}

@article{taori2020breeds, 
  title={{BREEDS}: Benchmarks for Subpopulation Shift}, 
  author={Santurkar, Shibani and Tsipras, Dimitris and Madry, Aleksander}, 
  journal={arXiv preprint arXiv:2008.04859}, 
  year={2020} 
}

@article{yang2021bridging,
  title={Bridging the gap between few-shot and many-shot learning via distribution calibration},
  author={Yang, Shuo and Wu, Songhua and Liu, Tongliang and Xu, Min},
  journal={IEEE Transactions on Pattern Analysis and Machine Intelligence},
  volume={44},
  number={12},
  pages={9830--9843},
  year={2021},
  publisher={IEEE}
}


@article{gui2024survey,
  title={A Survey on Self-supervised Learning: Algorithms, Applications, and Future Trends},
  author={Gui, Jie and Chen, Tuo and Zhang, Jing and Cao, Qiong and Sun, Zhenan and Luo, Hao and Tao, Dacheng},
  journal={IEEE Transactions on Pattern Analysis and Machine Intelligence},
  year={2024},
  publisher={IEEE}
}

@inproceedings{gidaris2018unsupervised,
  title={Unsupervised representation learning by predicting image rotations},
  author={Gidaris, Spyros and Singh, Praveer and Komodakis, Nikos},
  booktitle={International Conference on Learning Representations},
  year={2018}
}

@inproceedings{zhang2016colorful,
  title={Colorful image colorization},
  author={Zhang, Richard and Isola, Phillip and Efros, Alexei A},
  booktitle={Proceedings of the European Conference on Computer Vision},
  pages={649--666},
  year={2016},
}

@inproceedings{doersch2015unsupervised,
  title={Unsupervised visual representation learning by context prediction},
  author={Doersch, Carl and Gupta, Abhinav and Efros, Alexei A},
  booktitle={Proceedings of the IEEE international conference on computer vision},
  pages={1422--1430},
  year={2015}
}

@inproceedings{noroozi2016unsupervised,
  title={Unsupervised learning of visual representations by solving jigsaw puzzles},
  author={Noroozi, Mehdi and Favaro, Paolo},
  booktitle={Proceedings of the European Conference on Computer Vision},
  pages={69--84},
  year={2016},
}

@inproceedings{he2020momentum,
  title={Momentum contrast for unsupervised visual representation learning},
  author={He, Kaiming and Fan, Haoqi and Wu, Yuxin and Xie, Saining and Girshick, Ross},
  booktitle={Proceedings of the IEEE conference on computer vision and pattern recognition},
  pages={9729--9738},
  year={2020}
}

@inproceedings{deconvCVPR,
	author    = {Matthew D. Zeiler and Dilip Krishnan and Graham W. Taylor and Rob Fergus},
	title     = {Deconvolutional Networks},
	booktitle = {Proceedings of the IEEE conference on computer vision and pattern recognition},
	year      = {2010},
	pages	  = {2528-2535},
}

@article{chen2020improved,
  title={Improved baselines with momentum contrastive learning},
  author={Chen, Xinlei and Fan, Haoqi and Girshick, Ross and He, Kaiming},
  journal={arXiv preprint arXiv:2003.04297},
  year={2020}
}

@inproceedings{chen2020simple,
  title={A simple framework for contrastive learning of visual representations},
  author={Chen, Ting and Kornblith, Simon and Norouzi, Mohammad and Hinton, Geoffrey},
  booktitle={International conference on machine learning},
  pages={1597--1607},
  year={2020}
}

@inproceedings{chen2021exploring,
  title={Exploring simple siamese representation learning},
  author={Chen, Xinlei and He, Kaiming},
  booktitle={Proceedings of the IEEE conference on computer vision and pattern recognition},
  pages={15750--15758},
  year={2021}
}

@inproceedings{zbontar2021barlow,
  title={Barlow twins: Self-supervised learning via redundancy reduction},
  author={Zbontar, Jure and Jing, Li and Misra, Ishan and LeCun, Yann and Deny, St{\'e}phane},
  booktitle={International conference on machine learning},
  pages={12310--12320},
  year={2021}
}

@inproceedings{bardes2021vicreg,
  title={Vicreg: Variance-invariance-covariance regularization for self-supervised learning},
  author={Bardes, Adrien and Ponce, Jean and LeCun, Yann},
  booktitle={International Conference on Learning Representations},
  year={2021}
}

@inproceedings{wang2020understanding,
  title={Understanding contrastive representation learning through alignment and uniformity on the hypersphere},
  author={Wang, Tongzhou and Isola, Phillip},
  booktitle={International conference on machine learning},
  pages={9929--9939},
  year={2020}
}

@inproceedings{he2022masked,
  title={Masked autoencoders are scalable vision learners},
  author={He, Kaiming and Chen, Xinlei and Xie, Saining and Li, Yanghao and Doll{\'a}r, Piotr and Girshick, Ross},
  booktitle={Proceedings of the IEEE conference on computer vision and pattern recognition},
  pages={16000--16009},
  year={2022}
}

@inproceedings{xie2022simmim,
  title={Simmim: A simple framework for masked image modeling},
  author={Xie, Zhenda and Zhang, Zheng and Cao, Yue and Lin, Yutong and Bao, Jianmin and Yao, Zhuliang and Dai, Qi and Hu, Han},
  booktitle={Proceedings of the IEEE conference on computer vision and pattern recognition},
  pages={9653--9663},
  year={2022}
}

@inproceedings{baevski2022data2vec,
  title={Data2vec: A general framework for self-supervised learning in speech, vision and language},
  author={Baevski, Alexei and Hsu, Wei-Ning and Xu, Qiantong and Babu, Arun and Gu, Jiatao and Auli, Michael},
  booktitle={International conference on machine learning},
  pages={1298--1312},
  year={2022}
}

@inproceedings{assran2022masked,
  title={Masked siamese networks for label-efficient learning},
  author={Assran, Mahmoud and Caron, Mathilde and Misra, Ishan and Bojanowski, Piotr and Bordes, Florian and Vincent, Pascal and Joulin, Armand and Rabbat, Mike and Ballas, Nicolas},
  booktitle={Proceedings of the European Conference on Computer Vision},
  pages={456--473},
  year={2022},
}

@article{bao2021beit,
  title={Beit: Bert pre-training of image transformers},
  author={Bao, Hangbo and Dong, Li and Piao, Songhao and Wei, Furu},
  journal={International Conference on Learning Representations},
  year={2021}
}

@inproceedings{caron2020swav,
  title     = {Unsupervised Learning of Visual Features by Contrasting Cluster Assignments},
  author    = {Mathilde Caron and Ishan Misra and Julien Mairal and Priya Goyal and Piotr Bojanowski and Armand Joulin},
  booktitle = {Advances in Neural Information Processing Systems (NeurIPS)},
  volume    = {33},
  pages     = {9912--9924},
  year      = {2020}
}

@inproceedings{zhouimage,
  title={Image BERT Pre-training with Online Tokenizer},
  author={Zhou, Jinghao and Wei, Chen and Wang, Huiyu and Shen, Wei and Xie, Cihang and Yuille, Alan and Kong, Tao},
  booktitle={International Conference on Learning Representations},
  year={2022}
}

@inproceedings{bukchin2021fine,
  title={Fine-grained angular contrastive learning with coarse labels},
  author={Bukchin, Guy and Schwartz, Eli and Saenko, Kate and Shahar, Ori and Feris, Rogerio and Giryes, Raja and Karlinsky, Leonid},
  booktitle={Proceedings of the IEEE conference on computer vision and pattern recognition},
  pages={8730--8740},
  year={2021}
}

@inproceedings{sun2021dynamic,
  title={Dynamic metric learning: Towards a scalable metric space to accommodate multiple semantic scales},
  author={Sun, Yifan and Zhu, Yuke and Zhang, Yuhan and Zheng, Pengkun and Qiu, Xi and Zhang, Chi and Wei, Yichen},
  booktitle={Proceedings of the IEEE conference on computer vision and pattern recognition},
  pages={5393--5402},
  year={2021}
}

@inproceedings{yang2021towards,
  title={Towards cross-granularity few-shot learning: Coarse-to-fine pseudo-labeling with visual-semantic meta-embedding},
  author={Yang, Jinhai and Yang, Hua and Chen, Lin},
  booktitle={Proceedings of the 29th ACM International Conference on Multimedia},
  pages={3005--3014},
  year={2021}
}

@inproceedings{touvron2021grafit,
  title={Grafit: Learning fine-grained image representations with coarse labels},
  author={Touvron, Hugo and Sablayrolles, Alexandre and Douze, Matthijs and Cord, Matthieu and J{\'e}gou, Herv{\'e}},
  booktitle={Proceedings of the IEEE international conference on computer vision},
  pages={874--884},
  year={2021}
}

@article{shen2024equiangular,
  title={Equiangular Basis Vectors: A Novel Paradigm for Classification Tasks},
  author={Shen, Yang and Sun, Xuhao and Wei, Xiu-Shen and Xu, Anqi and Gao, Lingyan},
  journal={International Journal of Computer Vision},
  pages={1--26},
  year={2024},
  publisher={Springer}
}

@article{stretcu2021coarse,
  title={Coarse-to-fine curriculum learning},
  author={Stretcu, Otilia and Platanios, Emmanouil Antonios and Mitchell, Tom M and P{\'o}czos, Barnab{\'a}s},
  journal={arXiv preprint arXiv:2106.04072},
  year={2021}
}

@inproceedings{feng2023maskcon,
  title={MaskCon: Masked contrastive learning for coarse-labelled dataset},
  author={Feng, Chen and Patras, Ioannis},
  booktitle={Proceedings of the IEEE conference on computer vision and pattern recognition},
  pages={19913--19922},
  year={2023}
}

@inproceedings{xu2023hyperbolic,
  title={Hyperbolic space with hierarchical margin boosts fine-grained learning from coarse labels},
  author={Xu, Shu-Lin and Sun, Yifan and Zhang, Faen and Xu, Anqi and Wei, Xiu-Shen and Yang, Yi},
  booktitle={Advances in Neural Information Processing Systems},
  volume={36},
  pages={71263--71274},
  year={2023}
}

@article{zhao2021mgsvf,
  title={Mgsvf: Multi-grained slow versus fast framework for few-shot class-incremental learning},
  author={Zhao, Hanbin and Fu, Yongjian and Kang, Mintong and Tian, Qi and Wu, Fei and Li, Xi},
  journal={IEEE Transactions on Pattern Analysis and Machine Intelligence},
  volume={46},
  number={3},
  pages={1576--1588},
  year={2021}
}

@inproceedings{xiang2022coarse,
  title={Coarse-to-fine incremental few-shot learning},
  author={Xiang, Xiang and Tan, Yuwen and Wan, Qian and Ma, Jing and Yuille, Alan and Hager, Gregory D},
  booktitle={Proceedings of the European Conference on Computer Vision},
  pages={205--222},
  year={2022}
}

@inproceedings{ref26,
  title={Low-shot visual recognition by shrinking and hallucinating features},
  author={Hariharan, Bharath and Girshick, Ross},
  booktitle={Proceedings of the IEEE international conference on computer vision},
  pages={3018--3027},
  year={2017}
}

@inproceedings{ref31,
  title={Optimization as a model for few-shot learning},
  author={Ravi, Sachin and Larochelle, Hugo},
  booktitle={International Conference on Learning Representations},
  year={2017}
}

@article{ref33,
  title={On first-order meta-learning algorithms},
  author={Nichol, Alex and Achiam, Joshua and Schulman, John},
  journal={arXiv preprint arXiv:1803.02999},
  year={2018}
}

@inproceedings{ref35,
  title={Siamese neural networks for one-shot image recognition},
  author={Koch, Gregory and Zemel, Richard and Salakhutdinov, Ruslan and others},
  booktitle={International conference on machine learning},
  year={2015}
}

@inproceedings{ref50,
  title={Attention is all you need},
  author={Vaswani, Ashish and Shazeer, Noam and Parmar, Niki and Uszkoreit, Jakob and Jones, Llion and Gomez, Aidan N and Kaiser, {\L}ukasz and Polosukhin, Illia},
  booktitle={Advances in Neural Information Processing Systems},
  volume={30},
  pages={5998-6008},
  year={2017}
}

@inproceedings{ref54,
  title={Learning to affiliate: Mutual centralized learning for few-shot classification},
  author={Liu, Yang and Zhang, Weifeng and Xiang, Chao and Zheng, Tu and Cai, Deng and He, Xiaofei},
  booktitle={Proceedings of the IEEE conference on computer vision and pattern recognition},
  pages={14411--14420},
  year={2022}
}

@inproceedings{he2016deep,
  title={Deep residual learning for image recognition},
  author={He, Kaiming and Zhang, Xiangyu and Ren, Shaoqing and Sun, Jian},
  booktitle={Proceedings of the IEEE conference on computer vision and pattern recognition},
  pages={770-778},
  year={2016}
}

@inproceedings{Tian2020,
    title = {{Rethinking Few-Shot Image Classification: a Good Embedding Is All You Need?}},
    booktitle = {Proceedings of the European Conference on Computer Vision},
    author = {Tian, Yonglong and Wang, Yue and Krishnan, Dilip and Tenenbaum, Joshua B. and Isola, Phillip},
    pages={266--282},
    year={2020},
}


@inproceedings{ni2022superclassconditional,
    title={Superclass-Conditional Gaussian Mixture Model For Learning Fine-Grained Embeddings},
    author={Jingchao Ni and Wei Cheng and Zhengzhang Chen and Takayoshi Asakura and Tomoya Soma and Sho Kato and Haifeng Chen},
    booktitle={International Conference on Learning Representations},
    year={2022},
    pages={1-12},
}



@article{ma2022principles,
  title={On the principles of parsimony and self-consistency for the emergence of intelligence},
  author={Ma, Yi and Tsao, Doris and Shum, Heung-Yeung},
  journal={Frontiers of Information Technology \& Electronic Engineering},
  volume={23},
  number={9},
  pages={1298--1323},
  year={2022},
  publisher={Springer}
}

@article{ref55,
  title={Deepemd: Differentiable earth mover's distance for few-shot learning},
  author={Zhang, Chi and Cai, Yujun and Lin, Guosheng and Shen, Chunhua},
  journal={IEEE Transactions on Pattern Analysis and Machine Intelligence},
  year={2022}
}

@inproceedings{taherkhani2019weakly,
  title={A weakly supervised fine label classifier enhanced by coarse supervision},
  author={Taherkhani, Fariborz and Kazemi, Hadi and Dabouei, Ali and Dawson, Jeremy and Nasrabadi, Nasser M},
  booktitle={Proceedings of the IEEE conference on computer vision and pattern recognition},
  pages={6459--6468},
  year={2019}
}

@inproceedings{ristin2015categories,
  title={From categories to subcategories: large-scale image classification with partial class label refinement},
  author={Ristin, Marko and Gall, Juergen and Guillaumin, Matthieu and Van Gool, Luc},
  booktitle={Proceedings of the IEEE conference on computer vision and pattern recognition},
  pages={231--239},
  year={2015}
}

@inproceedings{grcicfine,
  title={Fine-grained Classes and How to Find Them},
  author={Grcic, Matej and Gadetsky, Artyom and Brbic, Maria},
  booktitle={International conference on machine learning},
  year={2024}
}

@inproceedings{hu2024asymmetric,
  title={An Asymmetric Augmented Self-Supervised Learning Method for Unsupervised Fine-Grained Image Hashing},
  author={Hu, Feiran and Zhang, Chenlin and Guo, Jiangliang and Wei, Xiu-Shen and Zhao, Lin and Xu, Anqi and Gao, Lingyan},
  booktitle={Proceedings of the IEEE conference on computer vision and pattern recognition},
  pages={17648--17657},
  year={2024}
}

@article{jin2024few,
  title={Few-shot open-set recognition via pairwise discriminant aggregation},
  author={Jin, Jian and Shen, Yang and Fu, Zhenyong and Yang, Jian},
  journal={Neurocomputing},
  volume={602},
  pages={128214},
  year={2024},
  publisher={Elsevier}
}

@article{wei2022embarrassingly,
  title={An embarrassingly simple approach to semi-supervised few-shot learning},
  author={Wei, Xiu-Shen and Xu, H-Y and Zhang, Faen and Peng, Yuxin and Zhou, Wei},
  journal={NeurIPS},
  volume={35},
  pages={14489--14500},
  year={2022}
}

@article{wei2023cat,
  title={CAT: A coarse-to-fine attention tree for semantic change detection},
  author={Wei, Xiu-Shen and Xu, Yu-Yan and Zhang, Chen-Lin and Xia, Gui-Song and Peng, Yu-Xin},
  journal={Visual Intelligence},
  volume={1},
  number={1},
  pages={3},
  year={2023},
  publisher={Springer}
}

@article{xu2023hierarchical,
  title={Hierarchical painter: Chinese landscape painting restoration with fine-grained styles},
  author={Xu, Zhekai and Shang, Haohong and Yang, Shaoze and Xu, Ruiqi and Yan, Yichao and Li, Yixuan and Huang, Jiawei and Yang, Howard C and Zhou, Jianjun},
  journal={Visual Intelligence},
  volume={1},
  number={1},
  pages={19},
  year={2023},
  publisher={Springer}
}

@article{wei2019piecewise,
  title={Piecewise classifier mappings: Learning fine-grained learners for novel categories with few examples},
  author={Wei, Xiu-Shen and Wang, Peng and Liu, Lingqiao and Shen, Chunhua and Wu, Jianxin},
  journal={IEEE Transactions on Image Processing},
  volume={28},
  number={12},
  pages={6116--6125},
  year={2019},
  publisher={IEEE}
}

@article{wei2022prototype,
  title={Prototype-based classifier learning for long-tailed visual recognition},
  author={Wei, Xiu-Shen and Xu, Shu-Lin and Chen, Hao and Xiao, Liang and Peng, Yuxin},
  journal={Science China Information Sciences},
  volume={65},
  number={6},
  pages={160105},
  year={2022},
  publisher={Springer}
}

@article{10319790,
  author={Wei, Xiu-Shen and Xu, He-Yang and Yang, Zhiwen and Duan, Chen-Long and Peng, Yuxin},
  journal={IEEE Transactions on Pattern Analysis and Machine Intelligence}, 
  title={Negatives Make a Positive: An Embarrassingly Simple Approach to Semi-Supervised Few-Shot Learning}, 
  year={2024},
  volume={46},
  number={4},
  pages={2091-2103}
}

@inproceedings{zhou2020bbn,
  title={Bbn: Bilateral-branch network with cumulative learning for long-tailed visual recognition},
  author={Zhou, Boyan and Cui, Quan and Wei, Xiu-Shen and Chen, Zhao-Min},
  booktitle={Proceedings of the IEEE/CVF conference on computer vision and pattern recognition},
  pages={9719--9728},
  year={2020}
}

@inproceedings{chen2019multi,
  title={Multi-label image recognition with graph convolutional networks},
  author={Chen, Zhao-Min and Wei, Xiu-Shen and Wang, Peng and Guo, Yanwen},
  booktitle={Proceedings of the IEEE/CVF conference on computer vision and pattern recognition},
  pages={5177-5186},
  year={2019}
}