@article{10319790,
  author={Wei, Xiu-Shen and Xu, He-Yang and Yang, Zhiwen and Duan, Chen-Long and Peng, Yuxin},
  journal={IEEE Transactions on Pattern Analysis and Machine Intelligence}, 
  title={Negatives Make a Positive: An Embarrassingly Simple Approach to Semi-Supervised Few-Shot Learning}, 
  year={2024},
  volume={46},
  number={4},
  pages={2091-2103}
}

@inproceedings{assran2022masked,
  title={Masked siamese networks for label-efficient learning},
  author={Assran, Mahmoud and Caron, Mathilde and Misra, Ishan and Bojanowski, Piotr and Bordes, Florian and Vincent, Pascal and Joulin, Armand and Rabbat, Mike and Ballas, Nicolas},
  booktitle={Proceedings of the European Conference on Computer Vision},
  pages={456--473},
  year={2022},
}

@inproceedings{baevski2022data2vec,
  title={Data2vec: A general framework for self-supervised learning in speech, vision and language},
  author={Baevski, Alexei and Hsu, Wei-Ning and Xu, Qiantong and Babu, Arun and Gu, Jiatao and Auli, Michael},
  booktitle={International conference on machine learning},
  pages={1298--1312},
  year={2022}
}

@inproceedings{bukchin2021fine,
  title={Fine-grained angular contrastive learning with coarse labels},
  author={Bukchin, Guy and Schwartz, Eli and Saenko, Kate and Shahar, Ori and Feris, Rogerio and Giryes, Raja and Karlinsky, Leonid},
  booktitle={Proceedings of the IEEE conference on computer vision and pattern recognition},
  pages={8730--8740},
  year={2021}
}

@article{chen2020improved,
  title={Improved baselines with momentum contrastive learning},
  author={Chen, Xinlei and Fan, Haoqi and Girshick, Ross and He, Kaiming},
  journal={arXiv preprint arXiv:2003.04297},
  year={2020}
}

@inproceedings{feng2023maskcon,
  title={MaskCon: Masked contrastive learning for coarse-labelled dataset},
  author={Feng, Chen and Patras, Ioannis},
  booktitle={Proceedings of the IEEE conference on computer vision and pattern recognition},
  pages={19913--19922},
  year={2023}
}

@inproceedings{gidaris2018unsupervised,
  title={Unsupervised representation learning by predicting image rotations},
  author={Gidaris, Spyros and Singh, Praveer and Komodakis, Nikos},
  booktitle={International Conference on Learning Representations},
  year={2018}
}

@inproceedings{grcicfine,
  title={Fine-grained Classes and How to Find Them},
  author={Grcic, Matej and Gadetsky, Artyom and Brbic, Maria},
  booktitle={International conference on machine learning},
  year={2024}
}

@article{gui2024survey,
  title={A Survey on Self-supervised Learning: Algorithms, Applications, and Future Trends},
  author={Gui, Jie and Chen, Tuo and Zhang, Jing and Cao, Qiong and Sun, Zhenan and Luo, Hao and Tao, Dacheng},
  journal={IEEE Transactions on Pattern Analysis and Machine Intelligence},
  year={2024},
  publisher={IEEE}
}

@inproceedings{he2020momentum,
  title={Momentum contrast for unsupervised visual representation learning},
  author={He, Kaiming and Fan, Haoqi and Wu, Yuxin and Xie, Saining and Girshick, Ross},
  booktitle={Proceedings of the IEEE conference on computer vision and pattern recognition},
  pages={9729--9738},
  year={2020}
}

@inproceedings{he2022masked,
  title={Masked autoencoders are scalable vision learners},
  author={He, Kaiming and Chen, Xinlei and Xie, Saining and Li, Yanghao and Doll{\'a}r, Piotr and Girshick, Ross},
  booktitle={Proceedings of the IEEE conference on computer vision and pattern recognition},
  pages={16000--16009},
  year={2022}
}

@inproceedings{hu2024asymmetric,
  title={An Asymmetric Augmented Self-Supervised Learning Method for Unsupervised Fine-Grained Image Hashing},
  author={Hu, Feiran and Zhang, Chenlin and Guo, Jiangliang and Wei, Xiu-Shen and Zhao, Lin and Xu, Anqi and Gao, Lingyan},
  booktitle={Proceedings of the IEEE conference on computer vision and pattern recognition},
  pages={17648--17657},
  year={2024}
}

@article{jin2024few,
  title={Few-shot open-set recognition via pairwise discriminant aggregation},
  author={Jin, Jian and Shen, Yang and Fu, Zhenyong and Yang, Jian},
  journal={Neurocomputing},
  volume={602},
  pages={128214},
  year={2024},
  publisher={Elsevier}
}

@inproceedings{noroozi2016unsupervised,
  title={Unsupervised learning of visual representations by solving jigsaw puzzles},
  author={Noroozi, Mehdi and Favaro, Paolo},
  booktitle={Proceedings of the European Conference on Computer Vision},
  pages={69--84},
  year={2016},
}

@inproceedings{ref26,
  title={Low-shot visual recognition by shrinking and hallucinating features},
  author={Hariharan, Bharath and Girshick, Ross},
  booktitle={Proceedings of the IEEE international conference on computer vision},
  pages={3018--3027},
  year={2017}
}

@inproceedings{ref31,
  title={Optimization as a model for few-shot learning},
  author={Ravi, Sachin and Larochelle, Hugo},
  booktitle={International Conference on Learning Representations},
  year={2017}
}

@inproceedings{ref50,
  title={Attention is all you need},
  author={Vaswani, Ashish and Shazeer, Noam and Parmar, Niki and Uszkoreit, Jakob and Jones, Llion and Gomez, Aidan N and Kaiser, {\L}ukasz and Polosukhin, Illia},
  booktitle={Advances in Neural Information Processing Systems},
  volume={30},
  pages={5998-6008},
  year={2017}
}

@inproceedings{ref54,
  title={Learning to affiliate: Mutual centralized learning for few-shot classification},
  author={Liu, Yang and Zhang, Weifeng and Xiang, Chao and Zheng, Tu and Cai, Deng and He, Xiaofei},
  booktitle={Proceedings of the IEEE conference on computer vision and pattern recognition},
  pages={14411--14420},
  year={2022}
}

@inproceedings{ristin2015categories,
  title={From categories to subcategories: large-scale image classification with partial class label refinement},
  author={Ristin, Marko and Gall, Juergen and Guillaumin, Matthieu and Van Gool, Luc},
  booktitle={Proceedings of the IEEE conference on computer vision and pattern recognition},
  pages={231--239},
  year={2015}
}

@inproceedings{sun2021dynamic,
  title={Dynamic metric learning: Towards a scalable metric space to accommodate multiple semantic scales},
  author={Sun, Yifan and Zhu, Yuke and Zhang, Yuhan and Zheng, Pengkun and Qiu, Xi and Zhang, Chi and Wei, Yichen},
  booktitle={Proceedings of the IEEE conference on computer vision and pattern recognition},
  pages={5393--5402},
  year={2021}
}

@inproceedings{taherkhani2019weakly,
  title={A weakly supervised fine label classifier enhanced by coarse supervision},
  author={Taherkhani, Fariborz and Kazemi, Hadi and Dabouei, Ali and Dawson, Jeremy and Nasrabadi, Nasser M},
  booktitle={Proceedings of the IEEE conference on computer vision and pattern recognition},
  pages={6459--6468},
  year={2019}
}

@inproceedings{touvron2021grafit,
  title={Grafit: Learning fine-grained image representations with coarse labels},
  author={Touvron, Hugo and Sablayrolles, Alexandre and Douze, Matthijs and Cord, Matthieu and J{\'e}gou, Herv{\'e}},
  booktitle={Proceedings of the IEEE international conference on computer vision},
  pages={874--884},
  year={2021}
}

@inproceedings{wang2020understanding,
  title={Understanding contrastive representation learning through alignment and uniformity on the hypersphere},
  author={Wang, Tongzhou and Isola, Phillip},
  booktitle={International conference on machine learning},
  pages={9929--9939},
  year={2020}
}

@article{wei2022embarrassingly,
  title={An embarrassingly simple approach to semi-supervised few-shot learning},
  author={Wei, Xiu-Shen and Xu, H-Y and Zhang, Faen and Peng, Yuxin and Zhou, Wei},
  journal={NeurIPS},
  volume={35},
  pages={14489--14500},
  year={2022}
}

@article{wei2023cat,
  title={CAT: A coarse-to-fine attention tree for semantic change detection},
  author={Wei, Xiu-Shen and Xu, Yu-Yan and Zhang, Chen-Lin and Xia, Gui-Song and Peng, Yu-Xin},
  journal={Visual Intelligence},
  volume={1},
  number={1},
  pages={3},
  year={2023},
  publisher={Springer}
}

@inproceedings{xiang2022coarse,
  title={Coarse-to-fine incremental few-shot learning},
  author={Xiang, Xiang and Tan, Yuwen and Wan, Qian and Ma, Jing and Yuille, Alan and Hager, Gregory D},
  booktitle={Proceedings of the European Conference on Computer Vision},
  pages={205--222},
  year={2022}
}

@inproceedings{xu2023hyperbolic,
  title={Hyperbolic space with hierarchical margin boosts fine-grained learning from coarse labels},
  author={Xu, Shu-Lin and Sun, Yifan and Zhang, Faen and Xu, Anqi and Wei, Xiu-Shen and Yang, Yi},
  booktitle={Advances in Neural Information Processing Systems},
  volume={36},
  pages={71263--71274},
  year={2023}
}

@inproceedings{yang2021towards,
  title={Towards cross-granularity few-shot learning: Coarse-to-fine pseudo-labeling with visual-semantic meta-embedding},
  author={Yang, Jinhai and Yang, Hua and Chen, Lin},
  booktitle={Proceedings of the 29th ACM International Conference on Multimedia},
  pages={3005--3014},
  year={2021}
}

@article{zhao2021mgsvf,
  title={Mgsvf: Multi-grained slow versus fast framework for few-shot class-incremental learning},
  author={Zhao, Hanbin and Fu, Yongjian and Kang, Mintong and Tian, Qi and Wu, Fei and Li, Xi},
  journal={IEEE Transactions on Pattern Analysis and Machine Intelligence},
  volume={46},
  number={3},
  pages={1576--1588},
  year={2021}
}

