@article{radford2018improving,
  title={Improving language understanding by generative pre-training},
  author={Radford, Alec},
  year={2018}
}

@article{reed2022generalist,
  title={A Generalist Agent},
  author={Reed, Scott and Zolna, Konrad and Parisotto, Emilio and Colmenarejo, Sergio G{\'o}mez and Novikov, Alexander and Barth-maron, Gabriel and Gim{\'e}nez, Mai and Sulsky, Yury and Kay, Jackie and Springenberg, Jost Tobias and others},
  journal={Transactions on Machine Learning Research}
}


@article{brohan2022rt,
  title={Rt-1: Robotics transformer for real-world control at scale},
  author={Brohan, Anthony and Brown, Noah and Carbajal, Justice and Chebotar, Yevgen and Dabis, Joseph and Finn, Chelsea and Gopalakrishnan, Keerthana and Hausman, Karol and Herzog, Alex and Hsu, Jasmine and others},
  journal={arXiv preprint arXiv:2212.06817},
  year={2022}
}

@article{chen2021decision,
  title={Decision transformer: Reinforcement learning via sequence modeling},
  author={Chen, Lili and Lu, Kevin and Rajeswaran, Aravind and Lee, Kimin and Grover, Aditya and Laskin, Misha and Abbeel, Pieter and Srinivas, Aravind and Mordatch, Igor},
  journal={Advances in neural information processing systems},
  volume={34},
  pages={15084--15097},
  year={2021}
}

@inproceedings{xu2022prompting,
  title={Prompting decision transformer for few-shot policy generalization},
  author={Xu, Mengdi and Shen, Yikang and Zhang, Shun and Lu, Yuchen and Zhao, Ding and Tenenbaum, Joshua and Gan, Chuang},
  booktitle={international conference on machine learning},
  pages={24631--24645},
  year={2022},
  organization={PMLR}
}

@inproceedings{mitchell2021offline,
  title={Offline meta-reinforcement learning with advantage weighting},
  author={Mitchell, Eric and Rafailov, Rafael and Peng, Xue Bin and Levine, Sergey and Finn, Chelsea},
  booktitle={International Conference on Machine Learning},
  pages={7780--7791},
  year={2021},
  organization={PMLR}
}

@inproceedings{li2010contextual,
  title={A contextual-bandit approach to personalized news article recommendation},
  author={Li, Lihong and Chu, Wei and Langford, John and Schapire, Robert E},
  booktitle={Proceedings of the 19th international conference on World wide web},
  pages={661--670},
  year={2010}
}

@article{auer2002finite,
author = {Auer, Peter and Cesa-Bianchi, Nicol\`{o} and Fischer, Paul},
title = {Finite-time Analysis of the Multiarmed Bandit Problem},
year = {2002},
issue_date = {May-June 2002},
publisher = {Kluwer Academic Publishers},
address = {USA},
volume = {47},
number = {2–3},
issn = {0885-6125},
url = {https://doi.org/10.1023/A:1013689704352},
doi = {10.1023/A:1013689704352},
journal = {Mach. Learn.},
month = may,
pages = {235–256},
numpages = {22},
keywords = {adaptive allocation rules, bandit problems, finite horizon regret}
}

@article{levine2020offline,
  title={Offline reinforcement learning: Tutorial, review, and perspectives on open problems},
  author={Levine, Sergey and Kumar, Aviral and Tucker, George and Fu, Justin},
  journal={arXiv preprint arXiv:2005.01643},
  year={2020}
}


@InProceedings{pmlr-v235-chen24e,
  title = 	 {{I}nstruct{Z}ero: Efficient Instruction Optimization for Black-Box Large Language Models},
  author =       {Chen, Lichang and Chen, Jiuhai and Goldstein, Tom and Huang, Heng and Zhou, Tianyi},
  booktitle = 	 {Proceedings of the 41st International Conference on Machine Learning},
  pages = 	 {6503--6518},
  year = 	 {2024},
  volume = 	 {235}
}

@inproceedings{lin2023use,
  title={Use Your INSTINCT: INSTruction optimization usIng Neural bandits Coupled with Transformers},
  author={Lin, Xiaoqiang and Wu, Zhaoxuan and Dai, Zhongxiang and Hu, Wenyang and Shu, Yao and Ng, See-Kiong and Jaillet, Patrick and Low, Bryan Kian Hsiang},
  booktitle={NeurIPS 2023 Workshop on Instruction Tuning and Instruction Following},
  year={2023}
}

@article{hu2023prompt,
  title={Prompt-tuning decision transformer with preference ranking},
  author={Hu, Shengchao and Shen, Li and Zhang, Ya and Tao, Dacheng},
  journal={arXiv preprint arXiv:2305.09648},
  year={2023}
}

@inproceedings{shi2024best,
  title={Best arm identification for prompt learning under a limited budget},
  author={Shi, Chengshuai and Yang, Kun and Yang, Jing and Shen, Cong},
  booktitle={ICLR 2024 Workshop on Understanding of Foundation Model},
  year={2024}
}

@article{hu2024prompt,
  title={Prompt Tuning with Diffusion for Few-Shot Pre-trained Policy Generalization},
  author={Hu, Shengchao and Zhao, Wanru and Lin, Weixiong and Shen, Li and Zhang, Ya and Tao, Dacheng},
  journal={arXiv preprint arXiv:2411.01168},
  year={2024}
}

@inproceedings{yang2024pre,
  title={Pre-trained Language Models Improve the Few-shot Prompt Ability of Decision Transformer},
  author={Yang, Yu and Xu, Pan},
  booktitle={Workshop on Training Agents with Foundation Models at RLC 2024},
  year={2024}
}

@inproceedings{shi2024unleashing,
  title={Unleashing the Power of Pre-trained Language Models for Offline Reinforcement Learning},
  author={Shi, Ruizhe and Liu, Yuyao and Ze, Yanjie and Du, Simon Shaolei and Xu, Huazhe},
  booktitle={The Twelfth International Conference on Learning Representations},
  year={2024}
}

@article{wang2024hierarchical,
  title={Hierarchical Prompt Decision Transformer: Improving Few-Shot Policy Generalization with Global and Adaptive},
  author={Wang, Zhe and Wang, Haozhu and Qi, Yanjun},
  journal={arXiv preprint arXiv:2412.00979},
  year={2024}
}

@inproceedings{zhengdecomposed,
  title={Decomposed Prompt Decision Transformer for Efficient Unseen Task Generalization},
  author={Zheng, Hongling and Shen, Li and Luo, Yong and Liu, Tongliang and Shen, Jialie and Tao, Dacheng},
  booktitle={The Thirty-eighth Annual Conference on Neural Information Processing Systems},
  year={2024}
}

@inproceedings{todorov2012mujoco,
  title={Mujoco: A physics engine for model-based control},
  author={Todorov, Emanuel and Erez, Tom and Tassa, Yuval},
  booktitle={2012 IEEE/RSJ international conference on intelligent robots and systems},
  pages={5026--5033},
  year={2012},
  organization={IEEE}
}

@article{xu2023hyper,
  title={Hyper-decision transformer for efficient online policy adaptation},
  author={Xu, Mengdi and Lu, Yuchen and Shen, Yikang and Zhang, Shun and Zhao, Ding and Gan, Chuang},
  year={2023},
  booktitle={The Eleventh International Conference on Learning Representations}
}

@article{tanaka2019recent,
  title={Recent advances in physical reservoir computing: A review},
  author={Tanaka, Gouhei and Yamane, Toshiyuki and H{\'e}roux, Jean Benoit and Nakane, Ryosho and Kanazawa, Naoki and Takeda, Seiji and Numata, Hidetoshi and Nakano, Daiju and Hirose, Akira},
  journal={Neural Networks},
  volume={115},
  pages={100--123},
  year={2019},
  publisher={Elsevier}
}

@article{kingma2013auto,
  title={Auto-encoding variational bayes},
  author={Kingma, Diederik P},
  journal={arXiv preprint arXiv:1312.6114},
  year={2013}
}

@inproceedings{slivkins2011contextual,
  title={Contextual bandits with similarity information},
  author={Slivkins, Aleksandrs},
  booktitle={Proceedings of the 24th annual Conference On Learning Theory},
  pages={679--702},
  year={2011},
  organization={JMLR Workshop and Conference Proceedings}
}


@article{paszke2019pytorch,
  title={Pytorch: An imperative style, high-performance deep learning library},
  author={Paszke, Adam and Gross, Sam and Massa, Francisco and Lerer, Adam and Bradbury, James and Chanan, Gregory and Killeen, Trevor and Lin, Zeming and Gimelshein, Natalia and Antiga, Luca and others},
  journal={Advances in neural information processing systems},
  volume={32},
  year={2019}
}

@article{kumar2021reordering,
  title={Reordering examples helps during priming-based few-shot learning},
  author={Kumar, Sawan and Talukdar, Partha},
  journal={arXiv preprint arXiv:2106.01751},
  year={2021}
}

@article{lu2021fantastically,
  title={Fantastically ordered prompts and where to find them: Overcoming few-shot prompt order sensitivity},
  author={Lu, Yao and Bartolo, Max and Moore, Alastair and Riedel, Sebastian and Stenetorp, Pontus},
  journal={arXiv preprint arXiv:2104.08786},
  year={2021}
}

@article{liu2021makes,
  title={What Makes Good In-Context Examples for GPT-$3 $?},
  author={Liu, Jiachang and Shen, Dinghan and Zhang, Yizhe and Dolan, Bill and Carin, Lawrence and Chen, Weizhu},
  journal={arXiv preprint arXiv:2101.06804},
  year={2021}
}

@article{mishra2021natural,
  title={Natural instructions: Benchmarking generalization to new tasks from natural language instructions},
  author={Mishra, Swaroop and Khashabi, Daniel and Baral, Chitta and Hajishirzi, Hannaneh},
  journal={arXiv preprint arXiv:2104.08773},
  pages={839--849},
  year={2021}
}

@misc{minimal_decision_transformer,
    author = {Barhate, Nikhil},
    title = {Minimal Implementation of Decision Transformer},
    year = {2022},
    publisher = {GitHub},
    journal = {GitHub repository},
    howpublished = {\url{https://shorturl.at/YeOpU}},
}

@article{schulman2017proximal,
  title={Proximal policy optimization algorithms},
  author={Schulman, John and Wolski, Filip and Dhariwal, Prafulla and Radford, Alec and Klimov, Oleg},
  journal={arXiv preprint arXiv:1707.06347},
  year={2017}
}