@inproceedings{abadi2016deep,
  title={Deep learning with differential privacy},
  author={Abadi, Martin and Chu, Andy and Goodfellow, Ian and McMahan, H Brendan and Mironov, Ilya and Talwar, Kunal and Zhang, Li},
  booktitle={Proceedings of the 2016 ACM SIGSAC conference on computer and communications security},
  pages={308--318},
  year={2016}
}

@article{antunes2022federated,
  title={Federated learning for healthcare: Systematic review and architecture proposal},
  author={Antunes, Rodolfo Stoffel and Andr{\'e} da Costa, Cristiano and K{\"u}derle, Arne and Yari, Imrana Abdullahi and Eskofier, Bj{\"o}rn},
  journal={ACM Transactions on Intelligent Systems and Technology (TIST)},
  volume={13},
  number={4},
  pages={1--23},
  year={2022},
  publisher={ACM New York, NY}
}

@inproceedings{brown2022does,
  title={What does it mean for a language model to preserve privacy?},
  author={Brown, Hannah and Lee, Katherine and Mireshghallah, Fatemehsadat and Shokri, Reza and Tram{\`e}r, Florian},
  booktitle={Proceedings of the 2022 ACM conference on fairness, accountability, and transparency},
  pages={2280--2292},
  year={2022}
}

@inproceedings{carlini2019secret,
  title={The secret sharer: Evaluating and testing unintended memorization in neural networks},
  author={Carlini, Nicholas and Liu, Chang and Erlingsson, {\'U}lfar and Kos, Jernej and Song, Dawn},
  booktitle={28th USENIX security symposium (USENIX security 19)},
  pages={267--284},
  year={2019}
}

@article{carlini2022quantifying,
  title={Quantifying memorization across neural language models},
  author={Carlini, Nicholas and Ippolito, Daphne and Jagielski, Matthew and Lee, Katherine and Tramer, Florian and Zhang, Chiyuan},
  journal={arXiv preprint arXiv:2202.07646},
  year={2022}
}

@article{dourish2004we,
  title={What we talk about when we talk about context},
  author={Dourish, Paul},
  journal={Personal and ubiquitous computing},
  volume={8},
  pages={19--30},
  year={2004},
  publisher={Springer}
}

@inproceedings{dwork2006calibrating,
  title={Calibrating noise to sensitivity in private data analysis},
  author={Dwork, Cynthia and McSherry, Frank and Nissim, Kobbi and Smith, Adam},
  booktitle={Theory of Cryptography: Third Theory of Cryptography Conference, TCC 2006, New York, NY, USA, March 4-7, 2006. Proceedings 3},
  pages={265--284},
  year={2006},
  organization={Springer}
}

@article{hard2018federated,
  title={Federated learning for mobile keyboard prediction},
  author={Hard, Andrew and Rao, Kanishka and Mathews, Rajiv and Ramaswamy, Swaroop and Beaufays, Fran{\c{c}}oise and Augenstein, Sean and Eichner, Hubert and Kiddon, Chlo{\'e} and Ramage, Daniel},
  journal={arXiv preprint arXiv:1811.03604},
  year={2018}
}

@article{jagielski2022measuring,
  title={Measuring forgetting of memorized training examples},
  author={Jagielski, Matthew and Thakkar, Om and Tramer, Florian and Ippolito, Daphne and Lee, Katherine and Carlini, Nicholas and Wallace, Eric and Song, Shuang and Thakurta, Abhradeep and Papernot, Nicolas and others},
  journal={arXiv preprint arXiv:2207.00099},
  year={2022}
}

@inproceedings{jayaraman2019evaluating,
  title={Evaluating differentially private machine learning in practice},
  author={Jayaraman, Bargav and Evans, David},
  booktitle={28th USENIX Security Symposium (USENIX Security 19)},
  pages={1895--1912},
  year={2019}
}

@article{kairouz2021advances,
  title={Advances and open problems in federated learning},
  author={Kairouz, Peter and McMahan, H Brendan and Avent, Brendan and Bellet, Aur{\'e}lien and Bennis, Mehdi and Bhagoji, Arjun Nitin and Bonawitz, Kallista and Charles, Zachary and Cormode, Graham and Cummings, Rachel and others},
  journal={Foundations and trends{\textregistered} in machine learning},
  volume={14},
  number={1--2},
  pages={1--210},
  year={2021},
  publisher={Now Publishers, Inc.}
}

@inproceedings{kulynych2023arbitrary,
  title={Arbitrary decisions are a hidden cost of differentially private training},
  author={Kulynych, Bogdan and Hsu, Hsiang and Troncoso, Carmela and Calmon, Flavio P},
  booktitle={Proceedings of the 2023 ACM Conference on Fairness, Accountability, and Transparency},
  pages={1609--1623},
  year={2023}
}

@article{lehman2021does,
  title={Does BERT pretrained on clinical notes reveal sensitive data?},
  author={Lehman, Eric and Jain, Sarthak and Pichotta, Karl and Goldberg, Yoav and Wallace, Byron C},
  journal={arXiv preprint arXiv:2104.07762},
  year={2021}
}

@article{liu2024differentially,
  title={Differentially private low-rank adaptation of large language model using federated learning},
  author={Liu, Xiao-Yang and Zhu, Rongyi and Zha, Daochen and Gao, Jiechao and Zhong, Shan and White, Matt and Qiu, Meikang},
  journal={ACM Transactions on Management Information Systems},
  year={2024},
  publisher={ACM New York, NY}
}

@inproceedings{lukas2023analyzing,
  title={Analyzing leakage of personally identifiable information in language models},
  author={Lukas, Nils and Salem, Ahmed and Sim, Robert and Tople, Shruti and Wutschitz, Lukas and Zanella-B{\'e}guelin, Santiago},
  booktitle={2023 IEEE Symposium on Security and Privacy (SP)},
  pages={346--363},
  year={2023},
  organization={IEEE}
}

@inproceedings{mcmahan2017communication,
  title={Communication-efficient learning of deep networks from decentralized data},
  author={McMahan, Brendan and Moore, Eider and Ramage, Daniel and Hampson, Seth and y Arcas, Blaise Aguera},
  booktitle={Artificial intelligence and statistics},
  pages={1273--1282},
  year={2017},
  organization={PMLR}
}

@article{mireshghallah2022quantifying,
  title={Quantifying privacy risks of masked language models using membership inference attacks},
  author={Mireshghallah, Fatemehsadat and Goyal, Kartik and Uniyal, Archit and Berg-Kirkpatrick, Taylor and Shokri, Reza},
  journal={arXiv preprint arXiv:2203.03929},
  year={2022}
}

@article{nguyen2022federated,
  title={Federated learning for smart healthcare: A survey},
  author={Nguyen, Dinh C and Pham, Quoc-Viet and Pathirana, Pubudu N and Ding, Ming and Seneviratne, Aruna and Lin, Zihuai and Dobre, Octavia and Hwang, Won-Joo},
  journal={ACM Computing Surveys (Csur)},
  volume={55},
  number={3},
  pages={1--37},
  year={2022},
  publisher={ACM New York, NY}
}

@article{nissenbaum2004privacy,
  title={Privacy as contextual integrity},
  author={Nissenbaum, Helen},
  journal={Wash. L. Rev.},
  volume={79},
  pages={119},
  year={2004},
  publisher={HeinOnline}
}

@article{ramaswamy2020training,
  title={Training production language models without memorizing user data},
  author={Ramaswamy, Swaroop and Thakkar, Om and Mathews, Rajiv and Andrew, Galen and McMahan, H Brendan and Beaufays, Fran{\c{c}}oise},
  journal={arXiv preprint arXiv:2009.10031},
  year={2020}
}

@article{thakkar2020understanding,
  title={Understanding unintended memorization in federated learning},
  author={Thakkar, Om and Ramaswamy, Swaroop and Mathews, Rajiv and Beaufays, Fran{\c{c}}oise},
  journal={arXiv preprint arXiv:2006.07490},
  year={2020}
}

@article{xu2021federated,
  title={Federated learning for healthcare informatics},
  author={Xu, Jie and Glicksberg, Benjamin S and Su, Chang and Walker, Peter and Bian, Jiang and Wang, Fei},
  journal={Journal of healthcare informatics research},
  volume={5},
  pages={1--19},
  year={2021},
  publisher={Springer}
}

