@article{achilli2024losing,
  title={Losing dimensions: Geometric memorization in generative diffusion},
  author={Achilli, Beatrice and Ventura, Enrico and Silvestri, Gianluigi and Pham, Bao and Raya, Gabriel and Krotov, Dmitry and Lucibello, Carlo and Ambrogioni, Luca},
  journal={arXiv preprint arXiv:2410.08727},
  year={2024}
}

@article{aranguri2025optimizing,
  title={Optimizing Noise Schedules of Generative Models in High Dimensionss},
  author={Aranguri, Santiago and Biroli, Giulio and Mezard, Marc and Vanden-Eijnden, Eric},
  journal={arXiv preprint arXiv:2501.00988},
  year={2025}
}

@article{bai2024expectation,
  title={An expectation-maximization algorithm for training clean diffusion models from corrupted observations},
  author={Bai, Weimin and Wang, Yifei and Chen, Wenzheng and Sun, He},
  journal={arXiv preprint arXiv:2407.01014},
  year={2024}
}

@article{biroli2023generative,
  title={Generative diffusion in very large dimensions},
  author={Biroli, Giulio and M{\'e}zard, Marc},
  journal={Journal of Statistical Mechanics: Theory and Experiment},
  volume={2023},
  number={9},
  pages={093402},
  year={2023},
  publisher={IOP Publishing}
}

@article{biroli2024dynamical,
  title={Dynamical regimes of diffusion models},
  author={Biroli, Giulio and Bonnaire, Tony and De Bortoli, Valentin and M{\'e}zard, Marc},
  journal={arXiv preprint arXiv:2402.18491},
  year={2024}
}

@article{bradley2024classifier,
  title={Classifier-free guidance is a predictor-corrector},
  author={Bradley, Arwen and Nakkiran, Preetum},
  journal={arXiv preprint arXiv:2408.09000},
  year={2024}
}

@article{chidambaram2024does,
  title={What does guidance do? a fine-grained analysis in a simple setting},
  author={Chidambaram, Muthu and Gatmiry, Khashayar and Chen, Sitan and Lee, Holden and Lu, Jianfeng},
  journal=arxiv,
  volume = {2409.13074},
  year={2024}
}

@article{cui2023analysis,
  title={Analysis of learning a flow-based generative model from limited sample complexity},
  author={Cui, Hugo and Krzakala, Florent and Vanden-Eijnden, Eric and Zdeborov{\'a}, Lenka},
  journal={arXiv preprint arXiv:2310.03575},
  year={2023}
}

@article{cui2025precise,
  title={A precise asymptotic analysis of learning diffusion models: theory and insights},
  author={Cui, Hugo and Pehlevan, Cengiz and Lu, Yue M},
  journal={arXiv preprint arXiv:2501.03937},
  year={2025}
}

@inproceedings{du2023reduce,
  title={Reduce, reuse, recycle: Compositional generation with energy-based diffusion models and mcmc},
  author={Du, Yilun and Durkan, Conor and Strudel, Robin and Tenenbaum, Joshua B and Dieleman, Sander and Fergus, Rob and Sohl-Dickstein, Jascha and Doucet, Arnaud and Grathwohl, Will Sussman},
  booktitle={International conference on machine learning},
  pages={8489--8510},
  year={2023},
  organization={PMLR}
}

@article{ghio2024sampling,
  title={Sampling with flows, diffusion, and autoregressive neural networks from a spin-glass perspective},
  author={Ghio, Davide and Dandi, Yatin and Krzakala, Florent and Zdeborov{\'a}, Lenka},
  journal={Proceedings of the National Academy of Sciences},
  volume={121},
  number={27},
  pages={e2311810121},
  year={2024},
  publisher={National Academy of Sciences}
}

@article{heusel2017gans,
  title={Gans trained by a two time-scale update rule converge to a local nash equilibrium},
  author={Heusel, Martin and Ramsauer, Hubert and Unterthiner, Thomas and Nessler, Bernhard and Hochreiter, Sepp},
  journal={Advances in neural information processing systems},
  volume={30},
  year={2017}
}

@article{ho2022classifier,
  title={Classifier-free diffusion guidance},
  author={Ho, Jonathan and Salimans, Tim},
  journal={arXiv preprint arXiv:2207.12598},
  year={2022}
}

@article{kadkhodaie2024feature,
  title={Feature-guided score diffusion for sampling conditional densities},
  author={Kadkhodaie, Zahra and Mallat, St{\'e}phane and Simoncelli, Eero P},
  journal={arXiv preprint arXiv:2410.11646},
  year={2024}
}

@article{karras2024guiding,
  title={Guiding a Diffusion Model with a Bad Version of Itself},
  author={Karras, Tero and Aittala, Miika and Kynk{\"a}{\"a}nniemi, Tuomas and Lehtinen, Jaakko and Aila, Timo and Laine, Samuli},
  journal={arXiv preprint arXiv:2406.02507},
  year={2024}
}

@article{kynkaanniemi2024applying,
  title={Applying guidance in a limited interval improves sample and distribution quality in diffusion models},
  author={Kynk{\"a}{\"a}nniemi, Tuomas and Aittala, Miika and Karras, Tero and Laine, Samuli and Aila, Timo and Lehtinen, Jaakko},
  journal={arXiv preprint arXiv:2404.07724},
  year={2024}
}

@article{li2024critical,
  title={Critical windows: non-asymptotic theory for feature emergence in diffusion models},
  author={Li, Marvin and Chen, Sitan},
  journal={arXiv preprint arXiv:2403.01633},
  year={2024}
}

@article{liang2024unraveling,
  title={Unraveling the smoothness properties of diffusion models: A gaussian mixture perspective},
  author={Liang, Yingyu and Shi, Zhenmei and Song, Zhao and Zhou, Yufa},
  journal={arXiv preprint arXiv:2405.16418},
  year={2024}
}

@misc{pidstrigach2023infinitedimensionaldiffusionmodels,
      title={Infinite-Dimensional Diffusion Models}, 
      author={Jakiw Pidstrigach and Youssef Marzouk and Sebastian Reich and Sven Wang},
      year={2023},
      eprint={2302.10130},
      archivePrefix={arXiv},
      primaryClass={stat.ML},
      url={https://arxiv.org/abs/2302.10130}, 
}

@article{raya2024spontaneous,
  title={Spontaneous symmetry breaking in generative diffusion models},
  author={Raya, Gabriel and Ambrogioni, Luca},
  journal={Advances in Neural Information Processing Systems},
  volume={36},
  year={2024}
}

@article{salimans2016improved,
  title={Improved techniques for training gans},
  author={Salimans, Tim and Goodfellow, Ian and Zaremba, Wojciech and Cheung, Vicki and Radford, Alec and Chen, Xi},
  journal={Advances in neural information processing systems},
  volume={29},
  year={2016}
}

@article{sclocchi2024phase,
  title={A phase transition in diffusion models reveals the hierarchical nature of data},
  author={Sclocchi, Antonio and Favero, Alessandro and Wyart, Matthieu},
  journal={arXiv preprint arXiv:2402.16991},
  year={2024}
}

@article{shah2023learning,
  title={Learning mixtures of gaussians using the DDPM objective},
  author={Shah, Kulin and Chen, Sitan and Klivans, Adam},
  journal={Advances in Neural Information Processing Systems},
  volume={36},
  pages={19636--19649},
  year={2023}
}

@article{song2020score,
  title={Score-based generative modeling through stochastic differential equations},
  author={Song, Yang and Sohl-Dickstein, Jascha and Kingma, Diederik P and Kumar, Abhishek and Ermon, Stefano and Poole, Ben},
  journal={arXiv preprint arXiv:2011.13456},
  year={2020a}
}

@inproceedings{sun2023inner,
  title={Inner classifier-free guidance and its taylor expansion for diffusion models},
  author={Sun, Shikun and Wei, Longhui and Wang, Zhicai and Wang, Zixuan and Xing, Junliang and Jia, Jia and Tian, Qi},
  booktitle={The Twelfth International Conference on Learning Representations},
  year={2023}
}

@article{wang2024analysis,
  title={Analysis of Classifier-Free Guidance Weight Schedulers},
  author={Wang, Xi and Dufour, Nicolas and Andreou, Nefeli and Cani, Marie-Paule and Abrevaya, Victoria Fern{\'a}ndez and Picard, David and Kalogeiton, Vicky},
  journal= arxiv, 
  volume = {2404.13040},
  year={2024}
}

@article{xia2024rectified,
  title={Rectified Diffusion Guidance for Conditional Generation},
  author={Xia, Mengfei and Xue, Nan and Shen, Yujun and Yi, Ran and Gong, Tieliang and Liu, Yong-Jin},
  journal={arXiv preprint arXiv:2410.18737},
  year={2024}
}

@article{yu2024nonequilbrium,
  title={Nonequilbrium physics of generative diffusion models},
  author={Yu, Zhendong and Huang, Haiping},
  journal={arXiv preprint arXiv:2405.11932},
  year={2024}
}

@article{zheng2023characteristic,
  title={Characteristic Guidance: Non-linear Correction for DDPM at Large Guidance Scale},
  author={Zheng, Candi and Lan, Yuan},
  journal={arXiv preprint arXiv:2312.07586},
  year={2023}
}

