@String { arxiv = {arXiv Preprint} }
@String { nips  = {Advances in neural information processing systems} }


@Article{dai23arxiv,
  author  = {Xiaoliang Dai and Ji Hou and Chih-Yao Ma and Sam Tsai and Jialiang Wang and Rui Wang and Peizhao Zhang and Simon Vandenhende and Xiaofang Wang and Abhimanyu Dubey and Matthew Yu and Abhishek Kadian and Filip Radenovic and Dhruv Mahajan and Kunpeng Li and Yue Zhao and Vladan Petrovic and Mitesh Kumar Singh and Simran Motwani and Yi Wen and Yiwen Song and Roshan Sumbaly and Vignesh Ramanathan and Zijian He and Peter Vajda and Devi Parikh},
  journal = arxiv,
  title   = {Emu: Enhancing Image Generation Models Using Photogenic Needles in a Haystack},
  year    = {2023},
  volume  = {2309.15807}
}
@article{aranguri2025optimizing,
  title={Optimizing Noise Schedules of Generative Models in High Dimensionss},
  author={Aranguri, Santiago and Biroli, Giulio and Mezard, Marc and Vanden-Eijnden, Eric},
  journal={arXiv preprint arXiv:2501.00988},
  year={2025}
}
@article{cui2025precise,
  title={A precise asymptotic analysis of learning diffusion models: theory and insights},
  author={Cui, Hugo and Pehlevan, Cengiz and Lu, Yue M},
  journal={arXiv preprint arXiv:2501.03937},
  year={2025}
}

@article{chidambaram2024does,
  title={What does guidance do? a fine-grained analysis in a simple setting},
  author={Chidambaram, Muthu and Gatmiry, Khashayar and Chen, Sitan and Lee, Holden and Lu, Jianfeng},
  journal=arxiv,
  volume = {2409.13074},
  year={2024}
}

@article{kadkhodaie2024feature,
  title={Feature-guided score diffusion for sampling conditional densities},
  author={Kadkhodaie, Zahra and Mallat, St{\'e}phane and Simoncelli, Eero P},
  journal={arXiv preprint arXiv:2410.11646},
  year={2024}
}

@misc{sohldickstein2015deepunsupervisedlearningusing,
      title={Deep Unsupervised Learning using Nonequilibrium Thermodynamics}, 
      author={Jascha Sohl-Dickstein and Eric A. Weiss and Niru Maheswaranathan and Surya Ganguli},
      year={2015},
      eprint={1503.03585},
      archivePrefix={arXiv},
      primaryClass={cs.LG},
      url={https://arxiv.org/abs/1503.03585}, 
}

@misc{song2020generativemodelingestimatinggradients,
      title={Generative Modeling by Estimating Gradients of the Data Distribution}, 
      author={Yang Song and Stefano Ermon},
      year={2020},
      eprint={1907.05600},
      archivePrefix={arXiv},
      primaryClass={cs.LG},
      url={https://arxiv.org/abs/1907.05600}, 
}

@misc{ho2020denoisingdiffusionprobabilisticmodels,
      title={Denoising Diffusion Probabilistic Models}, 
      author={Jonathan Ho and Ajay Jain and Pieter Abbeel},
      year={2020},
      eprint={2006.11239},
      archivePrefix={arXiv},
      primaryClass={cs.LG},
      url={https://arxiv.org/abs/2006.11239}, 
}

@article{sajjadi2018assessing,
  title={Assessing generative models via precision and recall},
  author={Sajjadi, Mehdi SM and Bachem, Olivier and Lucic, Mario and Bousquet, Olivier and Gelly, Sylvain},
  journal={Advances in neural information processing systems},
  volume={31},
  year={2018}
}

@misc{goodfellow2014generativeadversarialnetworks,
      title={Generative Adversarial Networks}, 
      author={Ian J. Goodfellow and Jean Pouget-Abadie and Mehdi Mirza and Bing Xu and David Warde-Farley and Sherjil Ozair and Aaron Courville and Yoshua Bengio},
      year={2014},
      eprint={1406.2661},
      archivePrefix={arXiv},
      primaryClass={stat.ML},
      url={https://arxiv.org/abs/1406.2661}, 
}

@article{song2020score,
  title={Score-based generative modeling through stochastic differential equations},
  author={Song, Yang and Sohl-Dickstein, Jascha and Kingma, Diederik P and Kumar, Abhishek and Ermon, Stefano and Poole, Ben},
  journal={arXiv preprint arXiv:2011.13456},
  year={2020a}
}

@inproceedings{dhariwal2021diffusion,
  title={Diffusion models beat gans on image synthesis},
  author={Dhariwal, Prafulla and Nichol, Alexander},
  booktitle=nips,
  year={2021}
}

@inproceedings{song2020improved,
  title={Improved techniques for training score-based generative models},
  author={Song, Yang and Ermon, Stefano},
  booktitle= nips,
  year={2020}
}

@article{ho2022classifier,
  title={Classifier-free diffusion guidance},
  author={Ho, Jonathan and Salimans, Tim},
  journal={arXiv preprint arXiv:2207.12598},
  year={2022}
}

@article{nichol2021glide,
  title={Glide: Towards photorealistic image generation and editing with text-guided diffusion models},
  author={Nichol, Alex and Dhariwal, Prafulla and Ramesh, Aditya and Shyam, Pranav and Mishkin, Pamela and McGrew, Bob and Sutskever, Ilya and Chen, Mark},
  journal={arXiv preprint arXiv:2112.10741},
  year={2021}
}

@article{poole2022dreamfusion,
  title={Dreamfusion: Text-to-3d using 2d diffusion},
  author={Poole, Ben and Jain, Ajay and Barron, Jonathan T and Mildenhall, Ben},
  journal={arXiv preprint arXiv:2209.14988},
  year={2022}
}

@article{raya2024spontaneous,
  title={Spontaneous symmetry breaking in generative diffusion models},
  author={Raya, Gabriel and Ambrogioni, Luca},
  journal={Advances in Neural Information Processing Systems},
  volume={36},
  year={2024}
}

@article{biroli2023generative,
  title={Generative diffusion in very large dimensions},
  author={Biroli, Giulio and M{\'e}zard, Marc},
  journal={Journal of Statistical Mechanics: Theory and Experiment},
  volume={2023},
  number={9},
  pages={093402},
  year={2023},
  publisher={IOP Publishing}
}

@article{biroli2024dynamical,
  title={Dynamical regimes of diffusion models},
  author={Biroli, Giulio and Bonnaire, Tony and De Bortoli, Valentin and M{\'e}zard, Marc},
  journal={arXiv preprint arXiv:2402.18491},
  year={2024}
}

@article{ho2022cascaded,
  title={Cascaded diffusion models for high fidelity image generation},
  author={Ho, Jonathan and Saharia, Chitwan and Chan, William and Fleet, David J and Norouzi, Mohammad and Salimans, Tim},
  journal={Journal of Machine Learning Research},
  volume={23},
  number={47},
  pages={1--33},
  year={2022}
}

@article{ramesh2022hierarchical,
  title={Hierarchical text-conditional image generation with clip latents},
  author={Ramesh, Aditya and Dhariwal, Prafulla and Nichol, Alex and Chu, Casey and Chen, Mark},
  journal={arXiv preprint arXiv:2204.06125},
  volume={1},
  number={2},
  pages={3},
  year={2022}
}

@article{saharia2022photorealistic,
  title={Photorealistic text-to-image diffusion models with deep language understanding},
  author={Saharia, Chitwan and Chan, William and Saxena, Saurabh and Li, Lala and Whang, Jay and Denton, Emily L and Ghasemipour, Kamyar and Gontijo Lopes, Raphael and Karagol Ayan, Burcu and Salimans, Tim and others},
  journal={Advances in neural information processing systems},
  volume={35},
  pages={36479--36494},
  year={2022}
}

@article{kynkaanniemi2024applying,
  title={Applying guidance in a limited interval improves sample and distribution quality in diffusion models},
  author={Kynk{\"a}{\"a}nniemi, Tuomas and Aittala, Miika and Karras, Tero and Laine, Samuli and Aila, Timo and Lehtinen, Jaakko},
  journal={arXiv preprint arXiv:2404.07724},
  year={2024}
}

@article{sadat2023cads,
  title={CADS: Unleashing the diversity of diffusion models through condition-annealed sampling},
  author={Sadat, Seyedmorteza and Buhmann, Jakob and Bradley, Derek and Hilliges, Otmar and Weber, Romann M},
  journal={arXiv preprint arXiv:2310.17347},
  year={2023}
}

@article{zameshina2023diverse,
  title={Diverse Diffusion: Enhancing Image Diversity in Text-to-Image Generation},
  author={Zameshina, Mariia and Teytaud, Olivier and Najman, Laurent},
  journal={arXiv preprint arXiv:2310.12583},
  year={2023}
}


@article{zheng2023characteristic,
  title={Characteristic Guidance: Non-linear Correction for DDPM at Large Guidance Scale},
  author={Zheng, Candi and Lan, Yuan},
  journal={arXiv preprint arXiv:2312.07586},
  year={2023}
}

@article{kingma2013auto,
  title={Auto-encoding variational bayes},
  author={Kingma, Diederik P},
  journal={arXiv preprint arXiv:1312.6114},
  year={2013}
}

@article{li2024critical,
  title={Critical windows: non-asymptotic theory for feature emergence in diffusion models},
  author={Li, Marvin and Chen, Sitan},
  journal={arXiv preprint arXiv:2403.01633},
  year={2024}
}

@inproceedings{deng2009imagenet,
  title={Imagenet: A large-scale hierarchical image database},
  author={Deng, Jia and Dong, Wei and Socher, Richard and Li, Li-Jia and Li, Kai and Fei-Fei, Li},
  booktitle={2009 IEEE conference on computer vision and pattern recognition},
  pages={248--255},
  year={2009},
  organization={Ieee}
}

@article{wang2024analysis,
  title={Analysis of Classifier-Free Guidance Weight Schedulers},
  author={Wang, Xi and Dufour, Nicolas and Andreou, Nefeli and Cani, Marie-Paule and Abrevaya, Victoria Fern{\'a}ndez and Picard, David and Kalogeiton, Vicky},
  journal= arxiv, 
  volume = {2404.13040},
  year={2024}
}

@book{zinn2021quantum,
  title={Quantum field theory and critical phenomena},
  author={Zinn-Justin, Jean},
  volume={171},
  year={2021},
  publisher={Oxford university press}
}

@inproceedings{peebles2023scalable,
  title={Scalable diffusion models with transformers},
  author={Peebles, William and Xie, Saining},
  booktitle={Proceedings of the IEEE/CVF International Conference on Computer Vision},
  pages={4195--4205},
  year={2023}
}

@inproceedings{nichol2021improved,
  title={Improved denoising diffusion probabilistic models},
  author={Nichol, Alexander Quinn and Dhariwal, Prafulla},
  booktitle={International conference on machine learning},
  pages={8162--8171},
  year={2021},
  organization={PMLR}
}

@article{wu2024theoretical,
  title={Theoretical insights for diffusion guidance: A case study for gaussian mixture models},
  author={Wu, Yuchen and Chen, Minshuo and Li, Zihao and Wang, Mengdi and Wei, Yuting},
  journal={arXiv preprint arXiv:2403.01639},
  year={2024}
}

@article{shah2023learning,
  title={Learning mixtures of gaussians using the DDPM objective},
  author={Shah, Kulin and Chen, Sitan and Klivans, Adam},
  journal={Advances in Neural Information Processing Systems},
  volume={36},
  pages={19636--19649},
  year={2023}
}

@article{liang2024unraveling,
  title={Unraveling the smoothness properties of diffusion models: A gaussian mixture perspective},
  author={Liang, Yingyu and Shi, Zhenmei and Song, Zhao and Zhou, Yufa},
  journal={arXiv preprint arXiv:2405.16418},
  year={2024}
}

@article{cui2023analysis,
  title={Analysis of learning a flow-based generative model from limited sample complexity},
  author={Cui, Hugo and Krzakala, Florent and Vanden-Eijnden, Eric and Zdeborov{\'a}, Lenka},
  journal={arXiv preprint arXiv:2310.03575},
  year={2023}
}

@article{bai2024expectation,
  title={An expectation-maximization algorithm for training clean diffusion models from corrupted observations},
  author={Bai, Weimin and Wang, Yifei and Chen, Wenzheng and Sun, He},
  journal={arXiv preprint arXiv:2407.01014},
  year={2024}
}

@article{xia2024rectified,
  title={Rectified Diffusion Guidance for Conditional Generation},
  author={Xia, Mengfei and Xue, Nan and Shen, Yujun and Yi, Ran and Gong, Tieliang and Liu, Yong-Jin},
  journal={arXiv preprint arXiv:2410.18737},
  year={2024}
}


@article{karras2024guiding,
  title={Guiding a Diffusion Model with a Bad Version of Itself},
  author={Karras, Tero and Aittala, Miika and Kynk{\"a}{\"a}nniemi, Tuomas and Lehtinen, Jaakko and Aila, Timo and Laine, Samuli},
  journal={arXiv preprint arXiv:2406.02507},
  year={2024}
}

@article{bradley2024classifier,
  title={Classifier-free guidance is a predictor-corrector},
  author={Bradley, Arwen and Nakkiran, Preetum},
  journal={arXiv preprint arXiv:2408.09000},
  year={2024}
}

@inproceedings{du2023reduce,
  title={Reduce, reuse, recycle: Compositional generation with energy-based diffusion models and mcmc},
  author={Du, Yilun and Durkan, Conor and Strudel, Robin and Tenenbaum, Joshua B and Dieleman, Sander and Fergus, Rob and Sohl-Dickstein, Jascha and Doucet, Arnaud and Grathwohl, Will Sussman},
  booktitle={International conference on machine learning},
  pages={8489--8510},
  year={2023},
  organization={PMLR}
}


@inproceedings{sehwag2022generating,
  title={Generating high fidelity data from low-density regions using diffusion models},
  author={Sehwag, Vikash and Hazirbas, Caner and Gordo, Albert and Ozgenel, Firat and Canton, Cristian},
  booktitle={Proceedings of the IEEE/CVF Conference on Computer Vision and Pattern Recognition},
  pages={11492--11501},
  year={2022}
}

@inproceedings{sun2023inner,
  title={Inner classifier-free guidance and its taylor expansion for diffusion models},
  author={Sun, Shikun and Wei, Longhui and Wang, Zhicai and Wang, Zixuan and Xing, Junliang and Jia, Jia and Tian, Qi},
  booktitle={The Twelfth International Conference on Learning Representations},
  year={2023}
}

@article{sclocchi2024phase,
  title={A phase transition in diffusion models reveals the hierarchical nature of data},
  author={Sclocchi, Antonio and Favero, Alessandro and Wyart, Matthieu},
  journal={arXiv preprint arXiv:2402.16991},
  year={2024}
}

@misc{pidstrigach2023infinitedimensionaldiffusionmodels,
      title={Infinite-Dimensional Diffusion Models}, 
      author={Jakiw Pidstrigach and Youssef Marzouk and Sebastian Reich and Sven Wang},
      year={2023},
      eprint={2302.10130},
      archivePrefix={arXiv},
      primaryClass={stat.ML},
      url={https://arxiv.org/abs/2302.10130}, 
}

@article{ghio2024sampling,
  title={Sampling with flows, diffusion, and autoregressive neural networks from a spin-glass perspective},
  author={Ghio, Davide and Dandi, Yatin and Krzakala, Florent and Zdeborov{\'a}, Lenka},
  journal={Proceedings of the National Academy of Sciences},
  volume={121},
  number={27},
  pages={e2311810121},
  year={2024},
  publisher={National Academy of Sciences}
}

@article{achilli2024losing,
  title={Losing dimensions: Geometric memorization in generative diffusion},
  author={Achilli, Beatrice and Ventura, Enrico and Silvestri, Gianluigi and Pham, Bao and Raya, Gabriel and Krotov, Dmitry and Lucibello, Carlo and Ambrogioni, Luca},
  journal={arXiv preprint arXiv:2410.08727},
  year={2024}
}

@article{yu2024nonequilbrium,
  title={Nonequilbrium physics of generative diffusion models},
  author={Yu, Zhendong and Huang, Haiping},
  journal={arXiv preprint arXiv:2405.11932},
  year={2024}
}

@article{heusel2017gans,
  title={Gans trained by a two time-scale update rule converge to a local nash equilibrium},
  author={Heusel, Martin and Ramsauer, Hubert and Unterthiner, Thomas and Nessler, Bernhard and Hochreiter, Sepp},
  journal={Advances in neural information processing systems},
  volume={30},
  year={2017}
}

@article{salimans2016improved,
  title={Improved techniques for training gans},
  author={Salimans, Tim and Goodfellow, Ian and Zaremba, Wojciech and Cheung, Vicki and Radford, Alec and Chen, Xi},
  journal={Advances in neural information processing systems},
  volume={29},
  year={2016}
}

@ARTICLE{2020SciPy-NMeth,
  author  = {Virtanen, Pauli and Gommers, Ralf and Oliphant, Travis E. and
            Haberland, Matt and Reddy, Tyler and Cournapeau, David and
            Burovski, Evgeni and Peterson, Pearu and Weckesser, Warren and
            Bright, Jonathan and {van der Walt}, St{\'e}fan J. and
            Brett, Matthew and Wilson, Joshua and Millman, K. Jarrod and
            Mayorov, Nikolay and Nelson, Andrew R. J. and Jones, Eric and
            Kern, Robert and Larson, Eric and Carey, C J and
            Polat, {\.I}lhan and Feng, Yu and Moore, Eric W. and
            {VanderPlas}, Jake and Laxalde, Denis and Perktold, Josef and
            Cimrman, Robert and Henriksen, Ian and Quintero, E. A. and
            Harris, Charles R. and Archibald, Anne M. and
            Ribeiro, Ant{\^o}nio H. and Pedregosa, Fabian and
            {van Mulbregt}, Paul and {SciPy 1.0 Contributors}},
  title   = {{{SciPy} 1.0: Fundamental Algorithms for Scientific
            Computing in Python}},
  journal = {Nature Methods},
  year    = {2020},
  volume  = {17},
  pages   = {261--272},
  adsurl  = {https://rdcu.be/b08Wh},
  doi     = {10.1038/s41592-019-0686-2},
}

@article{wang2009divergence,
  title={Divergence estimation for multidimensional densities via $ k $-Nearest-Neighbor distances},
  author={Wang, Qing and Kulkarni, Sanjeev R and Verd{\'u}, Sergio},
  journal={IEEE Transactions on Information Theory},
  volume={55},
  number={5},
  pages={2392--2405},
  year={2009},
  publisher={IEEE}
}

@inproceedings{karras2024analyzing,
  title={Analyzing and improving the training dynamics of diffusion models},
  author={Karras, Tero and Aittala, Miika and Lehtinen, Jaakko and Hellsten, Janne and Aila, Timo and Laine, Samuli},
  booktitle={Proceedings of the IEEE/CVF Conference on Computer Vision and Pattern Recognition},
  pages={24174--24184},
  year={2024}
}

@inproceedings{esser2024scaling,
  title={Scaling rectified flow transformers for high-resolution image synthesis},
  author={Esser, Patrick and Kulal, Sumith and Blattmann, Andreas and Entezari, Rahim and M{\"u}ller, Jonas and Saini, Harry and Levi, Yam and Lorenz, Dominik and Sauer, Axel and Boesel, Frederic and others},
  booktitle={Forty-first International Conference on Machine Learning},
  year={2024}
}

@article{thomee2016yfcc100m,
  title={Yfcc100m: The new data in multimedia research},
  author={Thomee, Bart and Shamma, David A and Friedland, Gerald and Elizalde, Benjamin and Ni, Karl and Poland, Douglas and Borth, Damian and Li, Li-Jia},
  journal={Communications of the ACM},
  volume={59},
  number={2},
  pages={64--73},
  year={2016},
  publisher={ACM New York, NY, USA}
}

@inproceedings{changpinyo2021conceptual,
  title={Conceptual 12m: Pushing web-scale image-text pre-training to recognize long-tail visual concepts},
  author={Changpinyo, Soravit and Sharma, Piyush and Ding, Nan and Soricut, Radu},
  booktitle={Proceedings of the IEEE/CVF conference on computer vision and pattern recognition},
  pages={3558--3568},
  year={2021}
}

@inproceedings{gao2023masked,
  title={Masked diffusion transformer is a strong image synthesizer},
  author={Gao, Shanghua and Zhou, Pan and Cheng, Ming-Ming and Yan, Shuicheng},
  booktitle={Proceedings of the IEEE/CVF International Conference on Computer Vision},
  pages={23164--23173},
  year={2023}
}

@article{lipman2022flow,
  title={Flow matching for generative modeling},
  author={Lipman, Yaron and Chen, Ricky TQ and Ben-Hamu, Heli and Nickel, Maximilian and Le, Matt},
  journal={arXiv preprint arXiv:2210.02747},
  year={2022}
}

@article{albergo2023stochastic,
  title={Stochastic interpolants: A unifying framework for flows and diffusions},
  author={Albergo, Michael S and Boffi, Nicholas M and Vanden-Eijnden, Eric},
  journal={arXiv preprint arXiv:2303.08797},
  year={2023}
}

@article{xiao2023florence,
  title={Florence-2: Advancing a unified representation for a variety of vision tasks (2023)},
  author={Xiao, Bin and Wu, Haiping and Xu, Weijian and Dai, Xiyang and Hu, Houdong and Lu, Yumao and Zeng, Michael and Liu, Ce and Yuan, Lu},
  journal={URL https://arxiv. org/abs/2311.06242},
  year={2023}
}

@inproceedings{lin2014microsoft,
  title={Microsoft coco: Common objects in context},
  author={Lin, Tsung-Yi and Maire, Michael and Belongie, Serge and Hays, James and Perona, Pietro and Ramanan, Deva and Doll{\'a}r, Piotr and Zitnick, C Lawrence},
  booktitle={Computer Vision--ECCV 2014: 13th European Conference, Zurich, Switzerland, September 6-12, 2014, Proceedings, Part V 13},
  pages={740--755},
  year={2014},
  organization={Springer}
}


@article{hall2024evalgim,
  title={EvalGIM: A Library for Evaluating Generative Image Models},
  author={Hall, Melissa and Ma{\~n}as, Oscar and Askari, Reyhane and Ibrahim, Mark and Ross, Candace and Astolfi, Pietro and Ifriqi, Tariq Berrada and Havasi, Marton and Benchetrit, Yohann and Ullrich, Karen and others},
  journal={arXiv preprint arXiv:2412.10604},
  year={2024}
}

@article{karras2022elucidating,
  title={Elucidating the design space of diffusion-based generative models},
  author={Karras, Tero and Aittala, Miika and Aila, Timo and Laine, Samuli},
  journal={Advances in neural information processing systems},
  volume={35},
  pages={26565--26577},
  year={2022}
}

@article{betker2023improving,
  title={Improving image generation with better captions},
  author={Betker, James and Goh, Gabriel and Jing, Li and Brooks, Tim and Wang, Jianfeng and Li, Linjie and Ouyang, Long and Zhuang, Juntang and Lee, Joyce and Guo, Yufei and others},
  journal={Computer Science. https://cdn. openai. com/papers/dall-e-3. pdf},
  volume={2},
  number={3},
  pages={8},
  year={2023}
}