@article{geirhos2020shortcut,
  title={Shortcut learning in deep neural networks},
  author={Geirhos, Robert and Jacobsen, J{\"o}rn-Henrik and Michaelis, Claudio and Zemel, Richard and Brendel, Wieland and Bethge, Matthias and Wichmann, Felix A},
  journal={Nature Machine Intelligence},
  volume={2},
  number={11},
  pages={665--673},
  year={2020},
  publisher={Nature Publishing Group}
}

@article{teso2023leveraging,
  title={Leveraging Explanations in Interactive Machine Learning: An Overview},
  author={Teso, Stefano and Alkan, {\"O}znur and Stammer, Wolfang and Daly, Elizabeth},
  journal={Frontiers in AI},
  year={2023}
}

