% ===========================================================================
% Concepts
% ===========================================================================

@inproceedings{kambhampati2022symbols,
  title={Symbols as a lingua franca for bridging human-ai chasm for explainable and advisable ai systems},
  author={Kambhampati, Subbarao and Sreedharan, Sarath and Verma, Mudit and Zha, Yantian and Guan, Lin},
  booktitle={Proceedings of the AAAI Conference on Artificial Intelligence},
  volume={36},
  number={11},
  pages={12262--12267},
  year={2022}
}

@article{schwalbe2022concept,
  title={Concept embedding analysis: A review},
  author={Schwalbe, Gesina},
  journal={arXiv preprint arXiv:2203.13909},
  year={2022}
}

@article{poeta2023concept,
  title={Concept-based Explainable Artificial Intelligence: A Survey},
  author={Poeta, Eleonora and Ciravegna, Gabriele and Pastor, Eliana and Cerquitelli, Tania and Baralis, Elena},
  journal={arXiv preprint arXiv:2312.12936},
  year={2023}
}

@article{harnard1990grounding,
   title={The symbol grounding problem},
   volume={42},
   ISSN={0167-2789},
   DOI={10.1016/0167-2789(90)90087-6},
   number={1–3},
   journal={Physica D: Nonlinear Phenomena},
   publisher={Elsevier BV},
   author={Harnad, Stevan},
   year={1990},
   month=jun, pages={335–346} }

@misc{taeb2022provable,
      title={Provable concept learning for interpretable predictions using variational autoencoders}, 
      author={Armeen Taeb and Nicolo Ruggeri and Carina Schnuck and Fanny Yang},
      year={2022},
      eprint={2204.00492},
      archivePrefix={arXiv},
      primaryClass={cs.LG}
}

@article{marconato2023interpretability,
  title={Interpretability is in the Mind of the Beholder: A Causal Framework for Human-interpretable Representation Learning},
  author={Marconato, Emanuele and Passerini, Andrea and Teso, Stefano},
  journal={Entropy},
  year={2023}
}

@inproceedings{xie2022neuro,
  title={Neuro-symbolic verification of deep neural networks},
  author={Xie, Xuan and Kersting, Kristian and Neider, Daniel},
  booktitle={IJCAI},
  year={2022}
}

@article{zaid2023distribution,
  title={Distribution-aware neuro-symbolic verification},
  author={Zaid, Faried Abu and Diekmann, Dennis and Neider, Daniel},
  journal={AISoLA},
  pages={445--447},
  year={2023}
}

@article{morettin2024unified,
  title={A Unified Framework for Probabilistic Verification of AI Systems via Weighted Model Integration},
  author={Morettin, Paolo and Passerini, Andrea and Sebastiani, Roberto},
  journal={arXiv preprint arXiv:2402.04892},
  year={2024}
}

@inproceedings{kim2018interpretability,
  title={Interpretability beyond feature attribution: Quantitative testing with concept activation vectors (tcav)},
  author={Kim, Been and Wattenberg, Martin and Gilmer, Justin and Cai, Carrie and Wexler, James and Viegas, Fernanda and others},
  booktitle={ICML},
  year={2018}
}

@inproceedings{suter2019robustly,
  title={Robustly disentangled causal mechanisms: Validating deep representations for interventional robustness},
  author={Suter, Raphael and Miladinovic, Djordje and Sch{\"o}lkopf, Bernhard and Bauer, Stefan},
  booktitle={ICML},
  year={2019}
}

@inproceedings{locatello2019challenging,
  title={Challenging common assumptions in the unsupervised learning of disentangled representations},
  author={Locatello, Francesco and Bauer, Stefan and Lucic, Mario and Raetsch, Gunnar and Gelly, Sylvain and Sch{\"o}lkopf, Bernhard and Bachem, Olivier},
  booktitle={ICML},
  year={2019}
}

@inproceedings{khemakhem2020variational,
  title={Variational autoencoders and nonlinear ica: A unifying framework},
  author={Khemakhem, Ilyes and Kingma, Diederik and Monti, Ricardo and Hyvarinen, Aapo},
  booktitle={AISTATS},
  year={2020}
}


% ===========================================================================
% Input Shortcuts
% ===========================================================================

% Overview
@article{steinmann2024navigating,
  title={Navigating Shortcuts, Spurious Correlations, and Confounders: From Origins via Detection to Mitigation},
  author={Steinmann, David and Divo, Felix and Kraus, Maurice and W{\"u}st, Antonia and Struppek, Lukas and Friedrich, Felix and Kersting, Kristian},
  journal={arXiv preprint arXiv:2412.05152},
  year={2024}
}

% Survey
@article{ye2024spurious,
  title={Spurious correlations in machine learning: A survey},
  author={Ye, Wenqian and Zheng, Guangtao and Cao, Xu and Ma, Yunsheng and Zhang, Aidong},
  journal={arXiv preprint arXiv:2402.12715},
  year={2024}
}

% Contrastive learning for shortcuts
@article{robinson2021can,
  title={Can contrastive learning avoid shortcut solutions?},
  author={Robinson, Joshua and Sun, Li and Yu, Ke and Batmanghelich, Kayhan and Jegelka, Stefanie and Sra, Suvrit},
  journal={Advances in neural information processing systems},
  volume={34},
  pages={4974--4986},
  year={2021}
}

% Generative learning for shortcuts
@inproceedings{li2024generative,
  title={Generative Classifiers Avoid Shortcut Solutions},
  author={Li, Alexander Cong and Kumar, Ananya and Pathak, Deepak},
  booktitle={ICML 2024 Workshop on Structured Probabilistic Inference $\{$$\backslash$\&$\}$ Generative Modeling},
  year={2024}
}

% Simplicity Bias (ST: which does not work for us! mention this!)
@inproceedings{yang2024identifying,
  title={Identifying spurious biases early in training through the lens of simplicity bias},
  author={Yang, Yu and Gan, Eric and Dziugaite, Gintare Karolina and Mirzasoleiman, Baharan},
  booktitle={AISTATS},
  year={2024}
}


% ===========================================================================
% LLM Shortcuts
% ===========================================================================

% Shortcuts in LLMs
@article{du2023shortcut,
  title={Shortcut learning of large language models in natural language understanding},
  author={Du, Mengnan and He, Fengxiang and Zou, Na and Tao, Dacheng and Hu, Xia},
  journal={Communications of the ACM},
  year={2023}
}


% ===========================================================================
% Reasoning Shortcuts
% ===========================================================================

@article{chang2020assessing,
  title={Assessing SATNet's ability to solve the symbol grounding problem},
  author={Chang, Oscar and Flokas, Lampros and Lipson, Hod and Spranger, Michael},
  journal={NeurIPS},
  year={2020}
}

@inproceedings{marconato2023neuro,
  title={Neuro Symbolic Continual Learning: Knowledge, Reasoning Shortcuts and Concept Rehearsal},
  author={Marconato, Emanuele and Bontempo, Gianpaolo and Ficarra, Elisa and Calderara, Simone and Passerini, Andrea and Teso, Stefano},
  booktitle={ICML},
  year={2023}
}

@inproceedings{marconato2023not,
  title={Not All Neuro-Symbolic Concepts Are Created Equal: Analysis and Mitigation of Reasoning Shortcuts},
  author={Marconato, Emanuele and Teso, Stefano and Vergari, Antonio and Passerini, Andrea},
  booktitle={NeurIPS},
  year={2023}
}

@inproceedings{li2023learning,
  title={Learning with Logical Constraints but without Shortcut Satisfaction},
  author={Li, Zenan and Liu, Zehua and Yao, Yuan and Xu, Jingwei and Chen, Taolue and Ma, Xiaoxing and Jian, L and others},
  booktitle={ICLR},
  year={2023}
}

@inproceedings{wang2023grounding,
  title={Grounding Neural Inference with Satisfiability Modulo Theories},
  author={Wang, Zifan and Vijayakumar, Saranya and Lu, Kaiji and Ganesh, Vijay and Jha, Somesh and Fredrikson, Matt},
  booktitle={NeurIPS},
  year={2023}
}

@inproceedings{wang2023learning,
  title={On Learning Latent Models with Multi-Instance Weak Supervision},
  author={Wang, Kaifu and Tsamoura, Efi and Roth, Dan},
  booktitle={NeurIPS},
  year={2023}
}

@inproceedings{sansone2023learning,
  title={{Learning Symbolic Representations Through Joint GEnerative and DIscriminative Training}},
  author={Sansone, Emanuele and Manhaeve, Robin},
  year={2023},
  booktitle={IJCAI 2023 Workshop on Knowledge-Based Compositional Generalization}
}

@article{marconato2024bears,
  title={{BEARS Make Neuro-Symbolic Models Aware of their Reasoning Shortcuts}},
  author={Marconato, Emanuele and Bortolotti, Samuele and van Krieken, Emile and Vergari, Antonio and Passerini, Andrea and Teso, Stefano},
  journal={Uncertainty in AI},
  year={2024}
}

@inproceedings{yang2024analysis,
  title={Analysis for Abductive Learning and Neural-Symbolic Reasoning Shortcuts},
  author={Xiao-Wen Yang and Wen-Da Wei and Jie-Jing Shao and Yu-Feng Li and Zhi-Hua Zhou},
  booktitle={ICML},
  year={2024}
}

@article{delong2024mars,
  title={MARS: A neurosymbolic approach for interpretable drug discovery},
  author={DeLong, Lauren Nicole and Gadiya, Yojana and Galdi, Paola and Fleuriot, Jacques D and Domingo-Fern{\'a}ndez, Daniel},
  journal={arXiv preprint arXiv:2410.05289},
  year={2024}
}

@incollection{umili2024neural,
  title={Neural Reward Machines},
  author={Umili, Elena and Argenziano, Francesco and Capobianco, Roberto},
  booktitle={ECAI 2024},
  pages={3055--3062},
  year={2024},
  publisher={Ios Press}
}


% ============================================================================
% NeSy: Overviews
% ============================================================================

@inproceedings{de2021statistical,
  title={From statistical relational to neural-symbolic artificial intelligence},
  author={De Raedt, Luc and Duman{\v{c}}i{\'c}, Sebastijan and Manhaeve, Robin and Marra, Giuseppe},
  booktitle={IJCAI},
  year={2021}
}

@article{garcez2022neural,
  title={Neural-symbolic learning and reasoning: A survey and interpretation},
  author={Garcez, Artur d’Avila and Bader, Sebastian and Bowman, Howard and Lamb, Luis C and de Penning, Leo and Illuminoo, BV and Poon, Hoifung and Gerson Zaverucha, COPPE},
  journal={Neuro-Symbolic Artificial Intelligence: The State of the Art},
  volume={342},
  pages={1},
  year={2022}
}

@article{dash2022review,
  title={A review of some techniques for inclusion of domain-knowledge into deep neural networks},
  author={Dash, Tirtharaj and Chitlangia, Sharad and Ahuja, Aditya and Srinivasan, Ashwin},
  journal={Scientific Reports},
  year={2022}
}

@article{giunchiglia2022deep,
  title={Deep Learning with Logical Constraints},
  author={Giunchiglia, Eleonora and Stoian, Mihaela Catalina and Lukasiewicz, Thomas},
  journal={arXiv preprint arXiv:2205.00523},
  year={2022}
}

@inproceedings{vermeulen2023experimental,
  title={An Experimental Overview of Neural-Symbolic Systems},
  author={Vermeulen, Arne and Manhaeve, Robin and Marra, Giuseppe},
  booktitle={International Conference on Inductive Logic Programming},
  pages={124--138},
  year={2023},
  organization={Springer}
}


% ===========================================================================
% NeSy
% ===========================================================================

% GS-MLNs
@article{lippi2009prediction,
  title={Prediction of protein $\beta$-residue contacts by Markov logic networks with grounding-specific weights},
  author={Lippi, Marco and Frasconi, Paolo},
  journal={Bioinformatics},
  year={2009},
  publisher={Oxford University Press}
}

% SBR
@article{diligenti2012bridging,
  title={Bridging logic and kernel machines},
  author={Diligenti, Michelangelo and Gori, Marco and Maggini, Marco and Rigutini, Leonardo},
  journal={Machine learning},
  volume={86},
  number={1},
  pages={57--88},
  year={2012},
  publisher={Springer}
}

% SBR
@article{diligenti2017semantic,
  title={Semantic-based regularization for learning and inference},
  author={Diligenti, Michelangelo and Gori, Marco and Sacca, Claudio},
  journal={Artificial Intelligence},
  year={2017},
  publisher={Elsevier}
}

% NTP
@inproceedings{rocktaschel2016learning,
  title={Learning knowledge base inference with neural theorem provers},
  author={Rockt{\"a}schel, Tim and Riedel, Sebastian},
  booktitle={Proceedings of the 5th workshop on automated knowledge base construction},
  pages={45--50},
  year={2016}
}

% LTNs
@inproceedings{donadello2017logic,
  title={Logic tensor networks for semantic image interpretation},
  author={Donadello, Ivan and Serafini, Luciano and Garcez, Artur D'Avila},
  booktitle={IJCAI},
  year={2017}
}

% SL
@inproceedings{xu2018semantic,
  title={A Semantic Loss Function for Deep Learning with Symbolic Knowledge},
  author={Xu, Jingyi and Zhang, Zilu and Friedman, Tal and Liang, Yitao and Broeck, Guy},
  booktitle={ICML},
  year={2018}
}

% DeepProbLog
@article{manhaeve2018deepproblog,
  title={{DeepProbLog: Neural Probabilistic Logic Programming}},
  author={Manhaeve, Robin and Dumancic, Sebastijan and Kimmig, Angelika and Demeester, Thomas and De Raedt, Luc},
  journal={NeurIPS},
  year={2018}
}

% DeepProbLog Journal
@article{manhaeve2021neural,
  title={Neural probabilistic logic programming in DeepProbLog},
  author={Manhaeve, Robin and Duman{\v{c}}i{\'c}, Sebastijan and Kimmig, Angelika and Demeester, Thomas and De Raedt, Luc},
  journal={Artificial Intelligence},
  volume={298},
  pages={103504},
  year={2021},
  publisher={Elsevier}
}

% Probabilistic Logic
@article{de2015probabilistic,
  title={Probabilistic (logic) programming concepts},
  author={De Raedt, Luc and Kimmig, Angelika},
  journal={Machine Learning},
  volume={100},
  pages={5--47},
  year={2015},
  publisher={Springer}
}

% DL2
@inproceedings{fischer2019dl2,
  title={Dl2: Training and querying neural networks with logic},
  author={Fischer, Marc and Balunovic, Mislav and Drachsler-Cohen, Dana and Gehr, Timon and Zhang, Ce and Vechev, Martin},
  booktitle={International Conference on Machine Learning},
  pages={1931--1941},
  year={2019},
  organization={PMLR}
}

% ???
@inproceedings{hou2019learning,
  title={Learning a unified classifier incrementally via rebalancing},
  author={Hou, Saihui and Pan, Xinyu and Loy, Chen Change and Wang, Zilei and Lin, Dahua},
  booktitle={CVPR},
  year={2019}
}

% LENSR
@article{xie2019embedding,
  title={Embedding symbolic knowledge into deep networks},
  author={Xie, Yaqi and Xu, Ziwei and Kankanhalli, Mohan S and Meel, Kuldeep S and Soh, Harold},
  journal={Advances in neural information processing systems},
  volume={32},
  year={2019}
}

% Abduction thingie
@article{dai2020abductive,
  title={Abductive knowledge induction from raw data},
  author={Dai, Wang-Zhou and Muggleton, Stephen H},
  journal={arXiv preprint arXiv:2010.03514},
  year={2020}
}

% Another abduction thingie
@article{zhou2019abductive,
  title={Abductive learning: towards bridging machine learning and logical reasoning},
  author={Zhou, Zhi-Hua},
  journal={Science China. Information Sciences},
  volume={62},
  number={7},
  pages={76101},
  year={2019},
  publisher={Springer Nature BV}
}

% CAN
@article{di2020efficient,
  title={Efficient generation of structured objects with constrained adversarial networks},
  author={Di Liello, Luca and Ardino, Pierfrancesco and Gobbi, Jacopo and Morettin, Paolo and Teso, Stefano and Passerini, Andrea},
  journal={Advances in neural information processing systems},
  volume={33},
  pages={14663--14674},
  year={2020}
}

% C-HNN
@article{giunchiglia2020coherent,
  title={Coherent Hierarchical Multi-label Classification Networks},
  author={Giunchiglia, Eleonora and Lukasiewicz, Thomas},
  journal={NeurIPS},
  year={2020}
}

% ?
@inproceedings{li2020closed,
  title={Closed loop neural-symbolic learning via integrating neural perception, grammar parsing, and symbolic reasoning},
  author={Li, Qing and Huang, Siyuan and Hong, Yining and Chen, Yixin and Wu, Ying Nian and Zhu, Song-Chun},
  booktitle={International Conference on Machine Learning},
  pages={5884--5894},
  year={2020},
  organization={PMLR}
}

% Scallop
@article{huang2021scallop,
  title={Scallop: From Probabilistic Deductive Databases to Scalable Differentiable Reasoning},
  author={Huang, Jiani and Li, Ziyang and Chen, Binghong and Samel, Karan and Naik, Mayur and Song, Le and Si, Xujie},
  journal={NeurIPS},
  year={2021}
}

% DPLA*
@inproceedings{manhaeve2021approximate,
  title={Approximate Inference for Neural Probabilistic Logic Programming},
  author={Manhaeve, Robin and Marra, Giuseppe and De Raedt, Luc},
  booktitle={KR},
  year={2021}
}

% N-MLNs
@inproceedings{marra2021neural,
  title={Neural markov logic networks},
  author={Marra, Giuseppe and Ku{\v{z}}elka, Ond{\v{r}}ej},
  booktitle={Uncertainty in Artificial Intelligence},
  year={2021}
}

% ?
@inproceedings{li2022softened,
  title={Softened Symbol Grounding for Neuro-symbolic Systems},
  author={Li, Zenan and Yao, Yuan and Chen, Taolue and Xu, Jingwei and Cao, Chun and Ma, Xiaoxing and Jian, L and others},
  booktitle={The Eleventh International Conference on Learning Representations},
  year={2022}
}

% DeepStochLog
@inproceedings{winters2022deepstochlog,
  title={{DeepStochLog: Neural Stochastic Logic Programming}},
  author={Winters, Thomas and Marra, Giuseppe and Manhaeve, Robin and De Raedt, Luc},
  booktitle={AAAI},
  year={2022}
}

% MultiPlexNet
@inproceedings{hoernle2022multiplexnet,
  title={Multiplexnet: Towards fully satisfied logical constraints in neural networks},
  author={Hoernle, Nick and Karampatsis, Rafael Michael and Belle, Vaishak and Gal, Kobi},
  booktitle={AAAI},
  year={2022}
}

% NeuPSL
@article{pryor2022neupsl,
  title={Neupsl: Neural probabilistic soft logic},
  author={Pryor, Connor and Dickens, Charles and Augustine, Eriq and Albalak, Alon and Wang, William and Getoor, Lise},
  journal={arXiv preprint arXiv:2205.14268},
  year={2022}
}

% VAEL
@article{misino2022vael,
  title={{VAEL: Bridging Variational Autoencoders and Probabilistic Logic Programming}},
  author={Misino, Eleonora and Marra, Giuseppe and Sansone, Emanuele},
  journal={NeurIPS},
  year={2022}
}

% SPL
@inproceedings{ahmed2022semantic,
  title={{Semantic Probabilistic Layers for Neuro-Symbolic Learning}},
  author={Ahmed, Kareem and Teso, Stefano and Chang, Kai-Wei and Van den Broeck, Guy and Vergari, Antonio},
  booktitle={NeurIPS},
  year={2022}
}

% A-NeSI
@article{van2022anesi,
  title={A-NeSI: A Scalable Approximate Method for Probabilistic Neurosymbolic Inference},
  author={van Krieken, Emile and Thanapalasingam, Thiviyan and Tomczak, Jakub M and van Harmelen, Frank and Teije, Annette ten},
  journal={arXiv preprint arXiv:2212.12393},
  year={2022}
}

% SOFT UNIFICATION
@inproceedings{
maene2023softunification,
title={Soft-Unification in Deep Probabilistic Logic},
author={Jaron Maene and Luc De Raedt},
booktitle={Thirty-seventh Conference on Neural Information Processing Systems},
year={2023}
}

% LTN
@article{badreddine2022logic,
  title={Logic tensor networks},
  author={Badreddine, Samy and Garcez, Artur d'Avila and Serafini, Luciano and Spranger, Michael},
  journal={Artificial Intelligence},
  volume={303},
  pages={103649},
  year={2022},
  publisher={Elsevier}
}

% SatNet
@inproceedings{wang2019satnet,
  title={Satnet: Bridging deep learning and logical reasoning using a differentiable satisfiability solver},
  author={Wang, Po-Wei and Donti, Priya and Wilder, Bryan and Kolter, Zico},
  booktitle={International Conference on Machine Learning},
  pages={6545--6554},
  year={2019},
  organization={PMLR}
}

% NeuASP again?
@inproceedings{skryagin2022neural,
  title={Neural-probabilistic answer set programming},
  author={Skryagin, Arseny and Stammer, Wolfgang and Ochs, Daniel and Dhami, Devendra Singh and Kersting, Kristian},
  booktitle={Proceedings of the International Conference on Principles of Knowledge Representation and Reasoning},
  volume={19},
  number={1},
  pages={463--473},
  year={2022}
}

@inproceedings{liu2023out,
  title={Out-of-distribution generalization by neural-symbolic joint training},
  author={Liu, Anji and Xu, Hongming and Van den Broeck, Guy and Liang, Yitao},
  booktitle={Proceedings of the AAAI Conference on Artificial Intelligence},
  volume={37},
  number={10},
  pages={12252--12259},
  year={2023}
}

% SL for LLMs
@inproceedings{AhmedKLR23,
  author= {Ahmed, Kareem and Chang, Kai-Wei and Van den Broeck, Guy},
  title= {A Pseudo-Semantic Loss for Deep Generative Models with Logical Constraints},
  booktitle= {Knowledge and Logical Reasoning in the Era of Data-driven Learning Workshop},
  month= {July},
  year= {2023}
}

% ?
@article{giunchiglia2024ccn,
  title={CCN+: A Neuro-symbolic Framework for Deep Learning with Requirements},
  author={Giunchiglia, Eleonora and Tatomir, Alex and Stoian, Mihaela C{\u{a}}t{\u{a}}lina and Lukasiewicz, Thomas},
  journal={International Journal of Approximate Reasoning},
  pages={109124},
  year={2024},
  publisher={Elsevier}
}

% Ambiguity-aware Abduction
@inproceedings{he2024a3bl,
  title = {Ambiguity-Aware Abductive Learning},
  author = {He, Hao-Yuan and Sun, Hui and Xie, Zheng and Li, Ming},
  booktitle = {ICML},
  year = {2024}
}


% ===========================================================================
% NeSy + Rule Learning
% ===========================================================================

% Constraint Learning (vaguely related)
@inproceedings{de2018learning,
  title={Learning constraints from examples},
  author={De Raedt, Luc and Passerini, Andrea and Teso, Stefano},
  booktitle={AAAI},
  year={2018}
}

% DSL
@inproceedings{daniele2023deep,
  title={Deep symbolic learning: discovering symbols and rules from perceptions},
  author={Daniele, Alessandro and Campari, Tommaso and Malhotra, Sagar and Serafini, Luciano},
  booktitle={IJCAI},
  year={2023}
}

% ROAP
@inproceedings{tang2023perception,
  title={From perception to programs: regularize, overparameterize, and amortize},
  author={Tang, Hao and Ellis, Kevin},
  booktitle={ICML},
  year={2023},
}

% Pix2Code
@article{wust2024pix2code,
  title={Pix2code: Learning to compose neural visual concepts as programs},
  author={W{\"u}st, Antonia and Stammer, Wolfgang and Delfosse, Quentin and Dhami, Devendra Singh and Kersting, Kristian},
  journal={arXiv preprint arXiv:2402.08280},
  year={2024}
}

% NeurASP
@inproceedings{yang2020neurasp,
  title={NeurASP: Embracing Neural Networks into Answer Set Programming},
  author={Yang, Zhun and Ishay, Adam and Lee, Joohyung},
  booktitle={IJCAI 2020},
  year={2020}
}


% ===========================================================================
% CBMs
% ===========================================================================

% ProtoPNets
@article{chen2019looks,
  title={This Looks Like That: Deep Learning for Interpretable Image Recognition},
  author={Chen, Chaofan and Li, Oscar and Tao, Daniel and Barnett, Alina and Rudin, Cynthia and Su, Jonathan K},
  journal={NeurIPS},
  year={2019}
}

% Concept Whitening
@article{chen2020concept,
  title={Concept whitening for interpretable image recognition},
  author={Chen, Zhi and Bei, Yijie and Rudin, Cynthia},
  journal={Nature Machine Intelligence},
  year={2020}
}

% CBMs
@inproceedings{koh2020concept,
  title={Concept bottleneck models},
  author={Koh, Pang Wei and Nguyen, Thao and Tang, Yew Siang and Mussmann, Stephen and Pierson, Emma and Kim, Been and Liang, Percy},
  booktitle={International conference on machine learning},
  pages={5338--5348},
  year={2020},
  organization={PMLR}
}

% GlanceNets
@article{marconato2022glancenets,
  title={Glancenets: Interpretable, leak-proof concept-based models},
  author={Marconato, Emanuele and Passerini, Andrea and Teso, Stefano},
  journal={Advances in Neural Information Processing Systems},
  volume={35},
  pages={21212--21227},
  year={2022}
}

% CEMs
@inproceedings{zarlenga2022concept,
  title={Concept embedding models},
  author={Espinosa Zarlenga, Mateo and Barbiero, Pietro and Ciravegna, Gabriele and Marra, Giuseppe and Giannini, Francesco and Diligenti, Michelangelo and Precioso, Frederic and Melacci, Stefano and Weller, Adrian and Lio, Pietro and others},
  booktitle={NeurIPS 2022-36th Conference on Neural Information Processing Systems},
  year={2022}
}

% CBMs + unsup concepts
@article{sawada2022concept,
  title={Concept bottleneck model with additional unsupervised concepts},
  author={Sawada, Yoshihide and Nakamura, Keigo},
  journal={IEEE Access},
  volume={10},
  pages={41758--41765},
  year={2022},
  publisher={IEEE}
}

% PCBMs
@inproceedings{kim2023probabilistic,
  title={Probabilistic Concept Bottleneck Models},
  author={Kim, Eunji and Jung, Dahuin and Park, Sangha and Kim, Siwon and Yoon, Sungroh},
  booktitle={International Conference on Machine Learning},
  pages={16521--16540},
  year={2023},
  organization={PMLR}
}

% CMR
@inproceedings{debot2024interpretable,
  title={Interpretable Concept-Based Memory Reasoning},
  author={Debot, David and Barbiero, Pietro and Giannini, Francesco and Ciravegna, Gabriele and Diligenti, Michelangelo and Marra, Giuseppe},
  booktitle={NeurIPS},
  year={2024}
}

% Post-hoc CBMs
@article{yuksekgonul2022post,
  title={Post-hoc Concept Bottleneck Models},
  author={Yuksekgonul, Mert and Wang, Maggie and Zou, James},
  journal={arXiv preprint arXiv:2205.15480},
  year={2022}
}

% CBM-Zero
@article{wang2024cbmzero,
  title={CBM-zero: Concept Bottleneck Model With Zero Performance Loss},
  author={Wang, Zhenzhen and Popel, Aleksander and Sulam, Jeremias},
  year={2024}
}

% AnyCBM
@article{dominici2024anycbms,
  title={AnyCBMs: How to Turn Any Black Box into a Concept Bottleneck Model},
  author={Dominici, Gabriele and Barbiero, Pietro and Giannini, Francesco and Gjoreski, Martin and Langhenirich, Marc},
  journal={arXiv preprint arXiv:2405.16508},
  year={2024}
}

% The probe thing at NeurIPS
@inproceedings{marcinkevivcs2024beyond,
  title={Beyond Concept Bottleneck Models: How to Make Black Boxes Intervenable?},
  author={Marcinkevi{\v{c}}s, Ri{\v{c}}ards and Laguna, Sonia and Vandenhirtz, Moritz},
  booktitle={NeurIPS},
  year={2024}
}

% Generative CBMs
@article{ismail2023concept,
  title={Concept Bottleneck Generative Models},
  author={Ismail, Aya Abdelsalam and Adebayo, Julius and Bravo, Hector Corrada and Ra, Stephen and Cho, Kyunghyun},
  year={2023}
}

% NPCs
@misc{chen2025neuralprobabilisticcircuitsenabling,
  title={Neural Probabilistic Circuits: Enabling Compositional and Interpretable Predictions through Logical Reasoning}, 
  author={Weixin Chen and Simon Yu and Huajie Shao and Lui Sha and Han Zhao},
  year={2025},
  eprint={2501.07021},
  archivePrefix={arXiv},
  primaryClass={cs.LG}
}


% ============================================================================
% VLM-CBMs
% ============================================================================

@inproceedings{oikarinen2022label,
  title={Label-free Concept Bottleneck Models},
  author={Oikarinen, Tuomas and Das, Subhro and Nguyen, Lam M and Weng, Tsui-Wei},
  booktitle={ICLR},
  year={2022}
}

@inproceedings{yang2023language,
  title={Language in a bottle: Language model guided concept bottlenecks for interpretable image classification},
  author={Yang, Yue and Panagopoulou, Artemis and Zhou, Shenghao and Jin, Daniel and Callison-Burch, Chris and Yatskar, Mark},
  booktitle={CVPR},
  year={2023}
}

@article{schrodi2024concept,
  title={Concept Bottleneck Models Without Predefined Concepts},
  author={Schrodi, Simon and Schur, Julian and Argus, Max and Brox, Thomas},
  journal={arXiv preprint arXiv:2407.03921},
  year={2024}
}

@inproceedings{srivastava2024vlgcbm,
  title={{VLG}-{CBM}: Training Concept Bottleneck Models with Vision-Language Guidance},
  author={Divyansh Srivastava and Ge Yan and Tsui-Wei Weng},
  booktitle={NeurIPS},
  year={2024}
}

@article{knab2024aligning,
  title={Aligning Visual and Semantic Interpretability through Visually Grounded Concept Bottleneck Models},
  author={Knab, Patrick and Prasse, Katharina and Marton, Sascha and Bartelt, Christian and Keuper, Margret},
  journal={arXiv preprint arXiv:2412.11576},
  year={2024}
}


% ============================================================================
% Intervenability
% ============================================================================

@article{gupta2024survey,
  title={A survey on Concept-based Approaches For Model Improvement},
  author={Gupta, Avani and Narayanan, PJ},
  journal={arXiv preprint arXiv:2403.14566},
  year={2024}
}

@inproceedings{shin2023closer,
  title={A closer look at the intervention procedure of concept bottleneck models},
  author={Shin, Sungbin and Jo, Yohan and Ahn, Sungsoo and Lee, Namhoon},
  booktitle={ICML},
  year={2023}
}

@article{zarlenga2024learning,
  title={Learning to receive help: Intervention-aware concept embedding models},
  author={Espinosa Zarlenga, Mateo and Collins, Katie and Dvijotham, Krishnamurthy and Weller, Adrian and Shams, Zohreh and Jamnik, Mateja},
  journal={NeurIPS},
  year={2024}
}

% Learning to intervene
@inproceedings{steinmann2024learning,
  title={Learning to Intervene on Concept Bottlenecks},
  author={Steinmann, David and Stammer, Wolfgang and Friedrich, Felix and Kersting, Kristian},
  booktitle={ICML},
  year={2024}
}


% ============================================================================
% Intervenability
% ============================================================================

% Leakage
@article{margeloiu2021concept,
  title={Do Concept Bottleneck Models Learn as Intended?},
  author={Margeloiu, Andrei and Ashman, Matthew and Bhatt, Umang and Chen, Yanzhi and Jamnik, Mateja and Weller, Adrian},
  journal={arXiv preprint arXiv:2105.04289},
  year={2021}
}

% Leakage
@inproceedings{mahinpei2021promises,
  title={Promises and pitfalls of black-box concept learning models},
  author={Mahinpei, Anita and Clark, Justin and Lage, Isaac and Doshi-Velez, Finale and Pan, Weiwei},
  booktitle = {International Conference on Machine Learning: Workshop on Theoretic Foundation, Criticism, and Application Trend of Explainable AI},
  volume = {1},
  pages = {1-13},
  year={2021}
}

% Leakage
@inproceedings{havasi2022addressing,
  title={Addressing leakage in concept bottleneck models},
  author={Havasi, Marton and Parbhoo, Sonali and Doshi-Velez, Finale},
  journal={NeurIPS},
  year={2022}
}

% ?
@article{lockhart2022towards,
  title={Towards learning to explain with concept bottleneck models: mitigating information leakage},
  author={Lockhart, Joshua and Marchesotti, Nicolas and Magazzeni, Daniele and Veloso, Manuela},
  journal={arXiv preprint arXiv:2211.03656},
  year={2022}
}


% ===========================================================================
% LLMS & Reasoning
% ===========================================================================

@misc{geiger2022relational,
      title={Relational reasoning and generalization using non-symbolic neural networks}, 
      author={Atticus Geiger and Alexandra Carstensen and Michael C. Frank and Christopher Potts},
      year={2022},
      eprint={2006.07968},
      archivePrefix={arXiv},
      primaryClass={cs.LG}
}

% NeSYGPT
@article{cunnington2024role,
  title={The Role of Foundation Models in Neuro-Symbolic Learning and Reasoning},
  author={Cunnington, Daniel and Law, Mark and Lobo, Jorge and Russo, Alessandra},
  journal={arXiv preprint arXiv:2402.01889},
  year={2024}
}

% SL+LLM
@article{calanzone2024towards,
  title={Towards Logically Consistent Language Models via Probabilistic Reasoning},
  author={Calanzone, Diego and Teso, Stefano and Vergari, Antonio},
  journal={arXiv preprint arXiv:2404.12843},
  year={2024}
}

% ViperGPT
@inproceedings{suris2023vipergpt,
  title={{ViperGPT: Visual inference via python execution for reasoning}},
  author={Sur{\'\i}s, D{\'\i}dac and Menon, Sachit and Vondrick, Carl},
  booktitle={ICCV},
  year={2023}
}


% ===========================================================================
% Data Sets
% ===========================================================================

@article{lecun1998mnist,
  title={The MNIST database of handwritten digits},
  author={LeCun, Yann},
  journal={http://yann. lecun. com/exdb/mnist/},
  year={1998}
}

@inproceedings{johnson2017clevr,
  title={Clevr: A diagnostic dataset for compositional language and elementary visual reasoning},
  author={Johnson, Justin and Hariharan, Bharath and Van Der Maaten, Laurens and Fei-Fei, Li and Lawrence Zitnick, C and Girshick, Ross},
  booktitle={CVPR},
  year={2017}
}

@inproceedings{bortolotti2024benchmark,
  title={A Benchmark Suite for Systematically Evaluating Reasoning Shortcuts}, 
  author={Samuele Bortolotti and others},
  booktitle={NeurIPS Datasets \& Benchmarks Track},
  year={2024}
}


% ===========================================================================
% Unsorted
% ===========================================================================

@inproceedings{chakraborty2016approxmc,
author={Chakraborty, Supratik and  Meel, Kuldeep S. and  Vardi, Moshe Y.},
title={Algorithmic Improvements in Approximate Counting for Probabilistic Inference: From Linear to Logarithmic SAT Calls},
code={https://bitbucket.org/kuldeepmeel/approxmc},
booktitle={IJCAI},
year={2016}
}

@misc{wu2024boundlessdas,
      title={Interpretability at Scale: Identifying Causal Mechanisms in Alpaca}, 
      author={Zhengxuan Wu and Atticus Geiger and Thomas Icard and Christopher Potts and Noah D. Goodman},
      year={2024},
      eprint={2305.08809},
      archivePrefix={arXiv},
      primaryClass={cs.CL}
}

@misc{parmar2024logicbench,
      title={LogicBench: Towards Systematic Evaluation of Logical Reasoning Ability of Large Language Models}, 
      author={Mihir Parmar and Nisarg Patel and Neeraj Varshney and Mutsumi Nakamura and Man Luo and Santosh Mashetty and Arindam Mitra and Chitta Baral},
      year={2024},
      eprint={2404.15522},
      archivePrefix={arXiv},
      primaryClass={cs.CL}
}

@misc{srivastava2023beyond,
      title={Beyond the Imitation Game: Quantifying and extrapolating the capabilities of language models}, 
      author={Aarohi Srivastava et al.},
      year={2023},
      eprint={2206.04615},
      archivePrefix={arXiv},
      primaryClass={cs.CL}
}

@article{tu2024dice,
  title={DICE: Detecting In-distribution Contamination in LLM's Fine-tuning Phase for Math Reasoning},
  author={Tu, Shangqing and Zhu, Kejian and Bai, Yushi and Yao, Zijun and Hou, Lei and Li, Juanzi},
  journal={arXiv preprint arXiv:2406.04197},
  year={2024}
}

@article{caruana1997multitask,
  title={Multitask learning},
  author={Caruana, Rich},
  journal={Machine learning},
  year={1997}
}

@InProceedings{lachapelle2023synergies,
  title = 	 {Synergies between Disentanglement and Sparsity: Generalization and Identifiability in Multi-Task Learning},
  author =       {Lachapelle, Sebastien and Deleu, Tristan and Mahajan, Divyat and Mitliagkas, Ioannis and Bengio, Yoshua and Lacoste-Julien, Simon and Bertrand, Quentin},
  booktitle = 	 {ICML},
  year = 	 {2023}
}

@article{zadeh1988fuzzy,
  title={Fuzzy logic},
  author={Zadeh, Lotfi Asker},
  journal={Computer},
  year={1988}
}

%
@article{borowski2024bounding,
  title={On bounding the behavior of neurons},
  author={Borowski, Richard and Choi, Arthur},
  journal={International Journal on Artificial Intelligence Tools},
  year={2024}
}

@article{hinton2015distilling,
  title={Distilling the Knowledge in a Neural Network},
  author={Hinton, Geoffrey},
  journal={arXiv preprint arXiv:1503.02531},
  year={2015}
}

@inproceedings{baldi2012autoencoders,
  title={Autoencoders, unsupervised learning, and deep architectures},
  author={Baldi, Pierre},
  booktitle={ICML Workshop on Unsupervised and Transfer Learning},
  year={2012}
}

@article{kingma2013auto,
  title={Auto-encoding variational bayes},
  author={Kingma, Diederik P},
  journal={arXiv preprint arXiv:1312.6114},
  year={2013}
}

@inproceedings{chen2020simple,
title	= {A Simple Framework for Contrastive Learning of Visual Representations},author	= {Ting Chen and Simon Kornblith and Mohammad Norouzi and Geoffrey Everest Hinton},year	= {2020}
}


@article{von2021self,
  title={Self-supervised learning with data augmentations provably isolates content from style},
  author={Von K{\"u}gelgen, Julius and Sharma, Yash and Gresele, Luigi and Brendel, Wieland and Sch{\"o}lkopf, Bernhard and Besserve, Michel and Locatello, Francesco},
  journal={Advances in neural information processing systems},
  volume={34},
  pages={16451--16467},
  year={2021}
}

@article{montufar2014fisher,
  title={On the Fisher metric of conditional probability polytopes},
  author={Mont{\'u}far, Guido and Rauh, Johannes and Ay, Nihat},
  journal={Entropy},
  year={2014}
}


@article{morton2013relations,
  title={Relations among conditional probabilities},
  author={Morton, Jason},
  journal={Journal of Symbolic Computation},
  volume={50},
  pages={478--492},
  year={2013},
  publisher={Elsevier}
}


@article{ren2016faster,
  title={Faster R-CNN: Towards real-time object detection with region proposal networks},
  author={Ren, Shaoqing and He, Kaiming and Girshick, Ross and Sun, Jian},
  journal={PAMI},
  year={2016}
}

@article{kuhn1955hungarian,
  title={The Hungarian method for the assignment problem},
  author={Kuhn, Harold W},
  journal={Naval research logistics quarterly},
  year={1955}
}

@inproceedings{
deletang2023neural,
title={Neural Networks and the Chomsky Hierarchy},
author={Gregoire Deletang and Anian Ruoss and Jordi Grau-Moya and Tim Genewein and Li Kevin Wenliang and Elliot Catt and Chris Cundy and Marcus Hutter and Shane Legg and Joel Veness and Pedro A Ortega},
booktitle={The Eleventh International Conference on Learning Representations },
year={2023}
}


@InProceedings{salakhutdinov2024plato,
  title = 	 {Position: The Platonic Representation Hypothesis},
  author =       {Huh, Minyoung and Cheung, Brian and Wang, Tongzhou and Isola, Phillip},
  booktitle = 	 {ICML},
  year = 	 {2024},
}

@software{JocherYOLO,
author = {Jocher, Glenn and Qiu, Jing and Chaurasia, Ayush},
license = {AGPL-3.0},
month = jan,
title = {{Ultralytics YOLO}},
url = {https://github.com/ultralytics/ultralytics},
version = {8.0.0},
year = {2023}
}

@article{shindo2023thinking,
author = {Shindo, Hikaru and Pfanschilling,  Viktor and  Dhami, Devendra Singh and Kersting, Kristian },
title = {(alpha)ILP: thinking visual scenes as differentiable logic programs},
year = {2023},
volume = {112},
number = {5},
pages = {1465--1497},
journal = {Machine Learning},
publisher = {Springer}
}

@article{kingma2014adam,
  title={Adam: A method for stochastic optimization},
  author={Kingma, Diederik P},
  journal={arXiv preprint arXiv:1412.6980},
  year={2014}
}

@misc{defazio2021madgrad,
      title={Adaptivity without Compromise: A Momentumized, Adaptive, Dual Averaged Gradient Method for Stochastic Optimization}, 
      author={Aaron Defazio and Samy Jelassi},
      year={2021},
      eprint={2101.11075},
      archivePrefix={arXiv},
      primaryClass={cs.LG},
      url={https://arxiv.org/abs/2101.11075}, 
}

@book{dumitrescu2018dictionary,
  title={Dictionary learning algorithms and applications},
  author={Dumitrescu, Bogdan and Irofti, Paul},
  year={2018},
  publisher={Springer}
}

@article{huang2024survey,
  title={A survey on hallucination in large language models: Principles, taxonomy, challenges, and open questions},
  author={Huang, Lei and Yu, Weijiang and Ma, Weitao and Zhong, Weihong and Feng, Zhangyin and Wang, Haotian and Chen, Qianglong and Peng, Weihua and Feng, Xiaocheng and Qin, Bing and others},
  journal={ACM Transactions on Information Systems},
  year={2024},
  publisher={ACM New York, NY}
}

@inproceedings{sun2024exploring,
  title={Exploring and Mitigating Shortcut Learning for Generative Large Language Models},
  author={Sun, Zechen and Xiao, Yisheng and Li, Juntao and Ji, Yixin and Chen, Wenliang and Zhang, Min},
  booktitle={LREC-COLING},
  year={2024}
}

@inproceedings{li2018deep,
  title={Deep learning for case-based reasoning through prototypes: A neural network that explains its predictions},
  author={Li, Oscar and Liu, Hao and Chen, Chaofan and Rudin, Cynthia},
  booktitle={AAAI},
  year={2018}
}

@article{khemakhem2020ice,
  title={Ice-beem: Identifiable conditional energy-based deep models based on nonlinear ica},
  author={Khemakhem, Ilyes and Monti, Ricardo and Kingma, Diederik and Hyvarinen, Aapo},
  journal={Advances in Neural Information Processing Systems},
  volume={33},
  pages={12768--12778},
  year={2020}
}

@inproceedings{zarlenga2023towards,
  title={Towards robust metrics for concept representation evaluation},
  author={Zarlenga, Mateo Espinosa and Barbiero, Pietro and Shams, Zohreh and Kazhdan, Dmitry and Bhatt, Umang and Weller, Adrian and Jamnik, Mateja},
  booktitle={AAAI},
  year={2023}
}

@article{gresele2021independent,
  title={Independent mechanism analysis, a new concept?},
  author={Gresele, Luigi and Von K{\"u}gelgen, Julius and Stimper, Vincent and Sch{\"o}lkopf, Bernhard and Besserve, Michel},
  journal={Advances in neural information processing systems},
  volume={34},
  pages={28233--28248},
  year={2021}
}

@inproceedings{gresele2020incomplete,
  title={The incomplete rosetta stone problem: Identifiability results for multi-view nonlinear ica},
  author={Gresele, Luigi and Rubenstein, Paul K and Mehrjou, Arash and Locatello, Francesco and Sch{\"o}lkopf, Bernhard},
  booktitle={Uncertainty in Artificial Intelligence},
  pages={217--227},
  year={2020},
  organization={PMLR}
}



@article{reizinger2024cross,
  title={Cross-Entropy Is All You Need To Invert the Data Generating Process},
  author={Reizinger, Patrik and Bizeul, Alice and Juhos, Attila and Vogt, Julia E and Balestriero, Randall and Brendel, Wieland and Klindt, David},
  journal={arXiv preprint arXiv:2410.21869},
  year={2024}
}


@article{von2024nonparametric,
  title={Nonparametric identifiability of causal representations from unknown interventions},
  author={von K{\"u}gelgen, Julius and Besserve, Michel and Wendong, Liang and Gresele, Luigi and Keki{\'c}, Armin and Bareinboim, Elias and Blei, David and Sch{\"o}lkopf, Bernhard},
  journal={Advances in Neural Information Processing Systems},
  volume={36},
  year={2024}
}


@inproceedings{lippe2023biscuit,
  title={Biscuit: Causal representation learning from binary interactions},
  author={Lippe, Phillip and Magliacane, Sara and L{\"o}we, Sindy and Asano, Yuki M and Cohen, Taco and Gavves, Efstratios},
  booktitle={Uncertainty in Artificial Intelligence},
  pages={1263--1273},
  year={2023},
  organization={PMLR}
}


@article{lakshminarayanan2017simple,
  title={Simple and scalable predictive uncertainty estimation using deep ensembles},
  author={Lakshminarayanan, Balaji and Pritzel, Alexander and Blundell, Charles},
  journal={Advances in neural information processing systems},
  volume={30},
  year={2017}
}


@inproceedings{raman2023concept,
  title={Do Concept Bottleneck Models Obey Locality?},
  author={Raman, Naveen and Zarlenga, Mateo Espinosa and Heo, Juyeon and Jamnik, Mateja},
  booktitle={XAI in Action: Past, Present, and Future Applications},
  year={2023}
}

@inproceedings{roeder2021linear,
  title={On linear identifiability of learned representations},
  author={Roeder, Geoffrey and Metz, Luke and Kingma, Durk},
  booktitle={International Conference on Machine Learning},
  pages={9030--9039},
  year={2021},
  organization={PMLR}
}


@article{buchholz2022function,
  title={Function classes for identifiable nonlinear independent component analysis},
  author={Buchholz, Simon and Besserve, Michel and Sch{\"o}lkopf, Bernhard},
  journal={Advances in Neural Information Processing Systems},
  volume={35},
  pages={16946--16961},
  year={2022}
}




@article{fumero2023leveraging,
  title={Leveraging sparse and shared feature activations for disentangled representation learning},
  author={Fumero, Marco and Wenzel, Florian and Zancato, Luca and Achille, Alessandro and Rodol{\`a}, Emanuele and Soatto, Stefano and Sch{\"o}lkopf, Bernhard and Locatello, Francesco},
  journal={Advances in Neural Information Processing Systems},
  volume={36},
  pages={27682--27698},
  year={2023}
}



@inproceedings{bing2023invariance,
  title={Invariance \& Causal Representation Learning: Prospects and Limitations},
  author={Bing, Simon and Wahl, Jonas and Ninad, Urmi and Runge, Jakob},
  booktitle={Causal Representation Learning Workshop at NeurIPS 2023},
  year={2023}
}




@inproceedings{rajendran2024causal,
  title={From Causal to Concept-Based Representation Learning},
  author={Rajendran, Goutham and Buchholz, Simon and Aragam, Bryon and Sch{\"o}lkopf, Bernhard and Ravikumar, Pradeep Kumar},
  year={2024},
  booktitle={The Thirty-eighth Annual Conference on Neural Information Processing Systems}
}