@inproceedings{Purin21,
  author       = {Purin Sukpanichnant and
                  Antonio Rago and
                  Piyawat Lertvittayakumjorn and
                  Francesca Toni},
  opteditor       = {Stefania Bandini and
                  Francesca Gasparini and
                  Viviana Mascardi and
                  Matteo Palmonari and
                  Giuseppe Vizzari},
  title        = {Neural QBAFs: Explaining Neural Networks Under LRP-Based Argumentation
                  Frameworks},
  booktitle    = {AIxIA},
  optseries       = {Lecture Notes in Computer Science},
  optvolume       = {13196},
  pages        = {429--444},
  optpublisher    = {Springer},
  year         = {2021},
  url          = {https://doi.org/10.1007/978-3-031-08421-8\_30},
  doi          = {10.1007/978-3-031-08421-8\_30},
  timestamp    = {Sun, 04 Aug 2024 19:41:23 +0200},
  biburl       = {https://dblp.org/rec/conf/aiia/Sukpanichnant0L21.bib},
  bibsource    = {dblp computer science bibliography, https://dblp.org}
}

@inproceedings{Rago_23,
  author       = {Antonio Rago and
                  Hengzhi Li and
                  Francesca Toni},
  title        = {Interactive Explanations by Conflict Resolution via Argumentative
                  Exchanges},
  booktitle    = {KR},
  pages        = {582--592},
  year         = {2023},
  optcrossref     = {DBLP:conf/kr/2023},
  url          = {https://doi.org/10.24963/kr.2023/57},
  doi          = {10.24963/kr.2023/57},
  timestamp    = {Tue, 05 Sep 2023 14:50:53 +0200},
  biburl       = {https://dblp.org/rec/conf/kr/0001LT23.bib},
  bibsource    = {dblp computer science bibliography, https://dblp.org}
}

@inproceedings{Thauvin_24,
  author       = {Dao Thauvin and
                  St{\'{e}}phane Herbin and
                  Wassila Ouerdane and
                  C{\'{e}}line Hudelot},
  opteditor       = {Ulle Endriss and
                  Francisco S. Melo and
                  Kerstin Bach and
                  Alberto Jos{\'{e}} Bugar{\'{\i}}n Diz and
                  Jose Maria Alonso{-}Moral and
                  Sen{\'{e}}n Barro and
                  Fredrik Heintz},
  title        = {Interpretable Image Classification Through an Argumentative Dialog
                  Between Encoders},
  booktitle    = {{ECAI}},
  optbooktitle    = {{ECAI} 2024 - 27th European Conference on Artificial Intelligence,
                  19-24 October 2024, Santiago de Compostela, Spain - Including 13th
                  Conference on Prestigious Applications of Intelligent Systems {(PAIS}
                  2024)},
  optseries       = {Frontiers in Artificial Intelligence and Applications},
  optvolume       = {392},
  pages        = {3316--3323},
  optpublisher    = {{IOS} Press},
  year         = {2024},
  url          = {https://doi.org/10.3233/FAIA240880},
  doi          = {10.3233/FAIA240880},
  timestamp    = {Fri, 25 Oct 2024 12:13:46 +0200},
  biburl       = {https://dblp.org/rec/conf/ecai/ThauvinHOH24.bib},
  bibsource    = {dblp computer science bibliography, https://dblp.org}
}

@article{debate,
  author       = {Geoffrey Irving and
                  Paul F. Christiano and
                  Dario Amodei},
  title        = {{AI} safety via debate},
  journal      = {CoRR},
  volume       = {abs/1805.00899},
  year         = {2018},
  url          = {http://arxiv.org/abs/1805.00899},
  eprinttype    = {arXiv},
  eprint       = {1805.00899},
  timestamp    = {Thu, 01 Apr 2021 19:06:51 +0200},
  biburl       = {https://dblp.org/rec/journals/corr/abs-1805-00899.bib},
  bibsource    = {dblp computer science bibliography, https://dblp.org}
}

@article{dung1995acceptability,
  author       = {Phan Minh Dung},
  title        = {On the Acceptability of Arguments and its Fundamental Role in Nonmonotonic
                  Reasoning, Logic Programming and n-Person Games},
  journal      = {Artif. Intell.},
  volume       = {77},
  number       = {2},
  pages        = {321--358},
  year         = {1995},
  url          = {https://doi.org/10.1016/0004-3702(94)00041-X},
  doi          = {10.1016/0004-3702(94)00041-X},
  timestamp    = {Wed, 14 Nov 2018 10:50:00 +0100},
  biburl       = {https://dblp.org/rec/journals/ai/Dung95.bib},
  bibsource    = {dblp computer science bibliography, https://dblp.org}
}

@article{glance,
  author       = {Avinash Kori and
                  Ben Glocker and
                  Francesca Toni},
  title        = {{GLANCE:} Global to Local Architecture-Neutral Concept-based Explanations},
  journal      = {CoRR},
  volume       = {abs/2207.01917},
  year         = {2022},
  url          = {https://doi.org/10.48550/arXiv.2207.01917},
  doi          = {10.48550/ARXIV.2207.01917},
  eprinttype    = {arXiv},
  eprint       = {2207.01917},
  timestamp    = {Wed, 06 Jul 2022 15:50:43 +0200},
  biburl       = {https://dblp.org/rec/journals/corr/abs-2207-01917.bib},
  bibsource    = {dblp computer science bibliography, https://dblp.org}
}

@inproceedings{goyal2019counterfactual,
  author       = {Yash Goyal and
                  Ziyan Wu and
                  Jan Ernst and
                  Dhruv Batra and
                  Devi Parikh and
                  Stefan Lee},
  opteditor       = {Kamalika Chaudhuri and
                  Ruslan Salakhutdinov},
  title        = {Counterfactual Visual Explanations},
  booktitle    = {ICML},
  optseries       = {Proceedings of Machine Learning Research},
  optvolume       = {97},
  pages        = {2376--2384},
  optpublisher    = {{PMLR}},
  year         = {2019},
  url          = {http://proceedings.mlr.press/v97/goyal19a.html},
  timestamp    = {Tue, 11 Jun 2019 15:37:38 +0200},
  biburl       = {https://dblp.org/rec/conf/icml/GoyalWEBPL19.bib},
  bibsource    = {dblp computer science bibliography, https://dblp.org}
}

@inproceedings{kori2022explaining,
  author       = {Avinash Kori and
                  Ben Glocker and
                  Francesca Toni},
  opteditor       = {Dino Pedreschi and
                  Anna Monreale and
                  Riccardo Guidotti and
                  Roberto Pellungrini and
                  Francesca Naretto},
  title        = {Explaining Image Classifiers with Visual Debates},
  booktitle    = {{DS}},
  optbooktitle    = {Discovery Science - 27th International Conference, {DS} 2024, Pisa,
                  Italy, October 14-16, 2024, Proceedings, Part {II}},
  optseries       = {Lecture Notes in Computer Science},
  optvolume       = {15244},
  pages        = {200--214},
  optpublisher    = {Springer},
  year         = {2024},
  url          = {https://doi.org/10.1007/978-3-031-78980-9\_13},
  doi          = {10.1007/978-3-031-78980-9\_13},
  timestamp    = {Tue, 04 Feb 2025 15:55:12 +0100},
  biburl       = {https://dblp.org/rec/conf/dis/KoriGT24.bib},
  bibsource    = {dblp computer science bibliography, https://dblp.org}
}

@article{lakkaraju2022rethinking,
  author       = {Himabindu Lakkaraju and
                  Dylan Slack and
                  Yuxin Chen and
                  Chenhao Tan and
                  Sameer Singh},
  title        = {Rethinking Explainability as a Dialogue: {A} Practitioner's Perspective},
  journal      = {CoRR},
  volume       = {abs/2202.01875},
  year         = {2022},
  url          = {https://arxiv.org/abs/2202.01875},
  eprinttype    = {arXiv},
  eprint       = {2202.01875},
  timestamp    = {Tue, 25 Apr 2023 07:40:33 +0200},
  biburl       = {https://dblp.org/rec/journals/corr/abs-2202-01875.bib},
  bibsource    = {dblp computer science bibliography, https://dblp.org}
}

@inproceedings{lime,
  author       = {Marco T{\'{u}}lio Ribeiro and
                  Sameer Singh and
                  Carlos Guestrin},
  opteditor       = {Balaji Krishnapuram and
                  Mohak Shah and
                  Alexander J. Smola and
                  Charu C. Aggarwal and
                  Dou Shen and
                  Rajeev Rastogi},
  title        = {"Why Should {I} Trust You?": Explaining the Predictions of Any Classifier},
  booktitle    = {SIGKDD},
  pages        = {1135--1144},
  optpublisher    = {{ACM}},
  year         = {2016},
  url          = {https://doi.org/10.1145/2939672.2939778},
  doi          = {10.1145/2939672.2939778},
  timestamp    = {Fri, 25 Dec 2020 01:14:16 +0100},
  biburl       = {https://dblp.org/rec/conf/kdd/Ribeiro0G16.bib},
  bibsource    = {dblp computer science bibliography, https://dblp.org}
}

@inproceedings{madumal2019grounded,
  author       = {Prashan Madumal and
                  Tim Miller and
                  Liz Sonenberg and
                  Frank Vetere},
  opteditor       = {Edith Elkind and
                  Manuela Veloso and
                  Noa Agmon and
                  Matthew E. Taylor},
  title        = {A Grounded Interaction Protocol for Explainable Artificial Intelligence},
  booktitle    = {AAMAS},
  pages        = {1033--1041},
  optpublisher    = {International Foundation for Autonomous Agents and Multiagent Systems},
  year         = {2019},
  url          = {http://dl.acm.org/citation.cfm?id=3331801},
  timestamp    = {Wed, 29 May 2019 16:37:38 +0200},
  biburl       = {https://dblp.org/rec/conf/atal/Madumal0SV19.bib},
  bibsource    = {dblp computer science bibliography, https://dblp.org}
}

@article{miller2019explanation,
  author       = {Tim Miller},
  title        = {Explanation in artificial intelligence: Insights from the social sciences},
  journal      = {Artif. Intell.},
  volume       = {267},
  pages        = {1--38},
  year         = {2019},
  url          = {https://doi.org/10.1016/j.artint.2018.07.007},
  doi          = {10.1016/J.ARTINT.2018.07.007},
  timestamp    = {Thu, 25 May 2023 12:52:41 +0200},
  biburl       = {https://dblp.org/rec/journals/ai/Miller19.bib},
  bibsource    = {dblp computer science bibliography, https://dblp.org}
}

@inproceedings{shitole2021one,
  author       = {Vivswan Shitole and
                  Fuxin Li and
                  Minsuk Kahng and
                  Prasad Tadepalli and
                  Alan Fern},
  opteditor       = {Marc'Aurelio Ranzato and
                  Alina Beygelzimer and
                  Yann N. Dauphin and
                  Percy Liang and
                  Jennifer Wortman Vaughan},
  title        = {One Explanation is Not Enough: Structured Attention Graphs for Image
                  Classification},
  booktitle    = {NeurIPS},
  pages        = {11352--11363},
  year         = {2021},
  url          = {https://proceedings.neurips.cc/paper/2021/hash/5e751896e527c862bf67251a474b3819-Abstract.html},
  timestamp    = {Tue, 03 May 2022 16:20:47 +0200},
  biburl       = {https://dblp.org/rec/conf/nips/ShitoleLKTF21.bib},
  bibsource    = {dblp computer science bibliography, https://dblp.org}
}

@inproceedings{vcyras2021argumentative,
  author       = {Kristijonas Cyras and
                  Antonio Rago and
                  Emanuele Albini and
                  Pietro Baroni and
                  Francesca Toni},
  opteditor       = {Zhi{-}Hua Zhou},
  title        = {Argumentative {XAI:} {A} Survey},
  booktitle    = {IJCAI},
  pages        = {4392--4399},
  optpublisher    = {ijcai.org},
  year         = {2021},
  url          = {https://doi.org/10.24963/ijcai.2021/600},
  doi          = {10.24963/IJCAI.2021/600},
  timestamp    = {Tue, 15 Oct 2024 16:43:28 +0200},
  biburl       = {https://dblp.org/rec/conf/ijcai/Cyras0ABT21.bib},
  bibsource    = {dblp computer science bibliography, https://dblp.org}
}

@inproceedings{wang2019deliberative,
  author       = {Pei Wang and
                  Nuno Vasconcelos},
  opteditor       = {Hanna M. Wallach and
                  Hugo Larochelle and
                  Alina Beygelzimer and
                  Florence d'Alch{\'{e}}{-}Buc and
                  Emily B. Fox and
                  Roman Garnett},
  title        = {Deliberative Explanations: visualizing network insecurities},
  booktitle    = {NeurIPS},
  pages        = {1372--1383},
  year         = {2019},
  url          = {https://proceedings.neurips.cc/paper/2019/hash/68053af2923e00204c3ca7c6a3150cf7-Abstract.html},
  timestamp    = {Mon, 16 May 2022 15:41:51 +0200},
  biburl       = {https://dblp.org/rec/conf/nips/WangN19.bib},
  bibsource    = {dblp computer science bibliography, https://dblp.org}
}

@inproceedings{yoon2018invase,
  author       = {Jinsung Yoon and
                  James Jordon and
                  Mihaela van der Schaar},
  title        = {{INVASE:} Instance-wise Variable Selection using Neural Networks},
  booktitle    = {ICLR},
  optpublisher    = {OpenReview.net},
  year         = {2019},
  url          = {https://openreview.net/forum?id=BJg\_roAcK7},
  timestamp    = {Thu, 25 Jul 2019 14:25:48 +0200},
  biburl       = {https://dblp.org/rec/conf/iclr/YoonJS19.bib},
  bibsource    = {dblp computer science bibliography, https://dblp.org}
}

