

@inproceedings{Vaswani_17,
  author       = {Ashish Vaswani and
                  Noam Shazeer and
                  Niki Parmar and
                  Jakob Uszkoreit and
                  Llion Jones and
                  Aidan N. Gomez and
                  Lukasz Kaiser and
                  Illia Polosukhin},
  opteditor       = {Isabelle Guyon and
                  Ulrike von Luxburg and
                  Samy Bengio and
                  Hanna M. Wallach and
                  Rob Fergus and
                  S. V. N. Vishwanathan and
                  Roman Garnett},
  title        = {Attention is All you Need},
  booktitle    = {{NeurIPS}},
  optbooktitle    = {Advances in Neural Information Processing Systems 30: Annual Conference
                  on Neural Information Processing Systems 2017, December 4-9, 2017,
                  Long Beach, CA, {USA}},
  pages        = {5998--6008},
  year         = {2017},
  url          = {https://proceedings.neurips.cc/paper/2017/hash/3f5ee243547dee91fbd053c1c4a845aa-Abstract.html},
  timestamp    = {Thu, 21 Jan 2021 15:15:21 +0100},
  biburl       = {https://dblp.org/rec/conf/nips/VaswaniSPUJGKP17.bib},
  bibsource    = {dblp computer science bibliography, https://dblp.org}
}


@inproceedings{Santhirasekaram_23,
  author       = {Ainkaran Santhirasekaram and
                  Avinash Kori and
                  Mathias Winkler and
                  Andrea G. Rockall and
                  Francesca Toni and
                  Ben Glocker},
  title        = {Robust Hierarchical Symbolic Explanations in Hyperbolic Space for
                  Image Classification},
  booktitle    = {{CVPR}},  
  optbooktitle    = {{IEEE/CVF} Conference on Computer Vision and Pattern Recognition,
                  {CVPR} 2023 - Workshops, Vancouver, BC, Canada, June 17-24, 2023},
  pages        = {561--570},
  optpublisher    = {{IEEE}},
  year         = {2023},
  url          = {https://doi.org/10.1109/CVPRW59228.2023.00063},
  doi          = {10.1109/CVPRW59228.2023.00063},
  timestamp    = {Sun, 12 Nov 2023 02:07:32 +0100},
  biburl       = {https://dblp.org/rec/conf/cvpr/SanthirasekaramKWRTG23.bib},
  bibsource    = {dblp computer science bibliography, https://dblp.org}
}

@inproceedings{Xie_23,
  author       = {Weiyan Xie and
                  Xiao{-}Hui Li and
                  Zhi Lin and
                  Leonard K. M. Poon and
                  Caleb Chen Cao and
                  Nevin L. Zhang},
  opteditor       = {Robin J. Evans and
                  Ilya Shpitser},
  title        = {Two-stage holistic and contrastive explanation of image classification},
  booktitle    = {{UAI}},  
  optbooktitle    = {Uncertainty in Artificial Intelligence, {UAI} 2023, July 31 - 4 August
                  2023, Pittsburgh, PA, {USA}},
  optseries       = {Proceedings of Machine Learning Research},
  optvolume       = {216},
  pages        = {2335--2345},
  optpublisher    = {{PMLR}},
  year         = {2023},
  url          = {https://proceedings.mlr.press/v216/xie23a.html},
  timestamp    = {Mon, 28 Aug 2023 17:23:08 +0200},
  biburl       = {https://dblp.org/rec/conf/uai/Xie0LPCZ23.bib},
  bibsource    = {dblp computer science bibliography, https://dblp.org}
}

@inproceedings{Kenny_23,
  author       = {Eoin M. Kenny and
                  Eoin Delaney and
                  Mark T. Keane},
  title        = {Advancing Post-Hoc Case-Based Explanation with Feature Highlighting},
  booktitle    = {{IJCAI}},
  optbooktitle    = {Proceedings of the Thirty-Second International Joint Conference on
                  Artificial Intelligence, {IJCAI} 2023, 19th-25th August 2023, Macao,
                  SAR, China},
  pages        = {427--435},
  optpublisher    = {ijcai.org},
  year         = {2023},
  url          = {https://doi.org/10.24963/ijcai.2023/48},
  doi          = {10.24963/IJCAI.2023/48},
  timestamp    = {Tue, 15 Oct 2024 16:43:28 +0200},
  biburl       = {https://dblp.org/rec/conf/ijcai/KennyDK23.bib},
  bibsource    = {dblp computer science bibliography, https://dblp.org}
}

@inproceedings{Thauvin_24,
  author       = {Dao Thauvin and
                  St{\'{e}}phane Herbin and
                  Wassila Ouerdane and
                  C{\'{e}}line Hudelot},
  opteditor       = {Ulle Endriss and
                  Francisco S. Melo and
                  Kerstin Bach and
                  Alberto Jos{\'{e}} Bugar{\'{\i}}n Diz and
                  Jose Maria Alonso{-}Moral and
                  Sen{\'{e}}n Barro and
                  Fredrik Heintz},
  title        = {Interpretable Image Classification Through an Argumentative Dialog
                  Between Encoders},
  booktitle    = {{ECAI}},
  optbooktitle    = {{ECAI} 2024 - 27th European Conference on Artificial Intelligence,
                  19-24 October 2024, Santiago de Compostela, Spain - Including 13th
                  Conference on Prestigious Applications of Intelligent Systems {(PAIS}
                  2024)},
  optseries       = {Frontiers in Artificial Intelligence and Applications},
  optvolume       = {392},
  pages        = {3316--3323},
  optpublisher    = {{IOS} Press},
  year         = {2024},
  url          = {https://doi.org/10.3233/FAIA240880},
  doi          = {10.3233/FAIA240880},
  timestamp    = {Fri, 25 Oct 2024 12:13:46 +0200},
  biburl       = {https://dblp.org/rec/conf/ecai/ThauvinHOH24.bib},
  bibsource    = {dblp computer science bibliography, https://dblp.org}
}

@inproceedings{DBLP:conf/comma/RapbergerT24,
  author       = {Anna Rapberger and
                  Francesca Toni},
  editor       = {Chris Reed and
                  Matthias Thimm and
                  Tjitze Rienstra},
  title        = {On the Robustness of Argumentative Explanations},
  booktitle    = {Computational Models of Argument - Proceedings of {COMMA} 2024, Hagen,
                  Germany, September 18-20, 2014},
  series       = {Frontiers in Artificial Intelligence and Applications},
  volume       = {388},
  pages        = {217--228},
  publisher    = {{IOS} Press},
  year         = {2024},
  url          = {https://doi.org/10.3233/FAIA240323},
  doi          = {10.3233/FAIA240323},
  timestamp    = {Wed, 09 Oct 2024 10:45:46 +0200},
  biburl       = {https://dblp.org/rec/conf/comma/RapbergerT24.bib},
  bibsource    = {dblp computer science bibliography, https://dblp.org}
}



@inproceedings{choi2020stargan,
  author       = {Yunjey Choi and
                  Youngjung Uh and
                  Jaejun Yoo and
                  Jung{-}Woo Ha},
  title        = {StarGAN v2: Diverse Image Synthesis for Multiple Domains},
  booktitle    = {CVPR},
  pages        = {8185--8194},
  optpublisher    = {Computer Vision Foundation / {IEEE}},
  year         = {2020},
  url          = {https://openaccess.thecvf.com/content\_CVPR\_2020/html/Choi\_StarGAN\_v2\_Diverse\_Image\_Synthesis\_for\_Multiple\_Domains\_CVPR\_2020\_paper.html},
  doi          = {10.1109/CVPR42600.2020.00821},
  timestamp    = {Sun, 04 Aug 2024 19:38:11 +0200},
  biburl       = {https://dblp.org/rec/conf/cvpr/ChoiUYH20.bib},
  bibsource    = {dblp computer science bibliography, https://dblp.org}
}



@inproceedings{karras2019style,
  author       = {Tero Karras and
                  Samuli Laine and
                  Timo Aila},
  title        = {A Style-Based Generator Architecture for Generative Adversarial Networks},
  booktitle    = {CVPR},
  pages        = {4401--4410},
  optpublisher    = {Computer Vision Foundation / {IEEE}},
  year         = {2019},
  url          = {http://openaccess.thecvf.com/content\_CVPR\_2019/html/Karras\_A\_Style-Based\_Generator\_Architecture\_for\_Generative\_Adversarial\_Networks\_CVPR\_2019\_paper.html},
  doi          = {10.1109/CVPR.2019.00453},
  timestamp    = {Mon, 30 Aug 2021 17:01:14 +0200},
  biburl       = {https://dblp.org/rec/conf/cvpr/KarrasLA19.bib},
  bibsource    = {dblp computer science bibliography, https://dblp.org}
}

@inproceedings{Potyka_21,
  author       = {Nico Potyka},
  title        = {Interpreting Neural Networks as Quantitative Argumentation Frameworks},
  booktitle    = {AAAI},
  pages        = {6463--6470},
  optpublisher    = {{AAAI} Press},
  year         = {2021},
  url          = {https://doi.org/10.1609/aaai.v35i7.16801},
  doi          = {10.1609/AAAI.V35I7.16801},
  timestamp    = {Mon, 04 Sep 2023 16:50:26 +0200},
  biburl       = {https://dblp.org/rec/conf/aaai/Potyka21.bib},
  bibsource    = {dblp computer science bibliography, https://dblp.org}
}


@inproceedings{Rago_22,
  author       = {Antonio Rago and
                  Pietro Baroni and
                  Francesca Toni},
  opteditor       = {Gabriele Kern{-}Isberner and
                  Gerhard Lakemeyer and
                  Thomas Meyer},
  title        = {Explaining Causal Models with Argumentation: the Case of Bi-variate
                  Reinforcement},
  booktitle    = {KR},
  year         = {2022},
  url          = {https://proceedings.kr.org/2022/52/},
  timestamp    = {Tue, 05 Sep 2023 14:47:29 +0200},
  biburl       = {https://dblp.org/rec/conf/kr/0001BT22.bib},
  bibsource    = {dblp computer science bibliography, https://dblp.org}
}

@inproceedings{Amgoud_18,
  author       = {Leila Amgoud and
                  Jonathan Ben{-}Naim},
  opteditor       = {J{\'{e}}r{\^{o}}me Lang},
  title        = {Weighted Bipolar Argumentation Graphs: Axioms and Semantics},
  booktitle    = {IJCAI},
  pages        = {5194--5198},
  optpublisher    = {ijcai.org},
  year         = {2018},
  url          = {https://doi.org/10.24963/ijcai.2018/720},
  doi          = {10.24963/IJCAI.2018/720},
  timestamp    = {Tue, 20 Aug 2019 16:19:08 +0200},
  biburl       = {https://dblp.org/rec/conf/ijcai/AmgoudB18.bib},
  bibsource    = {dblp computer science bibliography, https://dblp.org}
}

@inproceedings{ICLR24,
  author       = {Avinash Kori and
                  Francesco Locatello and
                  Fabio De Sousa Ribeiro and
                  Francesca Toni and
                  Ben Glocker},
  title        = {Grounded Object-Centric Learning},
  booktitle    = {ICLR},
  optpublisher    = {OpenReview.net},
  year         = {2024},
  url          = {https://openreview.net/forum?id=pBxeZ6pVUD},
  timestamp    = {Wed, 07 Aug 2024 17:11:53 +0200},
  biburl       = {https://dblp.org/rec/conf/iclr/KoriLRTG24.bib},
  bibsource    = {dblp computer science bibliography, https://dblp.org}
}


@inproceedings{Tarle_22,
  author       = {Louise Dupuis de Tarl{\'{e}} and
                  Elise Bonzon and
                  Nicolas Maudet},
  opteditor       = {Piotr Faliszewski and
                  Viviana Mascardi and
                  Catherine Pelachaud and
                  Matthew E. Taylor},
  title        = {Multiagent Dynamics of Gradual Argumentation Semantics},
  booktitle    = {AAMAS},
  pages        = {363--371},
  optpublisher    = {International Foundation for Autonomous Agents and Multiagent Systems
                  {(IFAAMAS)}},
  year         = {2022},
  url          = {https://www.ifaamas.org/Proceedings/aamas2022/pdfs/p363.pdf},
  doi          = {10.5555/3535850.3535892},
  timestamp    = {Mon, 18 Jul 2022 17:13:00 +0200},
  biburl       = {https://dblp.org/rec/conf/atal/TarleBM22.bib},
  bibsource    = {dblp computer science bibliography, https://dblp.org}
}

@article{Baroni_19,
  author       = {Pietro Baroni and
                  Antonio Rago and
                  Francesca Toni},
  title        = {From fine-grained properties to broad principles for gradual argumentation:
                  {A} principled spectrum},
  journal      = {Int. J. Approx. Reason.},
  volume       = {105},
  pages        = {252--286},
  year         = {2019},
  url          = {https://doi.org/10.1016/j.ijar.2018.11.019},
  doi          = {10.1016/J.IJAR.2018.11.019},
  timestamp    = {Sun, 12 Nov 2023 02:18:03 +0100},
  biburl       = {https://dblp.org/rec/journals/ijar/BaroniRT19.bib},
  bibsource    = {dblp computer science bibliography, https://dblp.org}
}

@inproceedings{Baroni_18,
  author       = {Pietro Baroni and
                  Antonio Rago and
                  Francesca Toni},
  title        = {How Many Properties Do We Need for Gradual Argumentation?},
  booktitle    = {AAAI},
  pages        = {1736--1743},
  year         = {2018},
  optcrossref     = {DBLP:conf/aaai/2018},
  url          = {https://doi.org/10.1609/aaai.v32i1.11544},
  doi          = {10.1609/aaai.v32i1.11544},
  timestamp    = {Mon, 04 Sep 2023 16:50:23 +0200},
  biburl       = {https://dblp.org/rec/conf/aaai/BaroniRT18.bib},
  bibsource    = {dblp computer science bibliography, https://dblp.org}
}

@inproceedings{Cayrol_05,
  author       = {Claudette Cayrol and
                  Marie{-}Christine Lagasquie{-}Schiex},
  title        = {On the Acceptability of Arguments in Bipolar Argumentation Frameworks},
  booktitle    = {ECSQARU},
  pages        = {378--389},
  year         = {2005},
  optcrossref     = {DBLP:conf/ecsqaru/2005},
  url          = {https://doi.org/10.1007/11518655\_33},
  doi          = {10.1007/11518655\_33},
  timestamp    = {Fri, 09 Apr 2021 18:35:28 +0200},
  biburl       = {https://dblp.org/rec/conf/ecsqaru/CayrolL05a.bib},
  bibsource    = {dblp computer science bibliography, https://dblp.org}
}

@inproceedings{Rago_23,
  author       = {Antonio Rago and
                  Hengzhi Li and
                  Francesca Toni},
  title        = {Interactive Explanations by Conflict Resolution via Argumentative
                  Exchanges},
  booktitle    = {KR},
  pages        = {582--592},
  year         = {2023},
  optcrossref     = {DBLP:conf/kr/2023},
  url          = {https://doi.org/10.24963/kr.2023/57},
  doi          = {10.24963/kr.2023/57},
  timestamp    = {Tue, 05 Sep 2023 14:50:53 +0200},
  biburl       = {https://dblp.org/rec/conf/kr/0001LT23.bib},
  bibsource    = {dblp computer science bibliography, https://dblp.org}
}



@inproceedings{van2017neural,
  author       = {A{\"{a}}ron van den Oord and
                  Oriol Vinyals and
                  Koray Kavukcuoglu},
  opteditor       = {Isabelle Guyon and
                  Ulrike von Luxburg and
                  Samy Bengio and
                  Hanna M. Wallach and
                  Rob Fergus and
                  S. V. N. Vishwanathan and
                  Roman Garnett},
  title        = {Neural Discrete Representation Learning},
  booktitle    = {NIPS},
  pages        = {6306--6315},
  year         = {2017},
  url          = {https://proceedings.neurips.cc/paper/2017/hash/7a98af17e63a0ac09ce2e96d03992fbc-Abstract.html},
  timestamp    = {Thu, 21 Jan 2021 15:15:21 +0100},
  biburl       = {https://dblp.org/rec/conf/nips/OordVK17.bib},
  bibsource    = {dblp computer science bibliography, https://dblp.org}
}



@inproceedings{jang2016categorical,
  author       = {Eric Jang and
                  Shixiang Gu and
                  Ben Poole},
  title        = {Categorical Reparameterization with Gumbel-Softmax},
  booktitle    = {ICLR},
  optpublisher    = {OpenReview.net},
  year         = {2017},
  url          = {https://openreview.net/forum?id=rkE3y85ee},
  timestamp    = {Thu, 25 Jul 2019 14:26:04 +0200},
  biburl       = {https://dblp.org/rec/conf/iclr/JangGP17.bib},
  bibsource    = {dblp computer science bibliography, https://dblp.org}
}

@inproceedings{peebles2020hessian,
  title={The hessian penalty: A weak prior for unsupervised disentanglement},
  author={Peebles, William and Peebles, John and Zhu, Jun-Yan and Efros, Alexei and Torralba, Antonio},
  booktitle={ECCV},
  optpages={581--597},
  year={2020},
  optorganization={Springer}
}

@article{bardes2021vicreg,
  title={Vicreg: Variance-invariance-covariance regularization for self-supervised learning},
  author={Bardes, Adrien and Ponce, Jean and LeCun, Yann},
  journal={arXiv preprint arXiv:2105.04906},
  year={2021}
}

@article{heirarchy,
  title={Hierarchical Symbolic Reasoning in Hyperbolic Space for Deep Discriminative Models},
  optauthor={Santhirasekaram, Ainkaran and Kori, Avinash  and Rockall, Andrea and Winkler, Mathias and Toni, Francesca and Glocker, Ben},
  author={Santhirasekaram, Ainkaran and Kori, Avinash  and Rockall, Andrea and others},
  journal={ arXiv:2207.01916},
  year={2022}
}



@inproceedings{kori2022explaining,
  author       = {Avinash Kori and
                  Ben Glocker and
                  Francesca Toni},
  opteditor       = {Dino Pedreschi and
                  Anna Monreale and
                  Riccardo Guidotti and
                  Roberto Pellungrini and
                  Francesca Naretto},
  title        = {Explaining Image Classifiers with Visual Debates},
  booktitle    = {{DS}},
  optbooktitle    = {Discovery Science - 27th International Conference, {DS} 2024, Pisa,
                  Italy, October 14-16, 2024, Proceedings, Part {II}},
  optseries       = {Lecture Notes in Computer Science},
  optvolume       = {15244},
  pages        = {200--214},
  optpublisher    = {Springer},
  year         = {2024},
  url          = {https://doi.org/10.1007/978-3-031-78980-9\_13},
  doi          = {10.1007/978-3-031-78980-9\_13},
  timestamp    = {Tue, 04 Feb 2025 15:55:12 +0100},
  biburl       = {https://dblp.org/rec/conf/dis/KoriGT24.bib},
  bibsource    = {dblp computer science bibliography, https://dblp.org}
}



@inproceedings{mnih2014recurrent,
  author       = {Volodymyr Mnih and
                  Nicolas Heess and
                  Alex Graves and
                  Koray Kavukcuoglu},
  opteditor       = {Zoubin Ghahramani and
                  Max Welling and
                  Corinna Cortes and
                  Neil D. Lawrence and
                  Kilian Q. Weinberger},
  title        = {Recurrent Models of Visual Attention},
  booktitle    = {NIPS},
  pages        = {2204--2212},
  year         = {2014},
  url          = {https://proceedings.neurips.cc/paper/2014/hash/09c6c3783b4a70054da74f2538ed47c6-Abstract.html},
  timestamp    = {Mon, 16 May 2022 15:41:51 +0200},
  biburl       = {https://dblp.org/rec/conf/nips/MnihHGK14.bib},
  bibsource    = {dblp computer science bibliography, https://dblp.org}
}



@inproceedings{huang2017densely,
  author       = {Gao Huang and
                  Zhuang Liu and
                  Laurens van der Maaten and
                  Kilian Q. Weinberger},
  title        = {Densely Connected Convolutional Networks},
  booktitle    = {CVPR},
  pages        = {2261--2269},
  optpublisher    = {{IEEE} Computer Society},
  year         = {2017},
  url          = {https://doi.org/10.1109/CVPR.2017.243},
  doi          = {10.1109/CVPR.2017.243},
  timestamp    = {Tue, 20 Aug 2024 16:54:05 +0200},
  biburl       = {https://dblp.org/rec/conf/cvpr/HuangLMW17.bib},
  bibsource    = {dblp computer science bibliography, https://dblp.org}
}



@inproceedings{he2016deep,
  author       = {Kaiming He and
                  Xiangyu Zhang and
                  Shaoqing Ren and
                  Jian Sun},
  title        = {Deep Residual Learning for Image Recognition},
  booktitle    = {CVPR},
  pages        = {770--778},
  optpublisher    = {{IEEE} Computer Society},
  year         = {2016},
  url          = {https://doi.org/10.1109/CVPR.2016.90},
  doi          = {10.1109/CVPR.2016.90},
  timestamp    = {Fri, 24 Mar 2023 00:02:57 +0100},
  biburl       = {https://dblp.org/rec/conf/cvpr/HeZRS16.bib},
  bibsource    = {dblp computer science bibliography, https://dblp.org}
}




@inproceedings{SHAP,
  author       = {Scott M. Lundberg and
                  Su{-}In Lee},
  opteditor       = {Isabelle Guyon and
                  Ulrike von Luxburg and
                  Samy Bengio and
                  Hanna M. Wallach and
                  Rob Fergus and
                  S. V. N. Vishwanathan and
                  Roman Garnett},
  title        = {A Unified Approach to Interpreting Model Predictions},
  booktitle    = {NIPS},
  pages        = {4765--4774},
  year         = {2017},
  url          = {https://proceedings.neurips.cc/paper/2017/hash/8a20a8621978632d76c43dfd28b67767-Abstract.html},
  timestamp    = {Thu, 21 Jan 2021 15:15:21 +0100},
  biburl       = {https://dblp.org/rec/conf/nips/LundbergL17.bib},
  bibsource    = {dblp computer science bibliography, https://dblp.org}
}



@inproceedings{deeplift,
  author       = {Avanti Shrikumar and
                  Peyton Greenside and
                  Anshul Kundaje},
  opteditor       = {Doina Precup and
                  Yee Whye Teh},
  title        = {Learning Important Features Through Propagating Activation Differences},
  booktitle    = {ICML},
  optseries       = {Proceedings of Machine Learning Research},
  optvolume       = {70},
  pages        = {3145--3153},
  optpublisher    = {{PMLR}},
  year         = {2017},
  url          = {http://proceedings.mlr.press/v70/shrikumar17a.html},
  timestamp    = {Wed, 29 May 2019 08:41:45 +0200},
  biburl       = {https://dblp.org/rec/conf/icml/ShrikumarGK17.bib},
  bibsource    = {dblp computer science bibliography, https://dblp.org}
}



@inproceedings{lime,
  author       = {Marco T{\'{u}}lio Ribeiro and
                  Sameer Singh and
                  Carlos Guestrin},
  opteditor       = {Balaji Krishnapuram and
                  Mohak Shah and
                  Alexander J. Smola and
                  Charu C. Aggarwal and
                  Dou Shen and
                  Rajeev Rastogi},
  title        = {"Why Should {I} Trust You?": Explaining the Predictions of Any Classifier},
  booktitle    = {SIGKDD},
  pages        = {1135--1144},
  optpublisher    = {{ACM}},
  year         = {2016},
  url          = {https://doi.org/10.1145/2939672.2939778},
  doi          = {10.1145/2939672.2939778},
  timestamp    = {Fri, 25 Dec 2020 01:14:16 +0100},
  biburl       = {https://dblp.org/rec/conf/kdd/Ribeiro0G16.bib},
  bibsource    = {dblp computer science bibliography, https://dblp.org}
}


@inproceedings{selvaraju2017grad,
  author       = {Ramprasaath R. Selvaraju and
                  Michael Cogswell and
                  Abhishek Das and
                  Ramakrishna Vedantam and
                  Devi Parikh and
                  Dhruv Batra},
  title        = {Grad-CAM: Visual Explanations from Deep Networks via Gradient-Based
                  Localization},
  booktitle    = {ICCV},
  pages        = {618--626},
  optpublisher    = {{IEEE} Computer Society},
  year         = {2017},
  url          = {https://doi.org/10.1109/ICCV.2017.74},
  doi          = {10.1109/ICCV.2017.74},
  timestamp    = {Thu, 23 Mar 2023 23:57:42 +0100},
  biburl       = {https://dblp.org/rec/conf/iccv/SelvarajuCDVPB17.bib},
  bibsource    = {dblp computer science bibliography, https://dblp.org}
}

@article{rudin,
  author       = {Cynthia Rudin},
  title        = {Stop explaining black box machine learning models for high stakes
                  decisions and use interpretable models instead},
  journal      = {Nat. Mach. Intell.},
  volume       = {1},
  number       = {5},
  pages        = {206--215},
  year         = {2019},
  url          = {https://doi.org/10.1038/s42256-019-0048-x},
  doi          = {10.1038/S42256-019-0048-X},
  timestamp    = {Wed, 16 Mar 2022 23:50:17 +0100},
  biburl       = {https://dblp.org/rec/journals/natmi/Rudin19.bib},
  bibsource    = {dblp computer science bibliography, https://dblp.org}
}

@inproceedings{proto,
  author       = {Jon Donnelly and
                  Alina Jade Barnett and
                  Chaofan Chen},
  title        = {Deformable ProtoPNet: An Interpretable Image Classifier Using Deformable
                  Prototypes},
  booktitle    = {{IEEE/CVF} Conference on Computer Vision and Pattern Recognition ({CVPR} 2022)},
  pages        = {10255--10265},
  publisher    = {{IEEE}},
  year         = {2022},
}

@article{HintonNature,
  title={Deep learning},
  author={LeCun, Yann and Bengio, Yoshua and Hinton, Geoffrey},
  journal={nature},
  volume={521},
  number={7553},
  pages={436--444},
  year={2015},
  publisher={Nature Publishing Group UK London}
}



@article{XAIevalsurvey23,
  author       = {Meike Nauta and
                  Jan Trienes and
                  Shreyasi Pathak and
                  Elisa Nguyen and
                  Michelle Peters and
                  Yasmin Schmitt and
                  J{\"{o}}rg Schl{\"{o}}tterer and
                  Maurice van Keulen and
                  Christin Seifert},
  title        = {From Anecdotal Evidence to Quantitative Evaluation Methods: {A} Systematic
                  Review on Evaluating Explainable {AI}},
  journal      = {ACM Computing Surveys},
  volume       = { 55},
number={13s},
  year         = {2023},
pages= {1–42},
optdoi={https://doi.org/10.1145/3583558}
}

@inproceedings{sokol2020explainability,
  title={Explainability fact sheets: a framework for systematic assessment of explainable approaches},
  author={Sokol, Kacper and Flach, Peter},
  booktitle={Proceedings of the 2020 Conference on Fairness, Accountability, and Transparency},
  pages={56--67},
  year={2020}
}

@article{proietti2023roadmap,
  title={A Roadmap for Neuro-argumentative Learning},
  author={Proietti, Maurizio and Toni, Francesca},
  year={2023},
}



@inproceedings{madumal2019grounded,
  author       = {Prashan Madumal and
                  Tim Miller and
                  Liz Sonenberg and
                  Frank Vetere},
  opteditor       = {Edith Elkind and
                  Manuela Veloso and
                  Noa Agmon and
                  Matthew E. Taylor},
  title        = {A Grounded Interaction Protocol for Explainable Artificial Intelligence},
  booktitle    = {AAMAS},
  pages        = {1033--1041},
  optpublisher    = {International Foundation for Autonomous Agents and Multiagent Systems},
  year         = {2019},
  url          = {http://dl.acm.org/citation.cfm?id=3331801},
  timestamp    = {Wed, 29 May 2019 16:37:38 +0200},
  biburl       = {https://dblp.org/rec/conf/atal/Madumal0SV19.bib},
  bibsource    = {dblp computer science bibliography, https://dblp.org}
}




@inproceedings{das2017learning,
  title={Learning cooperative visual dialog agents with deep reinforcement learning},
  author={Das, Abhishek and Kottur, Satwik and Moura, Jos{\'e} MF and Lee, Stefan and Batra, Dhruv},
  booktitle={ICCV},
  year={2017}
}



@inproceedings{esser2021taming,
  author       = {Patrick Esser and
                  Robin Rombach and
                  Bj{\"{o}}rn Ommer},
  title        = {Taming Transformers for High-Resolution Image Synthesis},
  booktitle    = {CVPR},
  pages        = {12873--12883},
  optpublisher    = {Computer Vision Foundation / {IEEE}},
  year         = {2021},
  url          = {https://openaccess.thecvf.com/content/CVPR2021/html/Esser\_Taming\_Transformers\_for\_High-Resolution\_Image\_Synthesis\_CVPR\_2021\_paper.html},
  doi          = {10.1109/CVPR46437.2021.01268},
  timestamp    = {Mon, 18 Jul 2022 16:47:41 +0200},
  biburl       = {https://dblp.org/rec/conf/cvpr/EsserRO21.bib},
  bibsource    = {dblp computer science bibliography, https://dblp.org}
}



@inproceedings{santhirasekaram2022vector,
  author       = {Ainkaran Santhirasekaram and
                  Avinash Kori and
                  Mathias Winkler and
                  Andrea G. Rockall and
                  Ben Glocker},
  opteditor       = {Linwei Wang and
                  Qi Dou and
                  P. Thomas Fletcher and
                  Stefanie Speidel and
                  Shuo Li},
  title        = {Vector Quantisation for Robust Segmentation},
  booktitle    = {MICCAI},
  optseries       = {Lecture Notes in Computer Science},
  optvolume       = {13434},
  pages        = {663--672},
  optpublisher    = {Springer},
  year         = {2022},
  url          = {https://doi.org/10.1007/978-3-031-16440-8\_63},
  doi          = {10.1007/978-3-031-16440-8\_63},
  timestamp    = {Sat, 30 Sep 2023 09:52:51 +0200},
  biburl       = {https://dblp.org/rec/conf/miccai/Santhirasekaram22.bib},
  bibsource    = {dblp computer science bibliography, https://dblp.org}
}

@inproceedings{deng2018visual,
  title={Visual grounding via accumulated attention},
  author={Deng, Chaorui and Wu, Qi and Wu, Qingyao and Hu, Fuyuan and Lyu, Fan and Tan, Mingkui},
  booktitle={CVPR},
  year={2018}
}



@inproceedings{wang2019deliberative,
  author       = {Pei Wang and
                  Nuno Vasconcelos},
  opteditor       = {Hanna M. Wallach and
                  Hugo Larochelle and
                  Alina Beygelzimer and
                  Florence d'Alch{\'{e}}{-}Buc and
                  Emily B. Fox and
                  Roman Garnett},
  title        = {Deliberative Explanations: visualizing network insecurities},
  booktitle    = {NeurIPS},
  pages        = {1372--1383},
  year         = {2019},
  url          = {https://proceedings.neurips.cc/paper/2019/hash/68053af2923e00204c3ca7c6a3150cf7-Abstract.html},
  timestamp    = {Mon, 16 May 2022 15:41:51 +0200},
  biburl       = {https://dblp.org/rec/conf/nips/WangN19.bib},
  bibsource    = {dblp computer science bibliography, https://dblp.org}
}

@inproceedings{wierstra2007solving,
  title={Solving deep memory {POMDPs} with recurrent policy gradients},
  author={Wierstra, Daan and Foerster, Alexander and Peters, Jan and Schmidhuber, Juergen},
  booktitle={Int. Conference on Artificial Neural Networks},
  year={2007},
  optorganization={Springer}
}

@article{Hamed,
  author    = {Hamed Ayoobi and
               S. Hamidreza Kasaei and
               Ming Cao and
               Rineke Verbrugge and
               Bart Verheij},
  title     = {Explain What You See: Open-Ended Segmentation and Recognition of Occluded
               {3D} Objects},
  journal   = {CoRR},
  volume    = {abs/2301.07037},
  year      = {2023},
  opturl       = {https://doi.org/10.48550/arXiv.2301.07037},
  doi       = {10.48550/arXiv.2301.07037},
  opteprint    = {2301.07037},
  timestamp = {Thu, 19 Jan 2023 15:40:01 +0100},
  biburl    = {https://dblp.org/rec/journals/corr/abs-2301-07037.bib},
  bibsource = {dblp computer science bibliography, https://dblp.org},
  optnote={To appear at ICRA2023}
}

@article{DAX,
  author    = {Emanuele Albini and
               Piyawat Lertvittayakumjorn and
               Antonio Rago and
               Francesca Toni},
  title     = {{DAX:} {D}eep {A}rgumentative e{X}planation for Neural Networks},
  journal   = {CoRR},
  volume    = {abs/2012.05766},
  year      = {2020},
  url       = {https://arxiv.org/abs/2012.05766},
  opteprint    = {2012.05766},
  timestamp = {Sat, 02 Jan 2021 15:43:30 +0100},
  biburl    = {https://dblp.org/rec/journals/corr/abs-2012-05766.bib},
  bibsource = {dblp computer science bibliography, https://dblp.org}
}



@inproceedings{Purin21,
  author       = {Purin Sukpanichnant and
                  Antonio Rago and
                  Piyawat Lertvittayakumjorn and
                  Francesca Toni},
  opteditor       = {Stefania Bandini and
                  Francesca Gasparini and
                  Viviana Mascardi and
                  Matteo Palmonari and
                  Giuseppe Vizzari},
  title        = {Neural QBAFs: Explaining Neural Networks Under LRP-Based Argumentation
                  Frameworks},
  booktitle    = {AIxIA},
  optseries       = {Lecture Notes in Computer Science},
  optvolume       = {13196},
  pages        = {429--444},
  optpublisher    = {Springer},
  year         = {2021},
  url          = {https://doi.org/10.1007/978-3-031-08421-8\_30},
  doi          = {10.1007/978-3-031-08421-8\_30},
  timestamp    = {Sun, 04 Aug 2024 19:41:23 +0200},
  biburl       = {https://dblp.org/rec/conf/aiia/Sukpanichnant0L21.bib},
  bibsource    = {dblp computer science bibliography, https://dblp.org}
}



@article{olah2020zoom,
  author = {Olah, Chris and Cammarata, Nick and Schubert, Ludwig and Goh, Gabriel and Petrov, Michael and Carter, Shan},
  title = {Zoom In: An Introduction to Circuits},
  journal = {Distill},
  year = {2020},
  note = {https://distill.pub/2020/circuits/zoom-in},
  doi = {10.23915/distill.00024.001}
}

@inproceedings{kenny2021generating,
  title={On generating plausible counterfactual and semi-factual explanations for deep learning},
  author={Kenny, Eoin M and Keane, Mark T},
  booktitle={ AAAI},
  optvolume={35},
  optnumber={13},
  year={2021}
}

@article{olah2017feature,
  author = {Olah, Chris and Mordvintsev, Alexander and Schubert, Ludwig},
  title = {Feature Visualization},
  journal = {Distill},
  year = {2017},
  note = {https://distill.pub/2017/feature-visualization},
  doi = {10.23915/distill.00007}
}

@inproceedings{narayanaswamy2020scientific,
  title={Scientific discovery by generating counterfactuals using image translation},
  optauthor={Narayanaswamy, Arunachalam and Venugopalan, Subhashini and Webster, Dale R and Peng, Lily and Corrado, Greg S and Ruamviboonsuk, Paisan and Bavishi, Pinal and Brenner, Michael and Nelson, Philip C and Varadarajan, Avinash V},
  author={Narayanaswamy, Arunachalam and Venugopalan, Subhashini and Webster, Dale R and others},
  booktitle={Int. Conf. on Medical Image Computing and Computer-Assisted Intervention},
  year={2020},
  optorganization={Springer}
}

@article{lipton2018mythos,
  title={The Mythos of Model Interpretability: In machine learning, the concept of interpretability is both important and slippery.},
  author={Lipton, Zachary C},
  journal={Queue},
  volume={16},
  number={3},
  year={2018},
  publisher={ACM New York, NY, USA}
}

@inproceedings{kim2018interpretability,
  title={Interpretability beyond feature attribution: Quantitative testing with concept activation vectors},
  author={Kim, Been and Wattenberg, Martin and Gilmer, Justin and Cai, Carrie and Wexler, James and Viegas, Fernanda and others},
  booktitle={ICML},
  year={2018},
  optorganization={PMLR}
}


@techreport{doshi2017role,
  title={The Role of Explanation in Algorithmic Trust},
  author={Doshi-Velez, Finale and Budish, Ryan and Kortz, Mason},
  year={2017},
  institution={ Artificial Intelligence and Interpretability Working Group}
}

@phdthesis{kroll2015accountable,
  title={Accountable algorithms},
  author={Kroll, Joshua Alexander},
  year={2015},
  school={Princeton University}
}





@inproceedings{goyal2019counterfactual,
  author       = {Yash Goyal and
                  Ziyan Wu and
                  Jan Ernst and
                  Dhruv Batra and
                  Devi Parikh and
                  Stefan Lee},
  opteditor       = {Kamalika Chaudhuri and
                  Ruslan Salakhutdinov},
  title        = {Counterfactual Visual Explanations},
  booktitle    = {ICML},
  optseries       = {Proceedings of Machine Learning Research},
  optvolume       = {97},
  pages        = {2376--2384},
  optpublisher    = {{PMLR}},
  year         = {2019},
  url          = {http://proceedings.mlr.press/v97/goyal19a.html},
  timestamp    = {Tue, 11 Jun 2019 15:37:38 +0200},
  biburl       = {https://dblp.org/rec/conf/icml/GoyalWEBPL19.bib},
  bibsource    = {dblp computer science bibliography, https://dblp.org}
}

@inproceedings{rightforright,
  title={Right for the right concept: Revising neuro-symbolic concepts by interacting with their explanations},
  author={Stammer, Wolfgang and Schramowski, Patrick and Kersting, Kristian},
  booktitle={ CVPR},
  year={2021}
}



@inproceedings{tellmewhy,
  title={Tell me why! Explanations support learning relational and causal structure},
  author={Lampinen, Andrew K and Roy, Nicholas and Dasgupta, Ishita and Chan, Stephanie CY and Tam, Allison and Mcclelland, James and Yan, Chen and Santoro, Adam and Rabinowitz, Neil C and Wang, Jane and others},
  booktitle={ICML},
  year={2022},
  organization={PMLR}
}



@article{debate,
  author       = {Geoffrey Irving and
                  Paul F. Christiano and
                  Dario Amodei},
  title        = {{AI} safety via debate},
  journal      = {CoRR},
  volume       = {abs/1805.00899},
  year         = {2018},
  url          = {http://arxiv.org/abs/1805.00899},
  eprinttype    = {arXiv},
  eprint       = {1805.00899},
  timestamp    = {Thu, 01 Apr 2021 19:06:51 +0200},
  biburl       = {https://dblp.org/rec/journals/corr/abs-1805-00899.bib},
  bibsource    = {dblp computer science bibliography, https://dblp.org}
}

@article{dissect,
  title={DISSECT: Disentangled Simultaneous Explanations via Concept Traversals},
  author={Ghandeharioun, Asma and Kim, Been and Li, Chun-Liang and Jou, Brendan and Eoff, Brian and Picard, Rosalind W},
  journal={ arXiv:2105.15164},
  year={2021}
}



@inproceedings{dissection,
  author       = {David Bau and
                  Bolei Zhou and
                  Aditya Khosla and
                  Aude Oliva and
                  Antonio Torralba},
  title        = {Network Dissection: Quantifying Interpretability of Deep Visual Representations},
  booktitle    = {CVPR},
  pages        = {3319--3327},
  optpublisher    = {{IEEE} Computer Society},
  year         = {2017},
  url          = {https://doi.org/10.1109/CVPR.2017.354},
  doi          = {10.1109/CVPR.2017.354},
  timestamp    = {Fri, 24 Mar 2023 00:02:59 +0100},
  biburl       = {https://dblp.org/rec/conf/cvpr/BauZKO017.bib},
  bibsource    = {dblp computer science bibliography, https://dblp.org}
}

@inproceedings{concepttrail,
  title={Interpreting deep neural networks for medical imaging using concept graphs},
  author={Kori, Avinash and Natekar, Parth and Srinivasan, Balaji and Krishnamurthi, Ganapathy},
  booktitle={International Workshop on Health Intell.},
  year={2021},
  optorganization={Springer}
}

@article{tace,
  title={Towards automatic concept-based explanations},
  author={Ghorbani, Amirata and Wexler, James and Zou, James and Kim, Been},
  journal={arXiv:1902.03129},
  year={2019}
}


@inproceedings{gradcampp,
  author       = {Aditya Chattopadhyay and
                  Anirban Sarkar and
                  Prantik Howlader and
                  Vineeth N. Balasubramanian},
  title        = {Grad-CAM++: Generalized Gradient-Based Visual Explanations for Deep
                  Convolutional Networks},
  booktitle    = {WACV},
  pages        = {839--847},
  optpublisher    = {{IEEE} Computer Society},
  year         = {2018},
  url          = {https://doi.org/10.1109/WACV.2018.00097},
  doi          = {10.1109/WACV.2018.00097},
  timestamp    = {Fri, 24 Mar 2023 00:04:56 +0100},
  biburl       = {https://dblp.org/rec/conf/wacv/ChattopadhyaySH18.bib},
  bibsource    = {dblp computer science bibliography, https://dblp.org}
}


@inproceedings{integratedcam,
  author       = {Sam Sattarzadeh and
                  Mahesh Sudhakar and
                  Konstantinos N. Plataniotis and
                  Jongseong Jang and
                  Yeonjeong Jeong and
                  Hyunwoo Kim},
  title        = {Integrated Grad-Cam: Sensitivity-Aware Visual Explanation of Deep
                  Convolutional Networks Via Integrated Gradient-Based Scoring},
  booktitle    = {ICASSP},
  pages        = {1775--1779},
  optpublisher    = {{IEEE}},
  year         = {2021},
  url          = {https://doi.org/10.1109/ICASSP39728.2021.9415064},
  doi          = {10.1109/ICASSP39728.2021.9415064},
  timestamp    = {Thu, 08 Jul 2021 17:13:36 +0200},
  biburl       = {https://dblp.org/rec/conf/icassp/SattarzadehSPJJ21.bib},
  bibsource    = {dblp computer science bibliography, https://dblp.org}
}

@article{bengio2013representation,
  title={Representation learning: A review and new perspectives},
  author={Bengio, Yoshua and Courville, Aaron and Vincent, Pascal},
  journal={IEEE Transactions on Pattern Analysis and Machine Intelligence},
  volume={35},
  number={8},
  year={2013},
  publisher={IEEE}
}


@inproceedings{locatello2020weakly,
  title={Weakly-supervised disentanglement without compromises},
  author={Locatello, Francesco and Poole, Ben and R{\"a}tsch, Gunnar and Sch{\"o}lkopf, Bernhard and Bachem, Olivier and Tschannen, Michael},
  booktitle={ICML},
  year={2020},
  organization={PMLR}
}


@inproceedings{locatello2019challenging,
  title={Challenging common assumptions in the unsupervised learning of disentangled representations},
  author={Locatello, Francesco and Bauer, Stefan and Lucic, Mario and Raetsch, Gunnar and Gelly, Sylvain and Sch{\"o}lkopf, Bernhard and Bachem, Olivier},
  booktitle={ICML},
  year={2019},
  organization={PMLR}
}

@inproceedings{creager2019flexibly,
  title={Flexibly fair representation learning by disentanglement},
  author={Creager, Elliot and Madras, David and Jacobsen, J{\"o}rn-Henrik and Weis, Marissa and Swersky, Kevin and Pitassi, Toniann and Zemel, Richard},
  booktitle={ICML},
  year={2019},
  organization={PMLR}
}

@inproceedings{adel2018discovering,
  title={Discovering interpretable representations for both deep generative and discriminative models},
  author={Adel, Tameem and Ghahramani, Zoubin and Weller, Adrian},
  booktitle={ICML},
  year={2018},
  organization={PMLR}
}

@article{sauer2021counterfactual,
  title={Counterfactual generative networks},
  author={Sauer, Axel and Geiger, Andreas},
  journal={arXiv:2101.06046},
  year={2021}
}

@article{chang2018explaining,
  title={Explaining image classifiers by counterfactual generation},
  author={Chang, Chun-Hao and Creager, Elliot and Goldenberg, Anna and Duvenaud, David},
  journal={arXiv:1807.08024},
  year={2018}
}

@article{nemirovsky2020countergan,
  title={Countergan: Generating realistic counterfactuals with residual generative adversarial nets},
  author={Nemirovsky, Daniel and Thiebaut, Nicolas and Xu, Ye and Gupta, Abhishek},
  journal={arXiv:2009.05199},
  year={2020}
}

@article{lang2021explaining,
  title={Explaining in Style: Training a GAN to explain a classifier in StyleSpace},
  author={Lang, Oran and Gandelsman, Yossi and Yarom, Michal and Wald, Yoav and Elidan, Gal and Hassidim, Avinatan and Freeman, William T and Isola, Phillip and Globerson, Amir and Irani, Michal and others},
  journal={arXiv:2104.13369},
  year={2021}
}

@article{higgins2021unsupervised,
  title={Unsupervised deep learning identifies semantic disentanglement in single inferotemporal face patch neurons},
  author={Higgins, Irina and Chang, Le and Langston, Victoria and Hassabis, Demis and Summerfield, Christopher and Tsao, Doris and Botvinick, Matthew},
  journal={Nature communications},
  volume={12},
  number={1},
  pages={1--14},
  year={2021},
  publisher={Nature Publishing Group}
}

@article{higgins2016beta,
  title={beta-vae: Learning basic visual concepts with a constrained variational framework},
  author={Higgins, Irina and Matthey, Loic and Pal, Arka and Burgess, Christopher and Glorot, Xavier and Botvinick, Matthew and Mohamed, Shakir and Lerchner, Alexander},
  year={2016}
}

@incollection{burnston2021evolving,
  title={Evolving concepts of “hierarchy” in systems neuroscience},
  author={Burnston, Daniel C and Haueis, Philipp},
  booktitle={Neural Mechanisms},
  year={2021},
  optpublisher={Springer}
}

@article{parr2018discrete,
  title={The discrete and continuous brain: from decisions to movement—and back again},
  author={Parr, Thomas and Friston, Karl J},
  journal={Neural computation},
  volume={30},
  number={9},
  year={2018},
  publisher={MIT Press One Rogers Street, Cambridge, MA 02142-1209, USA journals-info~…}
}

@article{karimi2017invariant,
  title={Invariant object recognition is a personalized selection of invariant features in humans, not simply explained by hierarchical feed-forward vision models},
  author={Karimi-Rouzbahani, Hamid and Bagheri, Nasour and Ebrahimpour, Reza},
  journal={Scientific reports},
  volume={7},
  number={1},
  year={2017},
  publisher={Nature Publishing Group}
}

@article{liao2016learning,
  title={Learning deep parsimonious representations},
  author={Liao, Renjie and Schwing, Alex and Zemel, Richard and Urtasun, Raquel},
  journal={NeurIPS},
  volume={29},
  year={2016}
}

@article{nielsen2008object,
  title={Object features used by humans and monkeys to identify rotated shapes},
  author={Nielsen, Kristina J and Logothetis, Nikos K and Rainer, Gregor},
  journal={Journal of vision},
  volume={8},
  number={2},
  pages={9--9},
  year={2008},
  publisher={The Association for Research in Vision and Ophthalmology}
}

@article{payani2019inductive,
  title={Inductive logic programming via differentiable deep neural logic networks},
  author={Payani, Ali and Fekri, Faramarz},
  journal={ arXiv:1906.03523},
  year={2019}
}

@article{tee2020information,
  title={Is information in the brain represented in continuous or discrete form?},
  author={Tee, James and Taylor, Desmond P},
  journal={IEEE Transactions on Molecular, Biological and Multi-Scale Communications},
  volume={6},
  number={3},
  pages={199--209},
  year={2020},
  publisher={IEEE}
}

@inproceedings{michie1988machine,
  title={Machine learning in the next five years},
  author={Michie, Donald},
  booktitle={Proceedings of the 3rd European conference on European working session on learning},
  year={1988}
}

@article{muggleton2018meta,
  title={Meta-interpretive learning from noisy images},
  author={Muggleton, Stephen and Dai, Wang-Zhou and Sammut, Claude and Tamaddoni-Nezhad, Alireza and Wen, Jing and Zhou, Zhi-Hua},
  journal={Machine Learning},
  volume={107},
  number={7},
  pages={1097--1118},
  year={2018},
  publisher={Springer}
}

@article{lin2014bias,
  title={Bias reformulation for one-shot function induction},
  author={Lin, Dianhuan and Dechter, Eyal and Ellis, Kevin and Tenenbaum, Joshua B and Muggleton, Stephen H},
  year={2014},
  publisher={IOS Press}
}

@article{yi2018neural,
  title={Neural-symbolic vqa: Disentangling reasoning from vision and language understanding},
  author={Yi, Kexin and Wu, Jiajun and Gan, Chuang and Torralba, Antonio and Kohli, Pushmeet and Tenenbaum, Josh},
  journal={NeurIPS},
  volume={31},
  year={2018}
}

@inproceedings{vedantam2019probabilistic,
  title={Probabilistic neural symbolic models for interpretable visual question answering},
  author={Vedantam, Ramakrishna and Desai, Karan and Lee, Stefan and Rohrbach, Marcus and Batra, Dhruv and Parikh, Devi},
  booktitle={ICML},
  year={2019},
  organization={PMLR}
}

@article{mao2019neuro,
  title={The neuro-symbolic concept learner: Interpreting scenes, words, and sentences from natural supervision},
  author={Mao, Jiayuan and Gan, Chuang and Kohli, Pushmeet and Tenenbaum, Joshua B and Wu, Jiajun},
  journal={ arXiv:1904.12584},
  year={2019}
}

@article{blockeel1998top,
  title={Top-down induction of first-order logical decision trees},
  author={Blockeel, Hendrik and De Raedt, Luc},
  journal={Artificial intelligence},
  volume={101},
  number={1-2},
  pages={285--297},
  year={1998},
  publisher={Elsevier}
}



@inproceedings{cawsey1991generating,
  author       = {Alison Cawsey},
  opteditor       = {Thomas L. Dean and
                  Kathleen R. McKeown},
  title        = {Generating Interactive Explanations},
  booktitle    = {AAAI},
  pages        = {86--91},
  optpublisher    = {{AAAI} Press / The {MIT} Press},
  year         = {1991},
  url          = {http://www.aaai.org/Library/AAAI/1991/aaai91-014.php},
  timestamp    = {Mon, 04 Sep 2023 16:46:41 +0200},
  biburl       = {https://dblp.org/rec/conf/aaai/Cawsey91.bib},
  bibsource    = {dblp computer science bibliography, https://dblp.org}
}

@article{hudson2019learning,
  title={Learning by abstraction: The neural state machine},
  author={Hudson, Drew and Manning, Christopher D},
  journal={NeurIPS},
  volume={32},
  year={2019}
}

@article{teso2023leveraging,
  title={Leveraging explanations in interactive machine learning: An overview},
  author={Teso, Stefano and Alkan, {\"O}znur and Stammer, Wolfgang and Daly, Elizabeth},
  journal={Frontiers in Artificial Intelligence},
  volume={6},
  pages={1066049},
  year={2023},
  publisher={Frontiers}
}

@inproceedings{hirsch2017designing,
  title={Designing contestability: Interaction design, machine learning, and mental health},
  optauthor={Hirsch, Tad and Merced, Kritzia and Narayanan, Shrikanth and Imel, Zac E and Atkins, David C},
  uthor={Hirsch, Tad and Merced, Kritzia and Narayanan, Shrikanth and others},
  booktitle={Conf. on Designing Interactive Systems},
  year={2017}
}

@inproceedings{almada2019human,
  title={Human intervention in automated decision-making: Toward the construction of contestable systems},
  author={Almada, Marco},
  booktitle={ 17th International Conference on AI and Law},
  year={2019}
}

@incollection{kluttz2022shaping,
  title={Shaping our tools: Contestability as a means to promote responsible algorithmic decision making in the professions},
  author={Kluttz, Daniel N and Kohli, Nitin and Mulligan, Deirdre K},
  booktitle={Ethics of Data and Analytics},
  year={2022},
  publisher={Auerbach Publications}
}



@inproceedings{shitole2021one,
  author       = {Vivswan Shitole and
                  Fuxin Li and
                  Minsuk Kahng and
                  Prasad Tadepalli and
                  Alan Fern},
  opteditor       = {Marc'Aurelio Ranzato and
                  Alina Beygelzimer and
                  Yann N. Dauphin and
                  Percy Liang and
                  Jennifer Wortman Vaughan},
  title        = {One Explanation is Not Enough: Structured Attention Graphs for Image
                  Classification},
  booktitle    = {NeurIPS},
  pages        = {11352--11363},
  year         = {2021},
  url          = {https://proceedings.neurips.cc/paper/2021/hash/5e751896e527c862bf67251a474b3819-Abstract.html},
  timestamp    = {Tue, 03 May 2022 16:20:47 +0200},
  biburl       = {https://dblp.org/rec/conf/nips/ShitoleLKTF21.bib},
  bibsource    = {dblp computer science bibliography, https://dblp.org}
}

@article{yin2022interpreting,
  title={Interpreting language models with contrastive explanations},
  author={Yin, Kayo and Neubig, Graham},
  journal={arXiv preprint arXiv:2202.10419},
  year={2022}
}



@inproceedings{yoon2018invase,
  author       = {Jinsung Yoon and
                  James Jordon and
                  Mihaela van der Schaar},
  title        = {{INVASE:} Instance-wise Variable Selection using Neural Networks},
  booktitle    = {ICLR},
  optpublisher    = {OpenReview.net},
  year         = {2019},
  url          = {https://openreview.net/forum?id=BJg\_roAcK7},
  timestamp    = {Thu, 25 Jul 2019 14:25:48 +0200},
  biburl       = {https://dblp.org/rec/conf/iclr/YoonJS19.bib},
  bibsource    = {dblp computer science bibliography, https://dblp.org}
}



@article{miller2019explanation,
  author       = {Tim Miller},
  title        = {Explanation in artificial intelligence: Insights from the social sciences},
  journal      = {Artif. Intell.},
  volume       = {267},
  pages        = {1--38},
  year         = {2019},
  url          = {https://doi.org/10.1016/j.artint.2018.07.007},
  doi          = {10.1016/J.ARTINT.2018.07.007},
  timestamp    = {Thu, 25 May 2023 12:52:41 +0200},
  biburl       = {https://dblp.org/rec/journals/ai/Miller19.bib},
  bibsource    = {dblp computer science bibliography, https://dblp.org}
}

 @misc{explainableai:Royalsociety,
 author={Society, Royal},
 year={2022},
 title={Explainable {AI}: the basics},
 url={https://royalsociety.org/-/media/policy/projects/explainable-ai/AI-and-interpretability-policy-briefing.pdf}} 

@article{lyons2021conceptualising,
  title={Conceptualising contestability: Perspectives on contesting algorithmic decisions},
  author={Lyons, Henrietta and Velloso, Eduardo and Miller, Tim},
  journal={ ACM on Human-Computer Interaction},
  optvolume={5},
  optnumber={CSCW1},
  optpages={1--25},
  year={2021},
  optpublisher={ACM New York, NY, USA}
}

@article{bayamlioglu2018contesting,
  title={Contesting automated decisions},
  author={Bayamlioglu, Emre},
  journal={Eur. Data Prot. L. Rev.},
  volume={4},
  pages={433},
  year={2018},
  publisher={HeinOnline}
}



@article{helwegen2019latent,
  title={Latent weights do not exist: Rethinking binarized neural network optimization},
  author={Helwegen, Koen and Widdicombe, James and Geiger, Lukas and Liu, Zechun and Cheng, Kwang-Ting and Nusselder, Roeland},
  journal={NeurIPS},
  volume={32},
  year={2019}
}

@inproceedings{muggleton1996learning,
  title={Learning from positive data},
  author={Muggleton, Stephen},
  booktitle={ICLP},
  year={1996},
  organization={Springer}
}

@incollection{colmerauer1996birth,
  title={The birth of Prolog},
  author={Colmerauer, Alain and Roussel, Philippe},
  booktitle={History of programming languages---II},
  pages={331--367},
  year={1996}
}

@misc {metagol,
  author    = {Andrew Cropper and Stephen H. Muggleton},
  title  = {Metagol System},
  year   = {2016},
  howpublished = "https://github.com/metagol/metagol",
  URL = "https://github.com/metagol/metagol"
}

@misc {shapes,
  optauthor    = {Kaggle Shapes Dataset},
  author    = {Kaggle},
  title  = {SHAPES Dataset},
  year   = {2016},
  howpublished = "https://www.kaggle.com/datasets/smeschke/four-shapes?resource=download",
  URL = "https://www.kaggle.com/datasets/smeschke/four-shapes?resource=download"
}


@article{evans2018learning,
  title={Learning explanatory rules from noisy data},
  author={Evans, Richard and Grefenstette, Edward},
  journal={Journal of Artificial Intelligence Research},
  volume={61},
  pages={1--64},
  year={2018}
}

@article{nickel2017poincare,
  title={Poincar{\'e} embeddings for learning hierarchical representations},
  author={Nickel, Maximillian and Kiela, Douwe},
  journal={NeurIPS},
  volume={30},
  year={2017}
}

@article{nickel2014reducing,
  title={Reducing the rank in relational factorization models by including observable patterns},
  author={Nickel, Maximilian and Jiang, Xueyan and Tresp, Volker},
  journal={NeurIPS},
  volume={27},
  year={2014}
}

@inproceedings{sala2018representation,
  title={Representation tradeoffs for hyperbolic embeddings},
  author={Sala, Frederic and De Sa, Chris and Gu, Albert and R{\'e}, Christopher},
  booktitle={ICML},
  year={2018},
  organization={PMLR}
}

@article{ganea2018hyperbolic,
  title={Hyperbolic neural networks},
  author={Ganea, Octavian and B{\'e}cigneul, Gary and Hofmann, Thomas},
  journal={NeurIPS},
  volume={31},
  year={2018}
}
@article{chami2019hyperbolic,
  title={Hyperbolic graph convolutional neural networks},
  author={Chami, Ines and Ying, Zhitao and R{\'e}, Christopher and Leskovec, Jure},
  journal={NeurIPS},
  volume={32},
  year={2019}
}
@article{liu2019hyperbolic,
  title={Hyperbolic graph neural networks},
  author={Liu, Qi and Nickel, Maximilian and Kiela, Douwe},
  journal={NeurIPS},
  volume={32},
  year={2019}
}

@article{vetter2014varieties,
  title={Varieties of cognitive penetration in visual perception},
  author={Vetter, Petra and Newen, Albert},
  journal={Consciousness and cognition},
  volume={27},
  pages={62--75},
  year={2014},
  publisher={Elsevier}
}

@article{bastos2012canonical,
  title={Canonical microcircuits for predictive coding},
  author={Bastos, Andre M and Usrey, W Martin and Adams, Rick A and Mangun, George R and Fries, Pascal and Friston, Karl J},
  journal={Neuron},
  volume={76},
  number={4},
  pages={695--711},
  year={2012},
  publisher={Elsevier}
}

@article{meunier2009hierarchical,
  title={Hierarchical modularity in human brain functional networks},
  author={Meunier, David and Lambiotte, Renaud and Fornito, Alex and Ersche, Karen and Bullmore, Edward T},
  journal={Frontiers in neuroinformatics},
  volume={3},
  pages={37},
  year={2009},
  publisher={Frontiers}
}

@article{wessinger2001hierarchical,
  title={Hierarchical organization of the human auditory cortex revealed by functional magnetic resonance imaging},
  author={Wessinger, CM and VanMeter, J and Tian, Biao and Van Lare, J and Pekar, James and Rauschecker, Josef P},
  journal={Journal of cognitive neuroscience},
  volume={13},
  number={1},
  pages={1--7},
  year={2001},
  publisher={MIT Press One Rogers Street, Cambridge, MA 02142-1209, USA journals-info~…}
}

@article{zhang2016riemannian,
  title={Riemannian SVRG: Fast stochastic optimization on Riemannian manifolds},
  author={Zhang, Hongyi and J Reddi, Sashank and Sra, Suvrit},
  journal={NeurIPS},
  volume={29},
  year={2016}
}

@inproceedings{he2016identity,
  title={Identity mappings in deep residual networks},
  author={He, Kaiming and Zhang, Xiangyu and Ren, Shaoqing and Sun, Jian},
  booktitle={ECCV},
  year={2016},
  optorganization={Springer}
}



@article{iandola2014densenet,
  title={Densenet: Implementing efficient convnet descriptor pyramids},
  author={Iandola, Forrest and Moskewicz, Matt and Karayev, Sergey and Girshick, Ross and Darrell, Trevor and Keutzer, Kurt},
  journal={arXiv:1404.1869},
  year={2014}
}

@article{deng2012mnist,
  title={The {MNIST} database of handwritten digit images for machine learning research [best of the web]},
  author={Deng, Li},
  journal={IEEE signal processing magazine},
  volume={29},
  number={6},
  pages={141--142},
  year={2012},
  publisher={IEEE}
}



@inproceedings{sharma2005probabilistic,
  title={Probabilistic reasoning with hierarchically structured variables},
  author={Sharma, Rita and Poole, David},
  booktitle={IJCAI},
  pages={1391--1397},
  year={2005},
  organization={Citeseer}
}

@article{bibal2021legal,
  title={Legal requirements on explainability in machine learning},
  author={Bibal, Adrien and Lognoul, Michael and De Streel, Alexandre and Fr{\'e}nay, Beno{\^\i}t},
  journal={Artificial Intelligence and Law},
  volume={29},
  number={2},
  pages={149--169},
  year={2021},
  publisher={Springer}
}

@article{armstrong1983some,
  title={What some concepts might not be},
  author={Armstrong, Sharon Lee and Gleitman, Lila R and Gleitman, Henry},
  journal={Cognition},
  volume={13},
  number={3},
  pages={263--308},
  year={1983},
  publisher={Elsevier}
}
@article{glanois2021neuro,
  title={Neuro-Symbolic Hierarchical Rule Induction},
  author={Glanois, Claire and Feng, Xuening and Jiang, Zhaohui and Weng, Paul and Zimmer, Matthieu and Li, Dong and Liu, Wulong},
  journal={arXiv:2112.13418},
  year={2021}
}
@article{mitchener2022detect,
  title={Detect, Understand, Act: A Neuro-symbolic Hierarchical Reinforcement Learning Framework},
  author={Mitchener, Ludovico and Tuckey, David and Crosby, Matthew and Russo, Alessandra},
  journal={Machine Learning},
  pages={1--27},
  year={2022},
  publisher={Springer}
}

@article{muggleton1995inverse,
  title={Inverse entailment and Progol},
  author={Muggleton, Stephen},
  journal={New generation computing},
  volume={13},
  number={3},
  pages={245--286},
  year={1995},
  publisher={Springer}
}



@article{dung1995acceptability,
  author       = {Phan Minh Dung},
  title        = {On the Acceptability of Arguments and its Fundamental Role in Nonmonotonic
                  Reasoning, Logic Programming and n-Person Games},
  journal      = {Artif. Intell.},
  volume       = {77},
  number       = {2},
  pages        = {321--358},
  year         = {1995},
  url          = {https://doi.org/10.1016/0004-3702(94)00041-X},
  doi          = {10.1016/0004-3702(94)00041-X},
  timestamp    = {Wed, 14 Nov 2018 10:50:00 +0100},
  biburl       = {https://dblp.org/rec/journals/ai/Dung95.bib},
  bibsource    = {dblp computer science bibliography, https://dblp.org}
}


@inproceedings{baroni2018many,
  title={How many properties do we need for gradual argumentation?},
  author={Baroni, Pietro and Rago, Antonio and Toni, Francesca},
  booktitle={AAAI},
  volume={32},
  number={1},
  year={2018}
}



@inproceedings{vcyras2021argumentative,
  author       = {Kristijonas Cyras and
                  Antonio Rago and
                  Emanuele Albini and
                  Pietro Baroni and
                  Francesca Toni},
  opteditor       = {Zhi{-}Hua Zhou},
  title        = {Argumentative {XAI:} {A} Survey},
  booktitle    = {IJCAI},
  pages        = {4392--4399},
  optpublisher    = {ijcai.org},
  year         = {2021},
  url          = {https://doi.org/10.24963/ijcai.2021/600},
  doi          = {10.24963/IJCAI.2021/600},
  timestamp    = {Tue, 15 Oct 2024 16:43:28 +0200},
  biburl       = {https://dblp.org/rec/conf/ijcai/Cyras0ABT21.bib},
  bibsource    = {dblp computer science bibliography, https://dblp.org}
}

@inproceedings{cayrol2005acceptability,
  title={On the acceptability of arguments in bipolar argumentation frameworks},
  author={Cayrol, Claudette and Lagasquie-Schiex, Marie-Christine},
  booktitle={European Conference on Symbolic and Quantitative Approaches to Reasoning and Uncertainty},
  pages={378--389},
  year={2005},
  organization={Springer}
}

@article{BAFs,
  author       = {Claudette Cayrol and
                  Marie{-}Christine Lagasquie{-}Schiex},
  title        = {Graduality in Argumentation},
  journal      = {J. Artif. Intell. Res.},
  volume       = {23},
  pages        = {245--297},
  year         = {2005},
  url          = {https://doi.org/10.1613/jair.1411},
  doi          = {10.1613/jair.1411},
  timestamp    = {Fri, 09 Apr 2021 18:34:36 +0200},
  biburl       = {https://dblp.org/rec/journals/jair/CayrolL05.bib},
  bibsource    = {dblp computer science bibliography, https://dblp.org}
}



@article{lakkaraju2022rethinking,
  author       = {Himabindu Lakkaraju and
                  Dylan Slack and
                  Yuxin Chen and
                  Chenhao Tan and
                  Sameer Singh},
  title        = {Rethinking Explainability as a Dialogue: {A} Practitioner's Perspective},
  journal      = {CoRR},
  volume       = {abs/2202.01875},
  year         = {2022},
  url          = {https://arxiv.org/abs/2202.01875},
  eprinttype    = {arXiv},
  eprint       = {2202.01875},
  timestamp    = {Tue, 25 Apr 2023 07:40:33 +0200},
  biburl       = {https://dblp.org/rec/journals/corr/abs-2202-01875.bib},
  bibsource    = {dblp computer science bibliography, https://dblp.org}
}

@article{nash1951non,
  title={Non-cooperative games},
  author={Nash, John},
  journal={Annals of mathematics},
  pages={286--295},
  year={1951},
  publisher={JSTOR}
}



@article{glance,
  author       = {Avinash Kori and
                  Ben Glocker and
                  Francesca Toni},
  title        = {{GLANCE:} Global to Local Architecture-Neutral Concept-based Explanations},
  journal      = {CoRR},
  volume       = {abs/2207.01917},
  year         = {2022},
  url          = {https://doi.org/10.48550/arXiv.2207.01917},
  doi          = {10.48550/ARXIV.2207.01917},
  eprinttype    = {arXiv},
  eprint       = {2207.01917},
  timestamp    = {Wed, 06 Jul 2022 15:50:43 +0200},
  biburl       = {https://dblp.org/rec/journals/corr/abs-2207-01917.bib},
  bibsource    = {dblp computer science bibliography, https://dblp.org}
}


@article{heirarchy,
  title={Hierarchical Symbolic Reasoning in Hyperbolic Space for Deep Discriminative Models},
  optauthor={Santhirasekaram, Ainkaran and Kori, Avinash  and Rockall, Andrea and Winkler, Mathias and Toni, Francesca and Glocker, Ben},
  author={Santhirasekaram, Ainkaran and Kori, Avinash  and Rockall, Andrea and others},
  journal={ arXiv:2207.01916},
  year={2022}
}

@inproceedings{peebles2020hessian,
  title={The hessian penalty: A weak prior for unsupervised disentanglement},
  author={Peebles, William and Peebles, John and Zhu, Jun-Yan and Efros, Alexei and Torralba, Antonio},
  booktitle={ECCV},
  optpages={581--597},
  year={2020},
  optorganization={Springer}
}

@inproceedings{vcyras2019argumentation,
  title={Argumentation for explainable scheduling},
  author={{\v{C}}yras, Kristijonas and Letsios, Dimitrios and Misener, Ruth and Toni, Francesca},
  booktitle={AAAI},
  optvolume={33},
  optnumber={01},
  optpages={2752--2759},
  year={2019}
}

@inproceedings{chen2022makes,
  title={What Makes a Good Explanation?: A Harmonized View of Properties of Explanations},
  author={Chen, Zixi and Subhash, Varshini and Havasi, Marton and Pan, Weiwei and Doshi-Velez, Finale},
  booktitle={Workshop on Trustworthy and Socially Responsible Machine Learning, NeurIPS 2022},
  year={2022}
}