@inproceedings{chen2020simple,
  title={A simple framework for contrastive learning of visual representations},
  author={Chen, Ting and Kornblith, Simon and Norouzi, Mohammad and Hinton, Geoffrey},
  booktitle={International conference on machine learning},
  pages={1597--1607},
  year={2020},
  organization={PMLR}
}

@inproceedings{chen2023cross,
  title={Cross-domain Recommendation with Behavioral Importance Perception},
  author={Chen, Hong and Wang, Xin and Xie, Ruobing and Zhou, Yuwei and Zhu, Wenwu},
  booktitle={Proceedings of the ACM Web Conference 2023},
  pages={1294--1304},
  year={2023}
}

@inproceedings{gutmann2010noise,
  title={Noise-contrastive estimation: A new estimation principle for unnormalized statistical models},
  author={Gutmann, Michael and Hyv{\"a}rinen, Aapo},
  booktitle={Proceedings of the thirteenth international conference on artificial intelligence and statistics},
  pages={297--304},
  year={2010},
  organization={JMLR Workshop and Conference Proceedings}
}

@inproceedings{hao2021adversarial,
  title={Adversarial feature translation for multi-domain recommendation},
  author={Hao, Xiaobo and Liu, Yudan and Xie, Ruobing and Ge, Kaikai and Tang, Linyao and Zhang, Xu and Lin, Leyu},
  booktitle={Proceedings of the 27th ACM SIGKDD Conference on Knowledge Discovery \& Data Mining},
  pages={2964--2973},
  year={2021}
}

@inproceedings{hu2018conet,
  title={Conet: Collaborative cross networks for cross-domain recommendation},
  author={Hu, Guangneng and Zhang, Yu and Yang, Qiang},
  booktitle={Proceedings of the 27th ACM international conference on information and knowledge management},
  pages={667--676},
  year={2018}
}

@inproceedings{jiang2023adaptive,
  title={Adaptive graph contrastive learning for recommendation},
  author={Jiang, Yangqin and Huang, Chao and Huang, Lianghao},
  booktitle={Proceedings of the 29th ACM SIGKDD Conference on Knowledge Discovery and Data Mining},
  pages={4252--4261},
  year={2023}
}

@inproceedings{kang2019semi,
  title={Semi-supervised learning for cross-domain recommendation to cold-start users},
  author={Kang, SeongKu and Hwang, Junyoung and Lee, Dongha and Yu, Hwanjo},
  booktitle={Proceedings of the 28th ACM International Conference on Information and Knowledge Management},
  pages={1563--1572},
  year={2019}
}

@inproceedings{li2021dual,
  title={Dual attentive sequential learning for cross-domain click-through rate prediction},
  author={Li, Pan and Jiang, Zhichao and Que, Maofei and Hu, Yao and Tuzhilin, Alexander},
  booktitle={Proceedings of the 27th ACM SIGKDD conference on knowledge discovery \& data mining},
  pages={3172--3180},
  year={2021}
}

@inproceedings{liu2024graph,
  title={Graph Disentangled Contrastive Learning with Personalized Transfer for Cross-Domain Recommendation},
  author={Liu, Jing and Sun, Lele and Nie, Weizhi and Jing, Peiguang and Su, Yuting},
  booktitle={Proceedings of the AAAI Conference on Artificial Intelligence},
  volume={38},
  number={8},
  pages={8769--8777},
  year={2024}
}

@inproceedings{ma2020disentangled,
  title={Disentangled self-supervision in sequential recommenders},
  author={Ma, Jianxin and Zhou, Chang and Yang, Hongxia and Cui, Peng and Wang, Xin and Zhu, Wenwu},
  booktitle={Proceedings of the 26th ACM SIGKDD International Conference on Knowledge Discovery \& Data Mining},
  pages={483--491},
  year={2020}
}

@inproceedings{ouyang2020minet,
  title={Minet: Mixed interest network for cross-domain click-through rate prediction},
  author={Ouyang, Wentao and Zhang, Xiuwu and Zhao, Lei and Luo, Jinmei and Zhang, Yu and Zou, Heng and Liu, Zhaojie and Du, Yanlong},
  booktitle={Proceedings of the 29th ACM international conference on information \& knowledge management},
  pages={2669--2676},
  year={2020}
}

@inproceedings{qiu2021memory,
  title={Memory augmented multi-instance contrastive predictive coding for sequential recommendation},
  author={Qiu, Ruihong and Huang, Zi and Yin, Hongzhi},
  booktitle={2021 IEEE International Conference on Data Mining (ICDM)},
  pages={519--528},
  year={2021},
  organization={IEEE}
}

@inproceedings{xie2022contrastive,
  title={Contrastive cross-domain recommendation in matching},
  author={Xie, Ruobing and Liu, Qi and Wang, Liangdong and Liu, Shukai and Zhang, Bo and Lin, Leyu},
  booktitle={Proceedings of the 28th ACM SIGKDD Conference on Knowledge Discovery and Data Mining},
  pages={4226--4236},
  year={2022}
}

@inproceedings{yu2022graph,
  title={Are graph augmentations necessary? simple graph contrastive learning for recommendation},
  author={Yu, Junliang and Yin, Hongzhi and Xia, Xin and Chen, Tong and Cui, Lizhen and Nguyen, Quoc Viet Hung},
  booktitle={Proceedings of the 45th international ACM SIGIR conference on research and development in information retrieval},
  pages={1294--1303},
  year={2022}
}

@inproceedings{zhang2022diffusion,
  title={Diffusion-based graph contrastive learning for recommendation with implicit feedback},
  author={Zhang, Lingzi and Liu, Yong and Zhou, Xin and Miao, Chunyan and Wang, Guoxin and Tang, Haihong},
  booktitle={International Conference on Database Systems for Advanced Applications},
  pages={232--247},
  year={2022},
  organization={Springer}
}

@inproceedings{zhang2023collaborative,
  title={A Collaborative Transfer Learning Framework for Cross-domain Recommendation},
  author={Zhang, Wei and Zhang, Pengye and Zhang, Bo and Wang, Xingxing and Wang, Dong},
  booktitle={Proceedings of the 29th ACM SIGKDD Conference on Knowledge Discovery and Data Mining},
  pages={5576--5585},
  year={2023}
}

@inproceedings{zhao2023beyond,
  title={Beyond the overlapping users: cross-domain recommendation via adaptive anchor link learning},
  author={Zhao, Yi and Li, Chaozhuo and Peng, Jiquan and Fang, Xiaohan and Huang, Feiran and Wang, Senzhang and Xie, Xing and Gong, Jibing},
  booktitle={Proceedings of the 46th international ACM SIGIR conference on research and development in information retrieval},
  pages={1488--1497},
  year={2023}
}

@inproceedings{zhao2023cross,
  title={Cross-domain recommendation via user interest alignment},
  author={Zhao, Chuang and Zhao, Hongke and He, Ming and Zhang, Jian and Fan, Jianping},
  booktitle={Proceedings of the ACM Web Conference 2023},
  pages={887--896},
  year={2023}
}

@inproceedings{zhou2020s3,
  title={S3-rec: Self-supervised learning for sequential recommendation with mutual information maximization},
  author={Zhou, Kun and Wang, Hui and Zhao, Wayne Xin and Zhu, Yutao and Wang, Sirui and Zhang, Fuzheng and Wang, Zhongyuan and Wen, Ji-Rong},
  booktitle={Proceedings of the 29th ACM international conference on information \& knowledge management},
  pages={1893--1902},
  year={2020}
}

@inproceedings{zhu2021graph,
  title={Graph contrastive learning with adaptive augmentation},
  author={Zhu, Yanqiao and Xu, Yichen and Yu, Feng and Liu, Qiang and Wu, Shu and Wang, Liang},
  booktitle={Proceedings of the Web Conference 2021},
  pages={2069--2080},
  year={2021}
}

