

@inproceedings{xie2023adversarially,
  title={Adversarially robust neural architecture search for graph neural networks},
  author={Xie, Beini and Chang, Heng and Zhang, Ziwei and Wang, Xin and Wang, Daixin and Zhang, Zhiqiang and Ying, Rex and Zhu, Wenwu},
  booktitle={Proceedings of the IEEE/CVF Conference on Computer Vision and Pattern Recognition},
  pages={8143--8152},
  year={2023}
}

@article{wang2023revisiting,
  title={Revisiting adversarial attacks on graph neural networks for graph classification},
  author={Wang, Xin and Chang, Heng and Xie, Beini and Bian, Tian and Zhou, Shiji and Wang, Daixin and Zhang, Zhiqiang and Zhu, Wenwu},
  journal={IEEE Transactions on Knowledge and Data Engineering},
  year={2023},
  publisher={IEEE}
}

@inproceedings{chang2024path,
  title={Path-based explanation for knowledge graph completion},
  author={Chang, Heng and Ye, Jiangnan and Lopez-Avila, Alejo and Du, Jinhua and Li, Jia},
  booktitle={Proceedings of the 30th ACM SIGKDD Conference on Knowledge Discovery and Data Mining},
  pages={231--242},
  year={2024}
}

@inproceedings{xie2024towards,
  title={Towards Lightweight Graph Neural Network Search with Curriculum Graph Sparsification},
  author={Xie, Beini and Chang, Heng and Zhang, Ziwei and Zhang, Zeyang and Wu, Simin and Wang, Xin and Meng, Yuan and Zhu, Wenwu},
  booktitle={Proceedings of the 30th ACM SIGKDD Conference on Knowledge Discovery and Data Mining},
  pages={3563--3573},
  year={2024}
}

@inproceedings{yang2024hyperbolic,
  title={Hyperbolic contrastive learning for cross-domain recommendation},
  author={Yang, Xin and Chang, Heng and Lai, Zhijian and Yang, Jinze and Li, Xingrun and Lu, Yu and Wang, Shuaiqiang and Yin, Dawei and Min, Erxue},
  booktitle={Proceedings of the 33rd ACM International Conference on Information and Knowledge Management},
  pages={2920--2929},
  year={2024}
}

@article{wang2024heterophilic,
  title={Heterophilic Graph Neural Networks Optimization with Causal Message-passing},
  author={Wang, Botao and Li, Jia and Chang, Heng and Zhang, Keli and Tsung, Fugee},
  journal={arXiv preprint arXiv:2411.13821},
  year={2024}
}

@inproceedings{liu2024graph,
  title={Graph Disentangled Contrastive Learning with Personalized Transfer for Cross-Domain Recommendation},
  author={Liu, Jing and Sun, Lele and Nie, Weizhi and Jing, Peiguang and Su, Yuting},
  booktitle={Proceedings of the AAAI Conference on Artificial Intelligence},
  volume={38},
  number={8},
  pages={8769--8777},
  year={2024}
}

@inproceedings{zhao2023cross,
  title={Cross-domain recommendation via user interest alignment},
  author={Zhao, Chuang and Zhao, Hongke and He, Ming and Zhang, Jian and Fan, Jianping},
  booktitle={Proceedings of the ACM Web Conference 2023},
  pages={887--896},
  year={2023}
}

@inproceedings{zhang2023collaborative,
  title={A Collaborative Transfer Learning Framework for Cross-domain Recommendation},
  author={Zhang, Wei and Zhang, Pengye and Zhang, Bo and Wang, Xingxing and Wang, Dong},
  booktitle={Proceedings of the 29th ACM SIGKDD Conference on Knowledge Discovery and Data Mining},
  pages={5576--5585},
  year={2023}
}

@inproceedings{zhao2023beyond,
  title={Beyond the overlapping users: cross-domain recommendation via adaptive anchor link learning},
  author={Zhao, Yi and Li, Chaozhuo and Peng, Jiquan and Fang, Xiaohan and Huang, Feiran and Wang, Senzhang and Xie, Xing and Gong, Jibing},
  booktitle={Proceedings of the 46th international ACM SIGIR conference on research and development in information retrieval},
  pages={1488--1497},
  year={2023}
}

@inproceedings{sun2019bert4rec,
  title={BERT4Rec: Sequential recommendation with bidirectional encoder representations from transformer},
  author={Sun, Fei and Liu, Jun and Wu, Jian and Pei, Changhua and Lin, Xiao and Ou, Wenwu and Jiang, Peng},
  booktitle={Proceedings of the 28th ACM international conference on information and knowledge management},
  pages={1441--1450},
  year={2019}
}

@inproceedings{ouyang2020minet,
  title={Minet: Mixed interest network for cross-domain click-through rate prediction},
  author={Ouyang, Wentao and Zhang, Xiuwu and Zhao, Lei and Luo, Jinmei and Zhang, Yu and Zou, Heng and Liu, Zhaojie and Du, Yanlong},
  booktitle={Proceedings of the 29th ACM international conference on information \& knowledge management},
  pages={2669--2676},
  year={2020}
}

@inproceedings{hu2018conet,
  title={Conet: Collaborative cross networks for cross-domain recommendation},
  author={Hu, Guangneng and Zhang, Yu and Yang, Qiang},
  booktitle={Proceedings of the 27th ACM international conference on information and knowledge management},
  pages={667--676},
  year={2018}
}


@inproceedings{he2016ups,
  title={Ups and downs: Modeling the visual evolution of fashion trends with one-class collaborative filtering},
  author={He, Ruining and McAuley, Julian},
  booktitle={proceedings of the 25th international conference on world wide web},
  pages={507--517},
  year={2016}
}


@inproceedings{yu2021self,
  title={Self-supervised multi-channel hypergraph convolutional network for social recommendation},
  author={Yu, Junliang and Yin, Hongzhi and Li, Jundong and Wang, Qinyong and Hung, Nguyen Quoc Viet and Zhang, Xiangliang},
  booktitle={Proceedings of the web conference 2021},
  pages={413--424},
  year={2021}
}

@techreport{hagberg2008exploring,
  title={Exploring network structure, dynamics, and function using NetworkX},
  author={Hagberg, Aric and Swart, Pieter and S Chult, Daniel},
  year={2008},
  institution={Los Alamos National Lab.(LANL), Los Alamos, NM (United States)}
}

@book{newman2018networks,
  title={Networks},
  author={Newman, Mark},
  year={2018},
  publisher={Oxford university press}
}

@inproceedings{vakil2023curriculum,
  title={Curriculum Learning for Graph Neural Networks: A Multiview Competence-based Approach},
  author={Vakil, Nidhi and Amiri, Hadi},
  booktitle={Proceedings of the 61st Annual Meeting of the Association for Computational Linguistics (Volume 1: Long Papers)},
  pages={7036--7051},
  year={2023}
}


@inproceedings{wu2023curriculum,
  title={Diff4Rec: Sequential Recommendation with Curriculum-scheduled Diffusion Augmentation},
  author={Wu, Zihao and Wang, Xin and Chen, Hong and Li, Kaidong and Han, Yi and Sun, Lifeng and Zhu, Wenwu},
  booktitle={Proceedings of the 31st ACM International Conference on Multimedia},
  pages={9329--9335},
  year={2023}
}

@article{wang2021curriculum,
  title={A survey on curriculum learning},
  author={Wang, Xin and Chen, Yudong and Zhu, Wenwu},
  journal={IEEE Transactions on Pattern Analysis and Machine Intelligence},
  volume={44},
  number={9},
  pages={4555--4576},
  year={2021},
  publisher={IEEE}
}


@inproceedings{bian2021curriculum,
  title={Contrastive curriculum learning for sequential user behavior modeling via data augmentation},
  author={Bian, Shuqing and Zhao, Wayne Xin and Zhou, Kun and Cai, Jing and He, Yancheng and Yin, Cunxiang and Wen, Ji-Rong},
  booktitle={Proceedings of the 30th ACM International Conference on Information \& Knowledge Management},
  pages={3737--3746},
  year={2021}
}

@inproceedings{chen2021curriculum,
  title={Curriculum meta-learning for next POI recommendation},
  author={Chen, Yudong and Wang, Xin and Fan, Miao and Huang, Jizhou and Yang, Shengwen and Zhu, Wenwu},
  booktitle={Proceedings of the 27th ACM SIGKDD Conference on Knowledge Discovery \& Data Mining},
  pages={2692--2702},
  year={2021}
}

@inproceedings{bengio2009curriculum,
  title={Curriculum learning},
  author={Bengio, Yoshua and Louradour, J{\'e}r{\^o}me and Collobert, Ronan and Weston, Jason},
  booktitle={Proceedings of the 26th annual international conference on machine learning},
  pages={41--48},
  year={2009}
}

@inproceedings{chen2020simple,
  title={A simple framework for contrastive learning of visual representations},
  author={Chen, Ting and Kornblith, Simon and Norouzi, Mohammad and Hinton, Geoffrey},
  booktitle={International conference on machine learning},
  pages={1597--1607},
  year={2020},
  organization={PMLR}
}

@inproceedings{caron2021emerging,
  title={Emerging properties in self-supervised vision transformers},
  author={Caron, Mathilde and Touvron, Hugo and Misra, Ishan and J{\'e}gou, Herv{\'e} and Mairal, Julien and Bojanowski, Piotr and Joulin, Armand},
  booktitle={Proceedings of the IEEE/CVF international conference on computer vision},
  pages={9650--9660},
  year={2021}
}


@inproceedings{oh2023dual,
  title={Dual-Oriented Contrast for Recommendation with A Stop-Gradient Operation},
  author={Oh, Byungkook and Kim, Yul and Min, Bumky},
  booktitle={Proceedings of the 32nd ACM International Conference on Information and Knowledge Management},
  pages={1939--1948},
  year={2023}
}

@inproceedings{mao2021ultragcn,
  title={UltraGCN: ultra simplification of graph convolutional networks for recommendation},
  author={Mao, Kelong and Zhu, Jieming and Xiao, Xi and Lu, Biao and Wang, Zhaowei and He, Xiuqiang},
  booktitle={Proceedings of the 30th ACM International Conference on Information \& Knowledge Management},
  pages={1253--1262},
  year={2021}
}

@inproceedings{chen2021exploring,
  title={Exploring simple siamese representation learning},
  author={Chen, Xinlei and He, Kaiming},
  booktitle={Proceedings of the IEEE/CVF conference on computer vision and pattern recognition},
  pages={15750--15758},
  year={2021}
}

@article{schultz2003learning,
  title={Learning a distance metric from relative comparisons},
  author={Schultz, Matthew and Joachims, Thorsten},
  journal={Advances in neural information processing systems},
  volume={16},
  year={2003}
}

@article{ren2021learning,
  title={Learning disentangled representation by exploiting pretrained generative models: A contrastive learning view},
  author={Ren, Xuanchi and Yang, Tao and Wang, Yuwang and Zeng, Wenjun},
  journal={arXiv preprint arXiv:2102.10543},
  year={2021}
}


@article{le2020contrastive,
  title={Contrastive representation learning: A framework and review},
  author={Le-Khac, Phuc H and Healy, Graham and Smeaton, Alan F},
  journal={Ieee Access},
  volume={8},
  pages={193907--193934},
  year={2020},
  publisher={IEEE}
}

@inproceedings{wu2018unsupervised,
  title={Unsupervised feature learning via non-parametric instance discrimination},
  author={Wu, Zhirong and Xiong, Yuanjun and Yu, Stella X and Lin, Dahua},
  booktitle={Proceedings of the IEEE conference on computer vision and pattern recognition},
  pages={3733--3742},
  year={2018}
}

@inproceedings{gutmann2010noise,
  title={Noise-contrastive estimation: A new estimation principle for unnormalized statistical models},
  author={Gutmann, Michael and Hyv{\"a}rinen, Aapo},
  booktitle={Proceedings of the thirteenth international conference on artificial intelligence and statistics},
  pages={297--304},
  year={2010},
  organization={JMLR Workshop and Conference Proceedings}
}

@article{oord2018representation,
  title={Representation learning with contrastive predictive coding},
  author={Oord, Aaron van den and Li, Yazhe and Vinyals, Oriol},
  journal={arXiv preprint arXiv:1807.03748},
  year={2018}
}

@inproceedings{he2020lightgcn,
  title={Lightgcn: Simplifying and powering graph convolution network for recommendation},
  author={He, Xiangnan and Deng, Kuan and Wang, Xiang and Li, Yan and Zhang, Yongdong and Wang, Meng},
  booktitle={Proceedings of the 43rd International ACM SIGIR conference on research and development in Information Retrieval},
  pages={639--648},
  year={2020}
}

@article{you2020graph,
  title={Graph contrastive learning with augmentations},
  author={You, Yuning and Chen, Tianlong and Sui, Yongduo and Chen, Ting and Wang, Zhangyang and Shen, Yang},
  journal={Advances in neural information processing systems},
  volume={33},
  pages={5812--5823},
  year={2020}
}

@inproceedings{zhang2022diffusion,
  title={Diffusion-based graph contrastive learning for recommendation with implicit feedback},
  author={Zhang, Lingzi and Liu, Yong and Zhou, Xin and Miao, Chunyan and Wang, Guoxin and Tang, Haihong},
  booktitle={International Conference on Database Systems for Advanced Applications},
  pages={232--247},
  year={2022},
  organization={Springer}
}

@inproceedings{jiang2023adaptive,
  title={Adaptive graph contrastive learning for recommendation},
  author={Jiang, Yangqin and Huang, Chao and Huang, Lianghao},
  booktitle={Proceedings of the 29th ACM SIGKDD Conference on Knowledge Discovery and Data Mining},
  pages={4252--4261},
  year={2023}
}

@inproceedings{yu2022graph,
  title={Are graph augmentations necessary? simple graph contrastive learning for recommendation},
  author={Yu, Junliang and Yin, Hongzhi and Xia, Xin and Chen, Tong and Cui, Lizhen and Nguyen, Quoc Viet Hung},
  booktitle={Proceedings of the 45th international ACM SIGIR conference on research and development in information retrieval},
  pages={1294--1303},
  year={2022}
}

@inproceedings{wang2021pre,
  title={Pre-training graph neural network for cross domain recommendation},
  author={Wang, Chen and Liang, Yueqing and Liu, Zhiwei and Zhang, Tao and Philip, S Yu},
  booktitle={2021 IEEE Third International Conference on Cognitive Machine Intelligence (CogMI)},
  pages={140--145},
  year={2021},
  organization={IEEE}
}

@inproceedings{liu2019jscn,
  title={JSCN: Joint spectral convolutional network for cross domain recommendation},
  author={Liu, Zhiwei and Zheng, Lei and Zhang, Jiawei and Han, Jiayu and Philip, S Yu},
  booktitle={2019 IEEE international conference on big data (big data)},
  pages={850--859},
  year={2019},
  organization={IEEE}
}


@inproceedings{qiu2020gcc,
  title={Gcc: Graph contrastive coding for graph neural network pre-training},
  author={Qiu, Jiezhong and Chen, Qibin and Dong, Yuxiao and Zhang, Jing and Yang, Hongxia and Ding, Ming and Wang, Kuansan and Tang, Jie},
  booktitle={Proceedings of the 26th ACM SIGKDD international conference on knowledge discovery \& data mining},
  pages={1150--1160},
  year={2020}
}

@inproceedings{chen2023cross,
  title={Cross-domain Recommendation with Behavioral Importance Perception},
  author={Chen, Hong and Wang, Xin and Xie, Ruobing and Zhou, Yuwei and Zhu, Wenwu},
  booktitle={Proceedings of the ACM Web Conference 2023},
  pages={1294--1304},
  year={2023}
}

@inproceedings{xie2020internal,
  title={Internal and Contextual Attention Network for Cold-start Multi-channel Matching in Recommendation},
  author={Xie, Ruobing and Qiu, Zhijie and Rao, Jun and Liu, Yi and Zhang, Bo and Lin, Leyu},
  booktitle={Proceedings of IJCAI},
  year={2020}
}

@inproceedings{lv2019sdm,
  title={SDM: Sequential deep matching model for online large-scale recommender system},
  author={Lv, Fuyu and Jin, Taiwei and Yu, Changlong and Sun, Fei and Lin, Quan and Yang, Keping and Ng, Wilfred},
  booktitle={Proceedings of the 28th ACM International Conference on Information and Knowledge Management},
  pages={2635--2643},
  year={2019}
}

@inproceedings{covington2016deep,
  title={Deep neural networks for youtube recommendations},
  author={Covington, Paul and Adams, Jay and Sargin, Emre},
  booktitle={Proceedings of the 10th ACM conference on recommender systems},
  pages={191--198},
  year={2016}
}

@inproceedings{xie2022contrastive,
  title={Contrastive cross-domain recommendation in matching},
  author={Xie, Ruobing and Liu, Qi and Wang, Liangdong and Liu, Shukai and Zhang, Bo and Lin, Leyu},
  booktitle={Proceedings of the 28th ACM SIGKDD Conference on Knowledge Discovery and Data Mining},
  pages={4226--4236},
  year={2022}
}

@article{xie2021improving,
  title={Improving accuracy and diversity in matching of recommendation with diversified preference network},
  author={Xie, Ruobing and Liu, Qi and Liu, Shukai and Zhang, Ziwei and Cui, Peng and Zhang, Bo and Lin, Leyu},
  journal={IEEE Transactions on Big Data},
  volume={8},
  number={4},
  pages={955--967},
  year={2021},
  publisher={IEEE}
}

@inproceedings{cui2020herograph,
  title={HeroGRAPH: A Heterogeneous Graph Framework for Multi-Target Cross-Domain Recommendation.},
  author={Cui, Qiang and Wei, Tao and Zhang, Yafeng and Zhang, Qing},
  booktitle={ORSUM@ RecSys},
  year={2020}
}

@inproceedings{zhu2019dtcdr,
  title={Dtcdr: A framework for dual-target cross-domain recommendation},
  author={Zhu, Feng and Chen, Chaochao and Wang, Yan and Liu, Guanfeng and Zheng, Xiaolin},
  booktitle={Proceedings of the 28th ACM International Conference on Information and Knowledge Management},
  pages={1533--1542},
  year={2019}
}

@inproceedings{man2017cross,
  title={Cross-domain recommendation: An embedding and mapping approach.},
  author={Man, Tong and Shen, Huawei and Jin, Xiaolong and Cheng, Xueqi},
  booktitle={IJCAI},
  volume={17},
  pages={2464--2470},
  year={2017}
}

@inproceedings{elkahky2015multi,
  title={A multi-view deep learning approach for cross domain user modeling in recommendation systems},
  author={Elkahky, Ali Mamdouh and Song, Yang and He, Xiaodong},
  booktitle={Proceedings of the 24th international conference on world wide web},
  pages={278--288},
  year={2015}
}

@article{li2022semi,
  title={Semi-supervised hierarchical graph classification},
  author={Li, Jia and Huang, Yongfeng and Chang, Heng and Rong, Yu},
  journal={IEEE Transactions on Pattern Analysis and Machine Intelligence},
  volume={45},
  number={5},
  pages={6265--6276},
  year={2022},
  publisher={IEEE}
}

@misc{kcore-def,
  title={The evolution of sparse graphs, Graph theory and combinatorics (Cambridge, 1983)},
  author={Bollob{\'a}s, B{\'e}la},
  year={1984},
  publisher={Academic Press, London}
}

@article{tjoa2020surveyXAI,
  title={A survey on explainable artificial intelligence (xai): Toward medical xai},
  author={Tjoa, Erico and Guan, Cuntai},
  journal={IEEE transactions on neural networks and learning systems},
  volume={32},
  number={11},
  pages={4793--4813},
  year={2020},
  publisher={IEEE}
}

@inproceedings{mahdisoltani2013yago3,
  title={Yago3: A knowledge base from multilingual wikipedias},
  author={Mahdisoltani, Farzaneh and Biega, Joanna and Suchanek, Fabian M},
  booktitle={CIDR},
  year={2013}
}

@article{kakkad2023survey,
  title={A Survey on Explainability of Graph Neural Networks},
  author={Kakkad, Jaykumar and Jannu, Jaspal and Sharma, Kartik and Aggarwal, Charu and Medya, Sourav},
  journal={arXiv preprint arXiv:2306.01958},
  year={2023}
}

@article{janik2022explaining,
  title={Explaining Link Predictions in Knowledge Graph Embedding Models with Influential Examples},
  author={Janik, Adrianna and Costabello, Luca},
  journal={arXiv preprint arXiv:2212.02651},
  year={2022}
}

@article{langer2021we,
  title={What do we want from Explainable Artificial Intelligence (XAI)?--A stakeholder perspective on XAI and a conceptual model guiding interdisciplinary XAI research},
  author={Langer, Markus and Oster, Daniel and Speith, Timo and Hermanns, Holger and K{\"a}stner, Lena and Schmidt, Eva and Sesing, Andreas and Baum, Kevin},
  journal={Artificial Intelligence},
  volume={296},
  pages={103473},
  year={2021},
  publisher={Elsevier}
}

@article{orphicx,
  title={OrphicX: A Causality-Inspired Latent Variable Model for Interpreting Graph Neural Networks},
  author={Lin, Wanyu and Lan, Hao and Wang, Hao and Li, Baochun},
  journal={arXiv preprint arXiv:2203.15209},
  year={2022}
}

@inproceedings{gem,
  title={Generative causal explanations for graph neural networks},
  author={Lin, Wanyu and Lan, Hao and Li, Baochun},
  booktitle={International Conference on Machine Learning},
  pages={6666--6679},
  year={2021},
  organization={PMLR}
}

@article{zorro,
  title={Zorro: Valid, sparse, and stable explanations in graph neural networks},
  author={Funke, Thorben and Khosla, Megha and Anand, Avishek},
  journal={arXiv preprint arXiv:2105.08621},
  year={2021}
}

@inproceedings{lucic2022cf,
  title={Cf-gnnexplainer: Counterfactual explanations for graph neural networks},
  author={Lucic, Ana and Ter Hoeve, Maartje A and Tolomei, Gabriele and De Rijke, Maarten and Silvestri, Fabrizio},
  booktitle={International Conference on Artificial Intelligence and Statistics},
  pages={4499--4511},
  year={2022},
  organization={PMLR}
}

@InProceedings{subgraphx,
  title = 	 {On Explainability of Graph Neural Networks via Subgraph Explorations},
  author =       {Yuan, Hao and Yu, Haiyang and Wang, Jie and Li, Kang and Ji, Shuiwang},
  booktitle = 	 {Proceedings of the 38th International Conference on Machine Learning},
  pages = 	 {12241--12252},
  year = 	 {2021},
  editor = 	 {Meila, Marina and Zhang, Tong},
  volume = 	 {139},
  series = 	 {Proceedings of Machine Learning Research},
  month = 	 {18--24 Jul},
  publisher =    {PMLR},
  pdf = 	 {http://proceedings.mlr.press/v139/yuan21c/yuan21c.pdf},
}

@inproceedings{pgexplainer,
 author = {Luo, Dongsheng and Cheng, Wei and Xu, Dongkuan and Yu, Wenchao and Zong, Bo and Chen, Haifeng and Zhang, Xiang},
 booktitle = {Advances in Neural Information Processing Systems},
 editor = {H. Larochelle and M. Ranzato and R. Hadsell and M. F. Balcan and H. Lin},
 pages = {19620--19631},
 publisher = {Curran Associates, Inc.},
 title = {Parameterized Explainer for Graph Neural Network},
 volume = {33},
 year = {2020}
}

@article{shapley,
  title={A value fo n-person Games},
  author={Shapley, Lloyd},
  journal={Ann. Math. Study28, Contributions to the Theory of Games, ed. by HW Kuhn, and AW Tucker},
  pages={307--317},
  year={1953}
}

@article{hn_value,
  title={Associated consistency, value and graphs},
  author={Hamiache, G{\'e}rard and Navarro, Florian},
  journal={International Journal of Game Theory},
  volume={49},
  number={1},
  pages={227--249},
  year={2020},
  publisher={Springer}
}

@inproceedings{pgm_explainer,
 author = {Vu, Minh and Thai, My T.},
 booktitle = {Advances in Neural Information Processing Systems},
 editor = {H. Larochelle and M. Ranzato and R. Hadsell and M. F. Balcan and H. Lin},
 pages = {12225--12235},
 publisher = {Curran Associates, Inc.},
 title = {PGM-Explainer: Probabilistic Graphical Model Explanations for Graph Neural Networks},
 volume = {33},
 year = {2020}
}


@inproceedings{zhang2022gstarx,
  title={GStarX: Explaining Graph Neural Networks with Structure-Aware Cooperative Games},
  author={Zhang, Shichang and Liu, Yozen and Shah, Neil and Sun, Yizhou},
  booktitle={Advances in Neural Information Processing Systems},
  year={2022}
}

@article{taxonomy,
  title={Explainability in graph neural networks: A taxonomic survey},
  author={Yuan, Hao and Yu, Haiyang and Gui, Shurui and Ji, Shuiwang},
  journal={arXiv preprint arXiv:2012.15445},
  year={2020}
}

@misc{graphlime,
      title={GraphLIME: Local Interpretable Model Explanations for Graph Neural Networks}, 
      author={Qiang Huang and Makoto Yamada and Yuan Tian and Dinesh Singh and Dawei Yin and Yi Chang},
      year={2020},
      eprint={2001.06216},
      archivePrefix={arXiv},
      primaryClass={cs.LG}
}

@inproceedings{cam,
  title={Explainability methods for graph convolutional neural networks},
  author={Pope, Phillip E and Kolouri, Soheil and Rostami, Mohammad and Martin, Charles E and Hoffmann, Heiko},
  booktitle={Proceedings of the IEEE/CVF Conference on Computer Vision and Pattern Recognition},
  pages={10772--10781},
  year={2019}
}

@misc{lrp,
      title={Explainability Techniques for Graph Convolutional Networks}, 
      author={Federico Baldassarre and Hossein Azizpour},
      year={2019},
      eprint={1905.13686},
      archivePrefix={arXiv},
      primaryClass={cs.LG}
}

@inproceedings{xgnn,
  title={Xgnn: Towards model-level explanations of graph neural networks},
  author={Yuan, Hao and Tang, Jiliang and Hu, Xia and Ji, Shuiwang},
  booktitle={Proceedings of the 26th ACM SIGKDD International Conference on Knowledge Discovery \& Data Mining},
  pages={430--438},
  year={2020}
}

@article{gnnexplainer,
  title={Gnnexplainer: Generating explanations for graph neural networks},
  author={Ying, Rex and Bourgeois, Dylan and You, Jiaxuan and Zitnik, Marinka and Leskovec, Jure},
  journal={Advances in neural information processing systems},
  volume={32},
  pages={9240},
  year={2019},
  publisher={NIH Public Access}
}


@article{zhu2022learning,
  title={Learning to Efficiently Propagate for Reasoning on Knowledge Graphs},
  author={Zhu, Zhaocheng and Yuan, Xinyu and Xhonneux, Louis-Pascal and Zhang, Ming and Gazeau, Maxime and Tang, Jian},
  journal={arXiv preprint arXiv:2206.04798},
  year={2022}
}

@inproceedings{chang2023knowledge,
  title={Knowledge Graph Completion with Counterfactual Augmentation},
  author={Chang, Heng and Cai, Jie and Li, Jia},
  booktitle={Proceedings of the ACM Web Conference 2023},
  pages={2611--2620},
  year={2023}
}

@inproceedings{luo2021detecting,
  title={Detecting communities from heterogeneous graphs: A context path-based graph neural network model},
  author={Luo, Linhao and Fang, Yixiang and Cao, Xin and Zhang, Xiaofeng and Zhang, Wenjie},
  booktitle={Proceedings of the 30th ACM international conference on information \& knowledge management},
  pages={1170--1180},
  year={2021}
}

@article{sun2011pathsim,
  title={Pathsim: Meta path-based top-k similarity search in heterogeneous information networks},
  author={Sun, Yizhou and Han, Jiawei and Yan, Xifeng and Yu, Philip S and Wu, Tianyi},
  journal={Proceedings of the VLDB Endowment},
  volume={4},
  number={11},
  pages={992--1003},
  year={2011},
  publisher={VLDB Endowment}
}

@inproceedings{jeh2002simrank,
  title={Simrank: a measure of structural-context similarity},
  author={Jeh, Glen and Widom, Jennifer},
  booktitle={Proceedings of the eighth ACM SIGKDD international conference on Knowledge discovery and data mining},
  pages={538--543},
  year={2002}
}

@article{bunke1998graph,
  title={A graph distance metric based on the maximal common subgraph},
  author={Bunke, Horst and Shearer, Kim},
  journal={Pattern recognition letters},
  volume={19},
  number={3-4},
  pages={255--259},
  year={1998},
  publisher={Elsevier}
}

@article{katz1953new,
  title={A new status index derived from sociometric analysis},
  author={Katz, Leo},
  journal={Psychometrika},
  volume={18},
  number={1},
  pages={39--43},
  year={1953},
  publisher={Springer}
}

@article{zhao2023ke,
  title={KE-X: Towards subgraph explanations of knowledge graph embedding based on knowledge information gain},
  author={Zhao, Dong and Wan, Guojia and Zhan, Yibing and Wang, Zengmao and Ding, Liang and Zheng, Zhigao and Du, Bo},
  journal={Knowledge-Based Systems},
  pages={110772},
  year={2023},
  publisher={Elsevier}
}

@inproceedings{zhang2023page,
  title={PaGE-Link: Path-based graph neural network explanation for heterogeneous link prediction},
  author={Zhang, Shichang and Zhang, Jiani and Song, Xiang and Adeshina, Soji and Zheng, Da and Faloutsos, Christos and Sun, Yizhou},
  booktitle={Proceedings of the ACM Web Conference 2023},
  pages={3784--3793},
  year={2023}
}

@inproceedings{rossi2022explaining,
  title={Explaining link prediction systems based on knowledge graph embeddings},
  author={Rossi, Andrea and Firmani, Donatella and Merialdo, Paolo and Teofili, Tommaso},
  booktitle={Proceedings of the 2022 international conference on management of data},
  pages={2062--2075},
  year={2022}
}

@inproceedings{ho2018rule,
  title={Rule learning from knowledge graphs guided by embedding models},
  author={Ho, Vinh Thinh and Stepanova, Daria and Gad-Elrab, Mohamed H and Kharlamov, Evgeny and Weikum, Gerhard},
  booktitle={International Semantic Web Conference},
  pages={72--90},
  year={2018},
  organization={Springer}
}

@article{galarraga2015fast,
  title={Fast rule mining in ontological knowledge bases with AMIE ++},
  author={Gal{\'a}rraga, Luis and Teflioudi, Christina and Hose, Katja and Suchanek, Fabian M},
  journal={The VLDB Journal},
  volume={24},
  number={6},
  pages={707--730},
  year={2015},
  publisher={Springer}
}


@article{jung2020t,
  title={T-gap: Learning to walk across time for temporal knowledge graph completion},
  author={Jung, Jaehun and Jung, Jinhong and Kang, U},
  journal={arXiv preprint arXiv:2012.10595},
  year={2020}
}

@inproceedings{zhang2022rethinking,
  title={Rethinking Graph Convolutional Networks in Knowledge Graph Completion},
  author={Zhang, Zhanqiu and Wang, Jie and Ye, Jieping and Wu, Feng},
  booktitle={Proceedings of the ACM Web Conference 2022},
  pages={798--807},
  year={2022}
}

@article{Wang_Zhou_Pan_Dong_Song_Sha_2022, 
title={Exploring Relational Semantics for Inductive Knowledge Graph Completion}, 
volume={36}, 
url={https://ojs.aaai.org/index.php/AAAI/article/view/20337}, 
DOI={10.1609/aaai.v36i4.20337}, 
number={4}, 
journal={Proceedings of the AAAI Conference on Artificial Intelligence}, 
author={Wang, Changjian and Zhou, Xiaofei and Pan, Shirui and Dong, Linhua and Song, Zeliang and Sha, Ying}, 
year={2022}, 
month={Jun.}, 
pages={4184-4192} }

@INPROCEEDINGS{9820227,
  author={Hou, Ruotian and Zhu, Wenjun and Zhu, Cui},
  booktitle={2022 5th International Conference on Artificial Intelligence and Big Data (ICAIBD)}, 
  title={Global Relation Auxiliary Graph Attention Network for Knowledge Graph Completion}, 
  year={2022},
  volume={},
  number={},
  pages={532-538},
  doi={10.1109/ICAIBD55127.2022.9820227}}

@article{huang2022multilingual,
  title={Multilingual Knowledge Graph Completion with Self-Supervised Adaptive Graph Alignment},
  author={Huang, Zijie and Li, Zheng and Jiang, Haoming and Cao, Tianyu and Lu, Hanqing and Yin, Bing and Subbian, Karthik and Sun, Yizhou and Wang, Wei},
  journal={arXiv preprint arXiv:2203.14987},
  year={2022}
}

@misc{yao2020causal,
  doi = {10.48550/ARXIV.2002.02770},
  url = {https://arxiv.org/abs/2002.02770},
  author = {Yao, Liuyi and Chu, Zhixuan and Li, Sheng and Li, Yaliang and Gao, Jing and Zhang, Aidong},
  keywords = {Methodology (stat.ME), Artificial Intelligence (cs.AI), Machine Learning (cs.LG), Machine Learning (stat.ML), FOS: Computer and information sciences, FOS: Computer and information sciences},
  title = {A Survey on Causal Inference},
  publisher = {arXiv},
  year = {2020},
  copyright = {arXiv.org perpetual, non-exclusive license}
}

@inproceedings{lin2021generative,
  title={Generative causal explanations for graph neural networks},
  author={Lin, Wanyu and Lan, Hao and Li, Baochun},
  booktitle={International Conference on Machine Learning},
  pages={6666--6679},
  year={2021},
  organization={PMLR}
}

@article{CHEN2021352,
title = {Rumor knowledge embedding based data augmentation for imbalanced rumor detection},
journal = {Information Sciences},
volume = {580},
pages = {352-370},
year = {2021},
issn = {0020-0255},
doi = {https://doi.org/10.1016/j.ins.2021.08.059},
url = {https://www.sciencedirect.com/science/article/pii/S0020025521008677},
author = {Xiangyan Chen and Duoduo Zhu and Dazhen Lin and Donglin Cao},
keywords = {Rumor detection, Rumor data augmentation, Knowledge graph},
}

@article{tang2022positive,
  title={Positive-Unlabeled Learning with Adversarial Data Augmentation for Knowledge Graph Completion},
  author={Tang, Zhenwei and Pei, Shichao and Zhang, Zhao and Zhu, Yongchun and Zhuang, Fuzhen and Hoehndorf, Robert and Zhang, Xiangliang},
  journal={arXiv preprint arXiv:2205.00904},
  year={2022}
}

@inproceedings{zhao2022learning,
  title={Learning from counterfactual links for link prediction},
  author={Zhao, Tong and Liu, Gang and Wang, Daheng and Yu, Wenhao and Jiang, Meng},
  booktitle={International Conference on Machine Learning},
  pages={26911--26926},
  year={2022},
  organization={PMLR}
}

@inproceedings{ma2022learning,
  title={Learning Causal Effects on Hypergraphs},
  author={Ma, Jing and Wan, Mengting and Yang, Longqi and Li, Jundong and Hecht, Brent and Teevan, Jaime},
  booktitle={Proceedings of the 28th ACM SIGKDD Conference on Knowledge Discovery and Data Mining},
  pages={1202--1212},
  year={2022}
}



@article{dgl,
    title={Deep Graph Library: A Graph-Centric, Highly-Performant Package for Graph Neural Networks},
    author={Minjie Wang and Da Zheng and Zihao Ye and Quan Gan and Mufei Li and Xiang Song and Jinjing Zhou and Chao Ma and Lingfan Yu and Yu Gai and Tianjun Xiao and Tong He and George Karypis and Jinyang Li and Zheng Zhang},
    year={2019},
}

@inproceedings{toutanova2015observed,
  title={Observed versus latent features for knowledge base and text inference},
  author={Toutanova, Kristina and Chen, Danqi},
  booktitle={Proceedings of the 3rd workshop on continuous vector space models and their compositionality},
  pages={57--66},
  year={2015}
}

@article{mansour2009domain,
  title={Domain adaptation: Learning bounds and algorithms},
  author={Mansour, Yishay and Mohri, Mehryar and Rostamizadeh, Afshin},
  journal={arXiv preprint arXiv:0902.3430},
  year={2009}
}

@inproceedings{assaad2021counterfactual,
  title={Counterfactual representation learning with balancing weights},
  author={Assaad, Serge and Zeng, Shuxi and Tao, Chenyang and Datta, Shounak and Mehta, Nikhil and Henao, Ricardo and Li, Fan and Duke, Lawrence Carin},
  booktitle={International Conference on Artificial Intelligence and Statistics},
  pages={1972--1980},
  year={2021},
  organization={PMLR}
}

@inproceedings{galarraga2013amie,
  title={AMIE: association rule mining under incomplete evidence in ontological knowledge bases},
  author={Gal{\'a}rraga, Luis Antonio and Teflioudi, Christina and Hose, Katja and Suchanek, Fabian},
  booktitle={Proceedings of the 22nd international conference on World Wide Web},
  pages={413--422},
  year={2013}
}


@inproceedings{gardner2015efficient,
  title={Efficient and expressive knowledge base completion using subgraph feature extraction},
  author={Gardner, Matt and Mitchell, Tom},
  booktitle={Proceedings of the 2015 Conference on Empirical Methods in Natural Language Processing},
  pages={1488--1498},
  year={2015}
}

@inproceedings{alaa2019validating,
  title={Validating causal inference models via influence functions},
  author={Alaa, Ahmed and Van Der Schaar, Mihaela},
  booktitle={International Conference on Machine Learning},
  pages={191--201},
  year={2019},
  organization={}
}

@article{cai2021line,
  title={Line graph neural networks for link prediction},
  author={Cai, Lei and Li, Jundong and Wang, Jie and Ji, Shuiwang},
  journal={IEEE Transactions on Pattern Analysis and Machine Intelligence},
  year={2021},
  publisher={IEEE}
}

@article{ding2022data,
  title={Data augmentation for deep graph learning: A survey},
  author={Ding, Kaize and Xu, Zhe and Tong, Hanghang and Liu, Huan},
  journal={arXiv preprint arXiv:2202.08235},
  year={2022}
}

@inproceedings{zhu2021graph,
  title={Graph contrastive learning with adaptive augmentation},
  author={Zhu, Yanqiao and Xu, Yichen and Yu, Feng and Liu, Qiang and Wu, Shu and Wang, Liang},
  booktitle={Proceedings of the Web Conference 2021},
  pages={2069--2080},
  year={2021}
}

@article{blondel2008fast,
  title={Fast unfolding of communities in large networks},
  author={Blondel, Vincent D and Guillaume, Jean-Loup and Lambiotte, Renaud and Lefebvre, Etienne},
  journal={Journal of statistical mechanics: theory and experiment},
  volume={2008},
  number={10},
  pages={P10008},
  year={2008},
  publisher={IOP Publishing}
}

@article{ng2001spectral,
  title={On spectral clustering: Analysis and an algorithm},
  author={Ng, Andrew and Jordan, Michael and Weiss, Yair},
  journal={Advances in neural information processing systems},
  volume={14},
  pages={849--856},
  year={2001}
}



@article{malliaros2020core,
  title={The core decomposition of networks: Theory, algorithms and applications},
  author={Malliaros, Fragkiskos D and Giatsidis, Christos and Papadopoulos, Apostolos N and Vazirgiannis, Michalis},
  journal={The VLDB Journal},
  volume={29},
  number={1},
  pages={61--92},
  year={2020},
  publisher={Springer}
}

@inproceedings{zhao2022learning,
  title={Learning from counterfactual links for link prediction},
  author={Zhao, Tong and Liu, Gang and Wang, Daheng and Yu, Wenhao and Jiang, Meng},
  booktitle={International Conference on Machine Learning},
  pages={26911--26926},
  year={2022},
  organization={PMLR}
}

@article{rubin2005causal,
  title={Causal inference using potential outcomes: Design, modeling, decisions},
  author={Rubin, Donald B},
  journal={Journal of the American Statistical Association},
  volume={100},
  number={469},
  pages={322--331},
  year={2005},
  publisher={}
}

@article{rubin1974estimating,
  title={Estimating causal effects of treatments in randomized and nonrandomized studies.},
  author={Rubin, Donald B},
  journal={Journal of educational Psychology},
  volume={66},
  number={5},
  pages={688},
  year={1974},
  publisher={American Psychological Association}
}

@inproceedings{johansson2016learning,
  title={Learning representations for counterfactual inference},
  author={Johansson, Fredrik and Shalit, Uri and Sontag, David},
  booktitle={International conference on machine learning},
  pages={3020--3029},
  year={2016},
  organization={}
}

@inproceedings{weiss2015machine,
  title={Machine learning for treatment assignment: Improving individualized risk attribution},
  author={Weiss, Jeremy and Kuusisto, Finn and Boyd, Kendrick and Liu, Jie and Page, David},
  booktitle={AMIA Annual Symposium Proceedings},
  volume={2015},
  pages={1306},
  year={2015},
  organization={American Medical Informatics Association}
}

@article{van2007causal,
  title={Causal effect models for realistic individualized treatment and intention to treat rules},
  author={Van der Laan, Mark J and Petersen, Maya L},
  journal={The international journal of biostatistics},
  volume={3},
  number={1},
  year={2007},
  publisher={De Gruyter}
}

@book{morgan2015counterfactuals,
  title={Counterfactuals and causal inference},
  author={Morgan, Stephen L and Winship, Christopher},
  year={2015},
  publisher={Cambridge University Press}
}


@article{ji2021survey,
  title={A survey on knowledge graphs: Representation, acquisition, and applications},
  author={Ji, Shaoxiong and Pan, Shirui and Cambria, Erik and Marttinen, Pekka and Philip, S Yu},
  journal={IEEE Transactions on Neural Networks and Learning Systems},
  volume={33},
  number={2},
  pages={494--514},
  year={2021},
  publisher={IEEE}
}

@article{corso2020principal,
  title={Principal neighbourhood aggregation for graph nets},
  author={Corso, Gabriele and Cavalleri, Luca and Beaini, Dominique and Li{\`o}, Pietro and Veli{\v{c}}kovi{\'c}, Petar},
  journal={Advances in Neural Information Processing Systems},
  volume={33},
  pages={13260--13271},
  year={2020}
}


@inproceedings{shang2019end,
  title={End-to-end structure-aware convolutional networks for knowledge base completion},
  author={Shang, Chao and Tang, Yun and Huang, Jing and Bi, Jinbo and He, Xiaodong and Zhou, Bowen},
  booktitle={Proceedings of the AAAI Conference on Artificial Intelligence},
  volume={33},
  number={01},
  pages={3060--3067},
  year={2019}
}

@inproceedings{vashishth2019composition,
  title={Composition-based Multi-Relational Graph Convolutional Networks},
  author={Vashishth, Shikhar and Sanyal, Soumya and Nitin, Vikram and Talukdar, Partha},
  booktitle={International Conference on Learning Representations},
  year={2019}
}

@inproceedings{dettmers2018convolutional,
  title={Convolutional 2d knowledge graph embeddings},
  author={Dettmers, Tim and Minervini, Pasquale and Stenetorp, Pontus and Riedel, Sebastian},
  booktitle={Proceedings of the AAAI conference on artificial intelligence},
  volume={32},
  number={1},
  year={2018}
}

@inproceedings{balavzevic2019tucker,
  title={TuckER: Tensor Factorization for Knowledge Graph Completion},
  author={Bala{\v{z}}evi{\'c}, Ivana and Allen, Carl and Hospedales, Timothy},
  booktitle={Proceedings of the 2019 Conference on Empirical Methods in Natural Language Processing and the 9th International Joint Conference on Natural Language Processing (EMNLP-IJCNLP)},
  pages={5185--5194},
  year={2019}
}

@article{zhu2021neural,
  title={Neural bellman-ford networks: A general graph neural network framework for link prediction},
  author={Zhu, Zhaocheng and Zhang, Zuobai and Xhonneux, Louis-Pascal and Tang, Jian},
  journal={Advances in Neural Information Processing Systems},
  volume={34},
  year={2021}
}

@article{lao2010relational,
  title={Relational retrieval using a combination of path-constrained random walks},
  author={Lao, Ni and Cohen, William W},
  journal={Machine learning},
  volume={81},
  number={1},
  pages={53--67},
  year={2010},
  publisher={Springer}
}

@inproceedings{yang2017differentiable,
  title={Differentiable learning of logical rules for knowledge base reasoning},
  author={Yang, Fan and Yang, Zhilin and Cohen, William W},
  booktitle={Advances in Neural Information Processing Systems},
  pages={2316--2325},
  year={2017}
}

@inproceedings{sadeghian2019drum,
  title={DRUM: End-To-End Differentiable Rule Mining On Knowledge Graphs},
  author={Sadeghian, Ali and Armandpour, Mohammadreza and Ding, Patrick and Wang, Daisy Zhe},
  journal={Advances in Neural Information Processing Systems},
  volume={32},
  pages={15347--15357},
  year={2019}
}


@inproceedings{bordes2013translating,
  title={Translating embeddings for modeling multi-relational data},
  author={Bordes, Antoine and Usunier, Nicolas and Garcia-Duran, Alberto and Weston, Jason and Yakhnenko, Oksana},
  booktitle={Advances in Neural Information Processing Systems},
  pages={1--9},
  year={2013}
}

@inproceedings{yang2015embedding,
  title={Embedding entities and relations for learning and inference in knowledge bases},
  author={Yang, Bishan and Yih, Wen-tau and He, Xiaodong and Gao, Jianfeng and Deng, Li},
  booktitle={International Conference on Learning Representations},
  year={2015}
}

@inproceedings{trouillon2016complex,
  title={Complex embeddings for simple link prediction},
  author={Trouillon, Th{\'e}o and Welbl, Johannes and Riedel, Sebastian and Gaussier, {\'E}ric and Bouchard, Guillaume},
  booktitle={International Conference on Machine Learning},
  pages={2071--2080},
  year={2016},
  organization={PMLR}
}

@inproceedings{sun2019rotate,
  title={RotatE: Knowledge Graph Embedding by Relational Rotation in Complex Space},
  author={Sun, Zhiqing and Deng, Zhi-Hong and Nie, Jian-Yun and Tang, Jian},
  booktitle={International Conference on Learning Representations},
  year={2019}
}

@inproceedings{zhang2020learning,
  title={Learning hierarchy-aware knowledge graph embeddings for link prediction},
  author={Zhang, Zhanqiu and Cai, Jianyu and Zhang, Yongdong and Wang, Jie},
  booktitle={Proceedings of the AAAI Conference on Artificial Intelligence},
  volume={34},
  number={03},
  pages={3065--3072},
  year={2020}
}

@inproceedings{amin2020lowfer,
  title={LowFER: Low-rank bilinear pooling for link prediction},
  author={Amin, Saadullah and Varanasi, Stalin and Dunfield, Katherine Ann and Neumann, G{\"u}nter},
  booktitle={International Conference on Machine Learning},
  pages={257--268},
  year={2020},
  organization={PMLR}
}

@inproceedings{schlichtkrull2018modeling,
  title={Modeling relational data with graph convolutional networks},
  author={Schlichtkrull, Michael and Kipf, Thomas N and Bloem, Peter and Van Den Berg, Rianne and Titov, Ivan and Welling, Max},
  booktitle={European semantic web conference},
  pages={593--607},
  year={2018},
  organization={Springer}
}

@inproceedings{teru2020inductive,
  title={Inductive relation prediction by subgraph reasoning},
  author={Teru, Komal and Denis, Etienne and Hamilton, Will},
  booktitle={International Conference on Machine Learning},
  pages={9448--9457},
  year={2020},
  organization={PMLR}
}




@article{chang2021not,
  title={Not All Low-Pass Filters are Robust in Graph Convolutional Networks},
  author={Chang, Heng and Rong, Yu and Xu, Tingyang and Bian, Yatao and Zhou, Shiji and Wang, Xin and Huang, Junzhou and Zhu, Wenwu},
  journal={Advances in Neural Information Processing Systems (NeurIPS)},
  volume={34},
  year={2021}
}

@article{chang2022adversarial,
  title={Adversarial Attack Framework on Graph Embedding Models with Limited Knowledge},
  author={Chang, Heng and Rong, Yu and Xu, Tingyang and Huang, Wenbing and Zhang, Honglei and Cui, Peng and Wang, Xin and Zhu, Wenwu and Huang, Junzhou},
  journal={IEEE Transactions on Knowledge and Data Engineering (TKDE)},
  year={2022},
  publisher={IEEE}
}

@inproceedings{biggio2012poisoning,
  title={Poisoning attacks against support vector machines},
  author={Biggio, Battista and Nelson, Blaine and Laskov, Pavel},
  booktitle={Proceedings of the 29th International Coference on International Conference on Machine Learning (ICML)},
  pages={1467--1474},
  year={2012}
}

@inproceedings{ramanath2018towards,
  title={Towards deep and representation learning for talent search at linkedin},
  author={Ramanath, Rohan and Inan, Hakan and Polatkan, Gungor and Hu, Bo and Guo, Qi and Ozcaglar, Cagri and Wu, Xianren and Kenthapadi, Krishnaram and Geyik, Sahin Cem},
  booktitle={Proceedings of the 27th ACM International Conference on Information and Knowledge Management (CIKM)},
  pages={2253--2261},
  year={2018}
}

@article{fout2017protein,
  title={Protein interface prediction using graph convolutional networks},
  author={Fout, Alex and Byrd, Jonathon and Shariat, Basir and Ben-Hur, Asa},
  journal={Advances in Neural Information Processing Systems (NeurIPS)},
  volume={30},
  year={2017}
}

@inproceedings{gilmer2017neural,
  title={Neural message passing for quantum chemistry},
  author={Gilmer, Justin and Schoenholz, Samuel S and Riley, Patrick F and Vinyals, Oriol and Dahl, George E},
  booktitle={Proceedings of ICML},
  pages={1263--1272},
  year={2017},
  organization={PMLR}
}

@inproceedings{yang2016revisiting,
  title={Revisiting semi-supervised learning with graph embeddings},
  author={Yang, Zhilin and Cohen, William and Salakhudinov, Ruslan},
  booktitle={Proceedings of ICML},
  pages={40--48},
  year={2016},
  organization={PMLR}
}

@inproceedings{yang2015network,
  title={Network representation learning with rich text information},
  author={Yang, Cheng and Liu, Zhiyuan and Zhao, Deli and Sun, Maosong and Chang, Edward},
  booktitle={Twenty-Fourth International Joint Conference on Artificial Intelligence (IJCAI)},
  year={2015}
}

@article{gaudelet2021utilizing,
  title={Utilizing graph machine learning within drug discovery and development},
  author={Gaudelet, Thomas and Day, Ben and Jamasb, Arian R and Soman, Jyothish and Regep, Cristian and Liu, Gertrude and Hayter, Jeremy BR and Vickers, Richard and Roberts, Charles and Tang, Jian and others},
  journal={Briefings in bioinformatics},
  volume={22},
  number={6},
  pages={bbab159},
  year={2021},
  publisher={Oxford University Press}
}

@article{koren2009matrix,
  title={Matrix factorization techniques for recommender systems},
  author={Koren, Yehuda and Bell, Robert and Volinsky, Chris},
  journal={Computer},
  volume={42},
  number={8},
  pages={30--37},
  year={2009},
  publisher={IEEE}
}

@inproceedings{zhang2018link,
  title={Link prediction based on graph neural networks},
  author={Zhang, Muhan and Chen, Yixin},
  booktitle={Proceedings of the 32nd International Conference on Neural Information Processing Systems (NeurIPS)},
  pages={5171--5181},
  year={2018}
}

@article{lecun2015deep,
  title={Deep learning},
  author={LeCun, Yann and Bengio, Yoshua and Hinton, Geoffrey},
  journal={Nature},
  volume={521},
  number={7553},
  pages={436--444},
  year={2015},
  publisher={Nature Publishing Group}
}

@article{hu2020ogb,
  title={Open graph benchmark: Datasets for machine learning on graphs},
  author={Hu, Weihua and Fey, Matthias and Zitnik, Marinka and Dong, Yuxiao and Ren, Hongyu and Liu, Bowen and Catasta, Michele and Leskovec, Jure},
  journal={Advances in Neural Information Processing Systems (NeurIPS)},
  volume={33},
  pages={22118--22133},
  year={2020}
}

@article{zhu2020beyond,
  title={Beyond Homophily in Graph Neural Networks: Current Limitations and Effective Designs},
  author={Zhu, Jiong and Yan, Yujun and Zhao, Lingxiao and Heimann, Mark and Akoglu, Leman and Koutra, Danai},
  journal={Advances in Neural Information Processing Systems (NeurIPS)},
  volume={33},
  year={2020}
}


@inproceedings{goodfellow2014explaining,
  title={Explaining and harnessing adversarial examples},
  author={Goodfellow, Ian J and Shlens, Jonathon and Szegedy, Christian},
  booktitle={Proceedings of ICLR},
  year={2015}
}


@inproceedings{pei2020geom,
  title={Geom-GCN: Geometric Graph Convolutional Networks},
  author={Pei, Hongbin and Wei, Bingzhe and Chang, Kevin Chen-Chuan and Lei, Yu and Yang, Bo},
  booktitle={Proceedings of ICLR},
  year={2019}
}

@inproceedings{zheng2021framelets,
  title={How Framelets Enhance Graph Neural Networks},
  author={Zheng, Xuebin and Zhou, Bingxin and Gao, Junbin and Wang, Yuguang and Li{\'o}, Pietro and Li, Ming and Montufar, Guido},
  booktitle={Proceedings of ICML},
  pages={12761--12771},
  year={2021},
  organization={PMLR}
}

@article{li2020fast,
  title={Fast Haar transforms for graph neural networks},
  author={Li, Ming and Ma, Zheng and Wang, Yu Guang and Zhuang, Xiaosheng},
  journal={Neural Networks},
  volume={128},
  pages={188--198},
  year={2020},
  publisher={Elsevier}
}


@article{li2020deeprobust,
  title={Deeprobust: A pytorch library for adversarial attacks and defenses},
  author={Li, Yaxin and Jin, Wei and Xu, Han and Tang, Jiliang},
  journal={arXiv preprint arXiv:2005.06149},
  year={2020}
}

@book{lanczos1950iteration,
  title={An iteration method for the solution of the eigenvalue problem of linear differential and integral operators},
  author={Lanczos, Cornelius},
  year={1950},
  publisher={United States Governm. Press Office Los Angeles, CA}
}

@article{wu2019comprehensive,
  title={A comprehensive survey on graph neural networks},
  author={Wu, Zonghan and Pan, Shirui and Chen, Fengwen and Long, Guodong and Zhang, Chengqi and Philip, S Yu},
  journal={IEEE Transactions on Neural Networks and Learning Systems (TNNLS)},
  year={2020},
  publisher={IEEE}
}

@inproceedings{verma2019graphmix,
  title={GraphMix: Improved Training of GNNs for Semi-Supervised Learning},
  author={Verma, Vikas and Qu, Meng and Kawaguchi, Kenji and Lamb, Alex and Bengio, Yoshua and Kannala, Juho and Tang, Jian},
  booktitle={Proceedings of the AAAI conference on Artificial Intelligence (AAAI)},
  volume={35},
  number={11},
  pages={10024--10032},
  year={2021}
}

@inproceedings{blum1998combining,
  title={Combining labeled and unlabeled data with co-training},
  author={Blum, Avrim and Mitchell, Tom},
  booktitle={Proceedings of the eleventh annual conference on Computational learning theory},
  pages={92--100},
  year={1998}
}


@inproceedings{bojchevski2019adversarial,
  title =      {Adversarial Attacks on Node Embeddings via Graph Poisoning},
  author =      {Aleksandar Bojchevski and Stephan G{\"{u}}nnemann},
  booktitle ={Proceedings of the 36th International Conference on Machine Learning, {ICML}},
  year =      {2019},
  series =      {Proceedings of Machine Learning Research},
  publisher =      {PMLR},
}

@inproceedings{oono2020graph,
title={Graph Neural Networks Exponentially Lose Expressive Power for Node Classification},
author={Kenta Oono and Taiji Suzuki},
booktitle={Proceedings of ICLR},
year={2020},
organization={PMLR}
}

@article{gama2020stability,
  title={Stability properties of graph neural networks},
  author={Gama, Fernando and Bruna, Joan and Ribeiro, Alejandro},
  journal={IEEE Transactions on Signal Processing},
  volume={68},
  pages={5680--5695},
  year={2020},
  publisher={IEEE}
}


@inproceedings{chen2020gcnii,
  title={Simple and deep graph convolutional networks},
  author={Chen, Ming and Wei, Zhewei and Huang, Zengfeng and Ding, Bolin and Li, Yaliang},
  booktitle={Proceedings of ICML},
  pages={1725--1735},
  year={2020},
  organization={PMLR}
}

@inproceedings{gao2019graphunets,
    title={Graph U-Nets},
    author={Gao, Hongyang and Ji, Shuiwang},
    booktitle={Proceedings of ICML},
    pages={2083--2092},
    year={2019},
    organization={PMLR}
}

@book{horn2012matrix,
  title={Matrix analysis},
  author={Horn, Roger A and Johnson, Charles R},
  year={2012},
  publisher={Cambridge university press}
}


@inproceedings{wang2020provably,
  title={Provably Robust Node Classification via Low-Pass Message Passing},
  author={Wang, Yiwei and Liu, Shenghua and Yoon, Minji and Lamba, Hemank and Wang, Wei and Faloutsos, Christos and Hooi, Bryan},
  booktitle={2020 IEEE International Conference on Data Mining (ICDM)},
  pages={621--630},
  year={2020},
  organization={IEEE}
}


@inproceedings{jin2020graph,
  title={Graph structure learning for robust graph neural networks},
  author={Jin, Wei and Ma, Yao and Liu, Xiaorui and Tang, Xianfeng and Wang, Suhang and Tang, Jiliang},
  booktitle={Proceedings of the 26th ACM SIGKDD International Conference on Knowledge Discovery \& Data Mining (KDD)},
  pages={66--74},
  year={2020}
}

@inproceedings{tang2020transferring,
  title={Transferring robustness for graph neural network against poisoning attacks},
  author={Tang, Xianfeng and Li, Yandong and Sun, Yiwei and Yao, Huaxiu and Mitra, Prasenjit and Wang, Suhang},
  booktitle={Proceedings of the 13th International Conference on Web Search and Data Mining (WSDM)},
  pages={600--608},
  year={2020}
}

@article{xu2020adversarial,
  title={Adversarial attacks and defenses in images, graphs and text: A review},
  author={Xu, Han and Ma, Yao and Liu, Hao-Chen and Deb, Debayan and Liu, Hui and Tang, Ji-Liang and Jain, Anil K},
  journal={International Journal of Automation and Computing (IJAC)},
  volume={17},
  number={2},
  pages={151--178},
  year={2020},
  publisher={Springer}
}


@article{xu2020not,
  title={Not All Samples are Trustworthy: Towards Deep Robust SVP Prediction},
  author={Xu, Qianqian and Yang, Zhiyong and Jiang, Yangbangyan and Cao, Xiaochun and Yao, Yuan and Huang, Qingming},
  journal={IEEE Transactions on Pattern Analysis and Machine Intelligence (TPAMI)},
  year={2020},
  publisher={IEEE}
}

@article{levie2019transferability,
  title={Transferability of spectral graph convolutional neural networks},
  author={Levie, Ron and Huang, Wei and Bucci, Lorenzo and Bronstein, Michael and Kutyniok, Gitta},
  journal={Journal of Machine Learning Research (JMLR)},
  volume={22},
  number={272},
  pages={1--59},
  year={2021}
}

@article{jin2020adversarial,
  title={Adversarial attacks and defenses on graphs},
  author={Jin, Wei and Li, Yaxing and Xu, Han and Wang, Yiqi and Ji, Shuiwang and Aggarwal, Charu and Tang, Jiliang},
  journal={ACM SIGKDD Explorations Newsletter},
  volume={22},
  number={2},
  pages={19--34},
  year={2021},
  publisher={ACM New York, NY, USA}
}

@inproceedings{qin2021gqnas,
  title={Gqnas: Graph q network for neural architecture search},
  author={Qin, Yijian and Wang, Xin and Cui, Peng and Zhu, Wenwu},
  booktitle={2021 IEEE International Conference on Data Mining (ICDM)},
  pages={1288--1293},
  year={2021},
  organization={IEEE}
}

@inproceedings{pgso_iclr21,
title={Learning Parametrised Graph Shift Operators},
author={George Dasoulas and Johannes F. Lutzeyer and Michalis Vazirgiannis},
booktitle={Proceedings of ICLR},
year={2021}
}

@article{li2021intention,
  title={Intention-aware Sequential Recommendation with Structured Intent Transition},
  author={Li, Haoyang and Wang, Xin and Zhang, Ziwei and Ma, Jianxin and Cui, Peng and Zhu, Wenwu},
  journal={IEEE Transactions on Knowledge and Data Engineering (TKDE)},
  year={2021},
  publisher={IEEE}
}

@inproceedings{rong2020selfsupervised,
 author = {Rong, Yu and Bian, Yatao and Xu, Tingyang and Xie, Weiyang and WEI, Ying and Huang, Wenbing and Huang, Junzhou},
 booktitle = {Advances in Neural Information Processing Systems (NeurIPS)},
 pages = {12559--12571},
 publisher = {Curran Associates, Inc.},
 title = {Self-Supervised Graph Transformer on Large-Scale Molecular Data},
 volume = {33},
 year = {2020}
}


@inproceedings{li2019fates,
  title={Fates of Microscopic Social Ecosystems: Keep Alive or Dead?},
  author={Li, Haoyang and Cui, Peng and Zang, Chengxi and Zhang, Tianyang and Zhu, Wenwu and Lin, Yishi},
  booktitle={Proceedings of the 25th ACM SIGKDD International Conference on Knowledge Discovery \& Data Mining (KDD)},
  pages={668--676},
  year={2019}
}

@article{tramer2017space,
  title={The Space of Transferable Adversarial Examples},
  author={Tram{\`e}r, Florian and Papernot, Nicolas and Goodfellow, Ian and Boneh, Dan and McDaniel, Patrick},
  journal={stat},
  volume={1050},
  pages={23},
  year={2017}
}

@inproceedings{xu2019graph,
  title={Graph convolutional networks using heat kernel for semi-supervised learning},
  author={Xu, Bingbing and Shen, Huawei and Cao, Qi and Cen, Keting and Cheng, Xueqi},
  booktitle={Proceedings of the 28th International Joint Conference on Artificial Intelligence (IJCAI)},
  pages={1928--1934},
  year={2019}
}

@inproceedings{raju2020graph,
  title={Graph attention multi-instance learning for accurate colorectal cancer staging},
  author={Raju, Ashwin and Yao, Jiawen and Haq, Mohammad MinHazul and Jonnagaddala, Jitendra and Huang, Junzhou},
  booktitle={International Conference on Medical Image Computing and Computer-Assisted Intervention (MICCAI)},
  pages={529--539},
  year={2020},
  organization={Springer}
}

@inproceedings{wang2019graph,
  title={Graph convolutional nets for tool presence detection in surgical videos},
  author={Wang, Sheng and Xu, Zheng and Yan, Chaochao and Huang, Junzhou},
  booktitle={International Conference on Information Processing in Medical Imaging (IPMI)},
  pages={467--478},
  year={2019},
  organization={Springer}
}

@inproceedings{ma2019detect,
  title={Detect rumors on twitter by promoting information campaigns with generative adversarial learning},
  author={Ma, Jing and Gao, Wei and Wong, Kam-Fai},
  booktitle={Proceedings of The Web Conference},
  pages={3049--3055},
  year={2019}
}

@inproceedings{peng2020graph,
  title={Graph Representation Learning via Graphical Mutual Information Maximization},
  author={Peng, Zhen and Huang, Wenbing and Luo, Minnan and Zheng, Qinghua and Rong, Yu and Xu, Tingyang and Huang, Junzhou},
  booktitle={Proceedings of The Web Conference 2020},
  pages={259--270},
  year={2020}
}

@inproceedings{guan2021autogl,
  title={AutoGL: A Library for Automated Graph Learning},
  author={Guan, Chaoyu and Zhang, Ziwei and Li, Haoyang and Chang, Heng and Zhang, Zeyang and Qin, Yijian and Jiang, Jiyan and Wang, Xin and Zhu, Wenwu},
  booktitle={ICLR 2021 Workshop on Geometrical and Topological Representation Learning},
  year={2021}
}

@inproceedings{chang2020restricted,
  title={A restricted black-box adversarial framework towards attacking graph embedding models},
  author={Chang, Heng and Rong, Yu and Xu, Tingyang and Huang, Wenbing and Zhang, Honglei and Cui, Peng and Zhu, Wenwu and Huang, Junzhou},
  booktitle={Proceedings of the AAAI conference on Artificial Intelligence (AAAI)},
  volume={34},
  number={04},
  pages={3389--3396},
  year={2020}
}

@article{gu2020implicit,
  title={Implicit graph neural networks},
  author={Gu, Fangda and Chang, Heng and Zhu, Wenwu and Sojoudi, Somayeh and El Ghaoui, Laurent},
  journal={Advances in Neural Information Processing Systems (NeurIPS)},
  volume={33},
  pages={11984--11995},
  year={2020}
}

@article{elinas2020variational,
  title={Variational Inference for Graph Convolutional Networks in the Absence of Graph Data and Adversarial Settings},
  author={Elinas, Pantelis and Bonilla, Edwin V and Tiao, Louis},
  journal={Advances in Neural Information Processing Systems (NeurIPS)},
  volume={33},
  year={2020}
}

@article{zhang2020gnnguard,
  title={Gnnguard: Defending graph neural networks against adversarial attacks},
  author={Zhang, Xiang and Zitnik, Marinka},
  journal={Advances in Neural Information Processing Systems (NeurIPS)},
  volume={33},
  year={2020}
}

@article{geisler2020reliable,
  title={Reliable Graph Neural Networks via Robust Aggregation},
  author={Geisler, Simon and Z{\"u}gner, Daniel and G{\"u}nnemann, Stephan},
  journal={Advances in Neural Information Processing Systems (NeurIPS)},
  volume={33},
  year={2020}
}

@article{wu2020graph,
  title={Graph Information Bottleneck},
  author={Wu, Tailin and Ren, Hongyu and Li, Pan and Leskovec, Jure},
  journal={Advances in Neural Information Processing Systems (NeurIPS)},
  volume={33},
  year={2020}
}

@inproceedings{vidanage2020graph,
  title={A Graph Matching Attack on Privacy-Preserving Record Linkage},
  author={Vidanage, Anushka and Christen, Peter and Ranbaduge, Thilina and Schnell, Rainer},
  booktitle={Proceedings of the 29th ACM International Conference on Information \& Knowledge Management (CIKM)},
  pages={1485--1494},
  year={2020}
}

@article{zhang2020adversarial,
  title={Adversarial Attacks on Deep Graph Matching},
  author={Zhang, Zijie and Zhang, Zeru and Zhou, Yang and Shen, Yelong and Jin, Ruoming and Dou, Dejing},
  journal={Advances in Neural Information Processing Systems (NeurIPS)},
  volume={33},
  year={2020}
}

@article{ma2020towards,
  title={Towards More Practical Adversarial Attacks on Graph Neural Networks},
  author={Ma, Jiaqi and Ding, Shuangrui and Mei, Qiaozhu},
  journal={Advances in Neural Information Processing Systems (NeurIPS)},
  volume={33},
  year={2020}
}


@inproceedings{ribeiro2017struc2vec,
  title={struc2vec: Learning node representations from structural identity},
  author={Ribeiro, Leonardo FR and Saverese, Pedro HP and Figueiredo, Daniel R},
  booktitle={Proceedings of the 23rd ACM SIGKDD International Conference on Knowledge Discovery and Data Mining (KDD)},
  pages={385--394},
  year={2017}
}

@inproceedings{li2019semi,
  title={Semi-Supervised Graph Classification: A Hierarchical Graph Perspective},
  author={Li, Jia and Rong, Yu and Cheng, Hong and Meng, Helen and Huang, Wenbing and Huang, Junzhou},
  booktitle={Proceedings of The Web Conference},
  pages={972--982},
  year={2019},
  organization={ACM}
}


@inproceedings{bian2020rumor,
  title={Rumor Detection on Social Media with Bi-Directional Graph Convolutional Networks},
  author={Bian, Tian and Xiao, Xi and Xu, Tingyang and Zhao, Peilin and Huang, Wenbing and Rong, Yu and Huang, Junzhou},
  booktitle={Proceedings of the AAAI conference on Artificial Intelligence (AAAI)},
  year={2020}
}

@inproceedings{grover2016node2vec,
  title={node2vec: Scalable feature learning for networks},
  author={Grover, Aditya and Leskovec, Jure},
  booktitle={Proceedings of the 22nd ACM SIGKDD International Conference on Knowledge Discovery and Data Mining (KDD)},
  pages={855--864},
  year={2016}
}

@article{zhang2020deep,
  title={Deep learning on graphs: A survey},
  author={Zhang, Ziwei and Cui, Peng and Zhu, Wenwu},
  journal={IEEE Transactions on Knowledge and Data Engineering (TKDE)},
  year={2020},
  publisher={IEEE}
}


@article{goyal2018graph,
  title={Graph embedding techniques, applications, and performance: A survey},
  author={Goyal, Palash and Ferrara, Emilio},
  journal={Knowledge-Based Systems},
  volume={151},
  pages={78--94},
  year={2018},
  publisher={Elsevier}
}

@inproceedings{wu2019adversarial,
  title={Adversarial examples for graph data: deep insights into attack and defense},
  author={Wu, Huijun and Wang, Chen and Tyshetskiy, Yuriy and Docherty, Andrew and Lu, Kai and Zhu, Liming},
  booktitle={Proceedings of the 28th International Joint Conference on Artificial Intelligence (IJCAI)},
  pages={4816--4823},
  year={2019},
  organization={AAAI Press}
}

@inproceedings{xu2019topology,
  title={Topology attack and defense for graph neural networks: an optimization perspective},
  author={Xu, Kaidi and Chen, Hongge and Liu, Sijia and Chen, Pin-Yu and Weng, Tsui-Wei and Hong, Mingyi and Lin, Xue},
  booktitle={Proceedings of the 28th International Joint Conference on Artificial Intelligence (IJCAI)},
  pages={3961--3967},
  year={2019},
  organization={AAAI Press}
}


@inproceedings{entezari2020all,
  title={All You Need Is Low (Rank) Defending Against Adversarial Attacks on Graphs},
  author={Entezari, Negin and Al-Sayouri, Saba A and Darvishzadeh, Amirali and Papalexakis, Evangelos E},
  booktitle={Proceedings of the 13th International Conference on Web Search and Data Mining (WSDM)},
  pages={169--177},
  year={2020}
}

@inproceedings{li2020adversarial,
  title={Adversarial attack on community detection by hiding individuals},
  author={Li, Jia and Zhang, Honglei and Han, Zhichao and Rong, Yu and Cheng, Hong and Huang, Junzhou},
  booktitle={Proceedings of The Web Conference 2020},
  pages={917--927},
  year={2020}
}

@inproceedings{li2018adaptive,
  title={Adaptive Graph Convolutional Neural Networks},
  author={Li, Ruoyu and Wang, Sheng and Zhu, Feiyun and Huang, Junzhou},
  booktitle={Proceedings of AAAI Conference on Artificial Intelligence (AAAI)},
  year={2018}
}

@inproceedings{rong2020deep,
  title={Deep Graph Learning: Foundations, Advances and Applications},
  author={Rong, Yu and Xu, Tingyang and Huang, Junzhou and Huang, Wenbing and Cheng, Hong and Ma, Yao and Wang, Yiqi and Derr, Tyler and Wu, Lingfei and Ma, Tengfei},
  booktitle={Proceedings of the 26th ACM SIGKDD International Conference on Knowledge Discovery \& Data Mining (KDD)},
  pages={3555--3556},
  year={2020}
}

@inproceedings{sun2020non,
  title={Non-target-specific Node Injection Attacks on Graph Neural Networks: A Hierarchical Reinforcement Learning Approach},
  author={Sun, Yiwei and Wang, Suhang and Tang, Xianfeng and Hsieh, Tsung-Yu and Honavar, Vasant},
  booktitle={Proceedings of The Web Conference},
  volume={3},
  year={2020}
}


@inproceedings{chang2021spectral,
  title={Spectral graph attention network with fast eigen-approximation},
  author={Chang, Heng and Rong, Yu and Xu, Tingyang and Huang, Wenbing and Sojoudi, Somayeh and Huang, Junzhou and Zhu, Wenwu},
  booktitle={Proceedings of the 30th ACM International Conference on Information \& Knowledge Management (CIKM)},
  pages={2905--2909},
  year={2021}
}

@article{cui2018survey,
  title={A survey on network embedding},
  author={Cui, Peng and Wang, Xiao and Pei, Jian and Zhu, Wenwu},
  journal={IEEE Transactions on Knowledge and Data Engineering (TKDE)},
  volume={31},
  number={5},
  pages={833--852},
  year={2018},
  publisher={IEEE}
}


@article{rousseeuw1987silhouettes,
  title={Silhouettes: a graphical aid to the interpretation and validation of cluster analysis},
  author={Rousseeuw, Peter J},
  journal={Journal of computational and applied mathematics},
  volume={20},
  pages={53--65},
  year={1987},
  publisher={Elsevier}
}

@inproceedings{klicpera_predict_2019,
	title = {Predict then Propagate: Graph Neural Networks meet Personalized PageRank},
	author = {Klicpera, Johannes and Bojchevski, Aleksandar and G{\"u}nnemann, Stephan},
	booktitle={Proceedings of ICLR},
	year = {2019}
}

@article{HyperGraphbai2019hypergraph,
  title={Hypergraph convolution and hypergraph attention},
  author={Bai, Song and Zhang, Feihu and Torr, Philip HS},
  journal={Pattern Recognition},
  volume={110},
  pages={107637},
  year={2021},
  publisher={Elsevier}
}

@inproceedings{FeaStNetverma2018feastnet,
  title={Feastnet: Feature-steered graph convolutions for 3d shape analysis},
  author={Verma, Nitika and Boyer, Edmond and Verbeek, Jakob},
  booktitle={Proceedings of the IEEE Conference on Computer Vision and Pattern Recognition (CVPR)},
  pages={2598--2606},
  year={2018}
}

@inproceedings{GGNNli2016gated,
  title={Gated Graph Sequence Neural Networks},
  author={Li, Yujia and Zemel, Richard and Brockschmidt, Marc and Tarlow, Daniel},
  booktitle={Proceedings of ICLR},
  year={2016}
}

@inproceedings{deng2020graphzoom,
  title={GraphZoom: A Multi-level Spectral Approach for Accurate and Scalable   Graph Embedding},
  author={Chenhui Deng and Zhiqiang Zhao and Yongyu Wang and Zhiru Zhang and   Zhuo Feng},
  booktitle={Proceedings of ICLR},
  year={2020}
}

@article{ARMAbianchi2019graph,
  title={Graph Neural Networks with Convolutional ARMA Filters},
  author={Bianchi, Filippo Maria and Grattarola, Daniele and Livi, Lorenzo and Alippi, Cesare},
  journal={IEEE Transactions on Pattern Analysis and Machine Intelligence (TPAMI)},
  number={01},
  pages={1--1},
  year={2021},
  publisher={IEEE Computer Society}
}

@inproceedings{chen2019measuring,
  title={Measuring and relieving the over-smoothing problem for graph neural networks from the topological view},
  author={Chen, Deli and Lin, Yankai and Li, Wei and Li, Peng and Zhou, Jie and Sun, Xu},
  booktitle={Proceedings of the AAAI Conference on Artificial Intelligence (AAAI)},
  volume={34},
  number={04},
  pages={3438--3445},
  year={2020}
}

@article{shchur2018pitfalls,
  title={Pitfalls of graph neural network evaluation},
  author={Shchur, Oleksandr and Mumme, Maximilian and Bojchevski, Aleksandar and G{\"u}nnemann, Stephan},
  journal={arXiv preprint arXiv:1811.05868},
  year={2018}
}

@inproceedings{mcauley2015image,
  title={Image-based recommendations on styles and substitutes},
  author={McAuley, Julian and Targett, Christopher and Shi, Qinfeng and Van Den Hengel, Anton},
  booktitle={Proceedings of the 38th International ACM SIGIR Conference on Research and Development in Information Retrieval},
  pages={43--52},
  year={2015}
}


@inproceedings{jin2021power,
  title={Power up! Robust Graph Convolutional Network via Graph Powering},
  author={Jin, Ming and Chang, Heng and Zhu, Wenwu and Sojoudi, Somayeh},
  booktitle={Proceedings of the AAAI Conference on Artificial Intelligence (AAAI)},
  volume={35},
  number={9},
  pages={8004--8012},
  year={2021}
}

@incollection{NIPS2019_Break,
title = {Break the Ceiling: Stronger Multi-scale Deep Graph Convolutional Networks},
author = {Luan, Sitao and Zhao, Mingde and Chang, Xiao-Wen and Precup, Doina},
booktitle = {Advances in Neural Information Processing Systems (NeurIPS) 32},
pages = {10945--10955},
year = {2019},
publisher = {Curran Associates, Inc.}
}

@inproceedings{chen2018fastgcn,
  title={FastGCN: Fast Learning with Graph Convolutional Networks via Importance Sampling},
  author={Chen, Jie and Ma, Tengfei and Xiao, Cao},
  booktitle={Proceedings of ICLR},
  year={2018}
}

@inproceedings{zhang2019improving,
  title={Improving attention mechanism in graph neural networks via cardinality preservation},
  author={Zhang, Shuo and Xie, Lei},
  booktitle={Proceedings of the Twenty-Ninth International Conference on International Joint Conferences on Artificial Intelligence (IJCAI)},
  pages={1395--1402},
  year={2021}
}

@inproceedings{zhang2019adaptive,
  title={Adaptive structural fingerprints for graph attention networks},
  author={Zhang, Kai and Zhu, Yaokang and Wang, Jun and Zhang, Jie},
  booktitle={Proceedings of ICLR},
  year={2019}
}

@inproceedings{yang2019spagan,
  title={SPAGAN: shortest path graph attention network},
  author={Yang, Yiding and Wang, Xinchao and Song, Mingli and Yuan, Junsong and Tao, Dacheng},
  booktitle={Proceedings of the 28th International Joint Conference on Artificial Intelligence (IJCAI)},
  pages={4099--4105},
  year={2019}
}

@inproceedings{gao2019graph,
  title={Graph representation learning via hard and channel-wise attention networks},
  author={Gao, Hongyang and Ji, Shuiwang},
  booktitle={Proceedings of the 25th ACM SIGKDD International Conference on Knowledge Discovery \& Data Mining (KDD)},
  pages={741--749},
  year={2019}
}

@inproceedings{wu2019dual,
  title={Dual graph attention networks for deep latent representation of multifaceted social effects in recommender systems},
  author={Wu, Qitian and Zhang, Hengrui and Gao, Xiaofeng and He, Peng and Weng, Paul and Gao, Han and Chen, Guihai},
  booktitle={Proceedings of The Web Conference},
  pages={2091--2102},
  year={2019}
}

@inproceedings{wang2019heterogeneous,
  title={Heterogeneous graph attention network},
  author={Wang, Xiao and Ji, Houye and Shi, Chuan and Wang, Bai and Ye, Yanfang and Cui, Peng and Yu, Philip S},
  booktitle={Proceedings of The Web Conference},
  pages={2022--2032},
  year={2019}
}

@inproceedings{HighOrdermorris2019weisfeiler,
  title={Weisfeiler and leman go neural: Higher-order graph neural networks},
  author={Morris, Christopher and Ritzert, Martin and Fey, Matthias and Hamilton, William L and Lenssen, Jan Eric and Rattan, Gaurav and Grohe, Martin},
  booktitle={Proceedings of the AAAI conference on Artificial Intelligence (AAAI)},
  volume={33},
  number={01},
  pages={4602--4609},
  year={2019}
}

@inproceedings{yao2019graph,
  title={Graph convolutional networks for text classification},
  author={Yao, Liang and Mao, Chengsheng and Luo, Yuan},
  booktitle={Proceedings of the AAAI conference on Artificial Intelligence (AAAI)},
  volume={33},
  number={01},
  pages={7370--7377},
  year={2019}
}

@inproceedings{zeng2019graph,
  title={Graph convolutional networks for temporal action localization},
  author={Zeng, Runhao and Huang, Wenbing and Tan, Mingkui and Rong, Yu and Zhao, Peilin and Huang, Junzhou and Gan, Chuang},
  booktitle={Proceedings of the IEEE/CVF International Conference on Computer Vision (ICCV)},
  pages={7094--7103},
  year={2019}
}

@inproceedings{kampffmeyer2018rethinking,
  title={Rethinking knowledge graph propagation for zero-shot learning},
  author={Kampffmeyer, Michael and Chen, Yinbo and Liang, Xiaodan and Wang, Hao and Zhang, Yujia and Xing, Eric P},
  booktitle={Proceedings of the IEEE/CVF Conference on Computer Vision and Pattern Recognition (CVPR)},
  pages={11487--11496},
  year={2019}
}



@inproceedings{tu2018deep,
  title={Deep recursive network embedding with regular equivalence},
  author={Tu, Ke and Cui, Peng and Wang, Xiao and Yu, Philip S and Zhu, Wenwu},
  booktitle={Proceedings of the 24th ACM SIGKDD International Conference on Knowledge Discovery \& Data Mining (KDD)},
  pages={2357--2366},
  year={2018},
  organization={ACM}
}

@inproceedings{li2017deepcas,
  title={Deepcas: An end-to-end predictor of information cascades},
  author={Li, Cheng and Ma, Jiaqi and Guo, Xiaoxiao and Mei, Qiaozhu},
  booktitle={Proceedings of the 26th international conference on World Wide Web},
  pages={577--586},
  year={2017},
  organization={International World Wide Web Conferences Steering Committee}
}

@article{nar2019cross,
  title={Cross-Entropy Loss and Low-Rank Features Have Responsibility for Adversarial Examples},
  author={Nar, Kamil and Ocal, Orhan and Sastry, S Shankar and Ramchandran, Kannan},
  journal={arXiv preprint arXiv:1901.08360},
  year={2019}
}

@inproceedings{icml2019adversarial,
  title={Adversarial Attacks on Node Embeddings via Graph Poisoning},
  author={Bojchevski, Aleksandar and G{\"u}nnemann, Stephan},
  booktitle={Proceedings of ICML},
  pages={695--704},
  year={2019}
}

@article{sun2018adversarial,
	title="Adversarial Attack and Defense on Graph Data: A Survey.",
	author="Lichao {Sun} and Ji {Wang} and Philip S. {Yu} and Bo {Li}",
	journal="arXiv preprint arXiv:1812.10528",
	year="2018"
}

@inproceedings{sgc_icml19,
  title={Simplifying Graph Convolutional Networks},
  author={Wu, Felix and Zhang, Tianyi and Souza Jr., Amauri Holanda and Fifty, Christopher and Yu, Tao and Weinberger, Kilian Q.},
  booktitle = {Proceedings of the 36th International Conference on Machine Learning (ICML)}, 
  year={2019}
}


@article{shuman2013GSP,
  title="The emerging field of signal processing on graphs: Extending high-dimensional data analysis to networks and other irregular domains",
  author="David I {Shuman} and Sunil K. {Narang} and Pascal {Frossard} and Antonio {Ortega} and Pierre {Vandergheynst}",
  journal="IEEE Signal Processing Magazine",
  volume="30",
  number="3",
  pages="83--98",
  year="2013"
}

@article{scarselli2009GNN,
  title="The Graph Neural Network Model",
  author="Franco {Scarselli} and Marco {Gori} and Ah Chung {Tsoi} and Markus {Hagenbuchner} and Gabriele {Monfardini}",
  journal="IEEE Transactions on Neural Networks",
  volume="20",
  number="1",
  pages="61--80",
  year="2009"
}

@article{zhu2018high,
  title="High-Order Proximity Preserved Embedding for Dynamic Networks",
  author="Dingyuan {Zhu} and Peng {Cui} and Ziwei {Zhang} and Jian {Pei} and Wenwu {Zhu}",
  journal="IEEE Transactions on Knowledge and Data Engineering (TKDE)",
  volume="30",
  pages="2134--2144",
  year="2018"
}


@book{golub1996matrix,
  title={Matrix computations},
  author={Golub, Gene H and Van Loan, Charles F},
  year={2013},
  publisher={JHU press}
}

@inproceedings{ICLR2019Meta,
  title={Adversarial Attacks on Graph Neural Networks via Meta Learning},
  author={Z{\"u}gner, Daniel and G{\"u}nnemann, Stephan},
  booktitle={Proceedings of ICLR},
  year={2018}
}

@inproceedings{mikolov2013distributed,
  title={Distributed representations of words and phrases and their compositionality},
  author={Mikolov, Tomas and Sutskever, Ilya and Chen, Kai and Corrado, Greg S and Dean, Jeff},
  booktitle={Advances in Neural Information Processing Systems (NeurIPS)},
  pages={3111--3119},
  year={2013}
}

@inproceedings{huang2018adaptive,
  title={Adaptive Sampling Towards Fast Graph Representation Learning},
  author={Huang, Wenbing and Zhang, Tong and Rong, Yu and Huang, Junzhou},
  booktitle={Advances in Neural Information Processing Systems (NeurIPS)},
  pages={4563--4572},
  year={2018}
}

@inproceedings{perozzi2014deepwalk,
  title={Deepwalk: Online learning of social representations},
  author={Perozzi, Bryan and Al-Rfou, Rami and Skiena, Steven},
  booktitle={Proceedings of the 20th ACM SIGKDD International Conference on Knowledge Discovery and Data Mining (KDD)},
  pages={701--710},
  year={2014},
  organization={ACM}
}


@article{sandryhaila2013discrete,
  title={Discrete signal processing on graphs},
  author={Sandryhaila, Aliaksei and Moura, Jos{\'e} MF},
  journal={IEEE transactions on signal processing},
  volume={61},
  number={7},
  pages={1644--1656},
  year={2013},
  publisher={IEEE}
}

@article{ortega2018graph,
  title={Graph signal processing: Overview, challenges, and applications},
  author={Ortega, Antonio and Frossard, Pascal and Kova{\v{c}}evi{\'c}, Jelena and Moura, Jos{\'e} MF and Vandergheynst, Pierre},
  journal={Proceedings of the IEEE},
  volume={106},
  number={5},
  pages={808--828},
  year={2018},
  publisher={IEEE}
}

@article{papernot2016transferability,
  title="Transferability in Machine Learning: from Phenomena to Black-Box Attacks using Adversarial Samples.",
  author="Nicolas {Papernot} and Patrick D. {McDaniel} and Ian J. {Goodfellow}",
  journal="arXiv preprint arXiv:1605.07277",
  year="2016"
}


@inproceedings{paranjape2017motifs,
  title="Motifs in Temporal Networks",
  author="Ashwin {Paranjape} and Austin R. {Benson} and Jure {Leskovec}",
  booktitle="Proceedings of the Tenth ACM International Conference on Web Search and Data Mining (WSDM)",
  pages="601--610",
  year="2017"
}

@article{akoglu2015graph,
  title="Graph based anomaly detection and description: a survey",
  author="Leman {Akoglu} and Hanghang {Tong} and Danai {Koutra}",
  journal="Data Mining and Knowledge Discovery",
  volume="29",
  number="3",
  pages="626--688",
  year="2015"
}

@article{defferrard2016convolutional,
  title="Convolutional neural networks on graphs with fast localized spectral filtering",
  author="Michaël {Defferrard} and Xavier {Bresson} and Pierre {Vandergheynst}",
  journal="Advances in Neural Information Processing Systems (NeurIPS)",
  pages="3844--3852",
  year="2016"
}

@inproceedings{monti2017geometric,
  title="Geometric Deep Learning on Graphs and Manifolds Using Mixture Model CNNs",
  author="Federico {Monti} and Davide {Boscaini} and Jonathan {Masci} and Emanuele {Rodolà} and Jan {Svoboda} and Michael M. {Bronstein}",
  booktitle="2017 IEEE Conference on Computer Vision and Pattern Recognition (CVPR)",
  pages="5425--5434",
  year="2017"
}

@article{duvenaud2015convolutional,
  title="Convolutional networks on graphs for learning molecular fingerprints",
  author="David K. {Duvenaud} and Dougal {Maclaurin} and Jorge {Aguilera-Iparraguirre} and Rafael {Gómez-Bombarelli} and Timothy {Hirzel} and Alán {Aspuru-Guzik} and Ryan P. {Adams}",
  journal="Advances in Neural Information Processing Systems (NeurIPS)",
  pages="2224--2232",
  year="2015"
}

@inproceedings{yanardag2015deep,
  title="Deep Graph Kernels",
  author="Pinar {Yanardag} and S.V.N. {Vishwanathan}",
  booktitle="Proceedings of the 21th ACM SIGKDD International Conference on Knowledge Discovery and Data Mining (KDD)",
  pages="1365--1374",
  year="2015"
}

@article{cai2018comprehensive,
  title={A Comprehensive Survey of Graph Embedding: Problems, Techniques, and Applications},
  author={Cai, Hongyun and Zheng, Vincent W and Chang, Kevin Chen-Chuan},
  journal={IEEE Transactions on Knowledge and Data Engineering (TKDE)},
  volume={30},
  number={9},
  pages={1616--1637},
  year={2018},
  publisher={IEEE}
}

@article{hamilton2017representation,
  title="Representation Learning on Graphs: Methods and Applications.",
  author="William L. {Hamilton} and Rex {Ying} and Jure {Leskovec}",
  journal="IEEE Data(base) Engineering Bulletin",
  volume="40",
  pages="52--74",
  year="2017"
}

@article{akhtar2018threat,
  title="Threat of Adversarial Attacks on Deep Learning in Computer Vision: A Survey",
  author="Naveed {Akhtar} and Ajmal S. {Mian}",
  journal="IEEE Access",
  volume="6",
  pages="14410--14430",
  year="2018"
}

@article{ying2018hierarchical,
  title="Hierarchical Graph Representation Learning with Differentiable Pooling",
  author="Zhitao {Ying} and Jiaxuan {You} and Christopher {Morris} and Xiang {Ren} and Will {Hamilton} and Jure {Leskovec}",
  journal="Advances in Neural Information Processing Systems (NeurIPS)",
  pages="4801--4811",
  year="2018"
}


@inproceedings{trivedi2017know,
  title="Know-Evolve: Deep Temporal Reasoning for Dynamic Knowledge Graphs",
  author="Rakshit {Trivedi} and Hanjun {Dai} and Yichen {Wang} and Le {Song}",
  booktitle="Proceedings of ICML",
  pages="3462--3471",
  year="2017"
}

@inproceedings{levy2014Neural,
  title="Neural Word Embedding as Implicit Matrix Factorization",
  author="Omer {Levy} and Yoav {Goldberg}",
  booktitle="Advances in Neural Information Processing Systems (NeurIPS) 27",
  pages="2177--2185",
  year="2014"
}


@article{yang2015Comprehend,
  title="Comprehend DeepWalk as Matrix Factorization.",
  author="Cheng {Yang} and Zhiyuan {Liu}",
  journal="arXiv preprint arXiv:1501.00358",
  year="2015"
}


@book{Chung1996Spectral,
  title="Spectral Graph Theory",
  author="Fan R. K. {Chung}",
  year="1996"
}


@article{Atwood2016DCNN,
  title="Diffusion-Convolutional Neural Networks",
  author="James {Atwood} and Don {Towsley}",
  journal="Advances in Neural Information Processing Systems (NeurIPS)",
  pages="1993--2001",
  year="2016"
}

@article{Defferrard2016ChebNet,
  title="Convolutional neural networks on graphs with fast localized spectral filtering",
  author="Michaël {Defferrard} and Xavier {Bresson} and Pierre {Vandergheynst}",
  journal="Advances in Neural Information Processing Systems (NeurIPS)",
  pages="3844--3852",
  year="2016"
}

@article{Hamilton2017Inductive,
  title="Inductive Representation Learning on Large Graphs",
  author="William L. {Hamilton} and Zhitao {Ying} and Jure {Leskovec}",
  journal="Advances in Neural Information Processing Systems (NeurIPS)",
  pages="1024--1034",
  year="2017"
}

@article{Dai2016Discriminative,
  title="Discriminative embeddings of latent variable models for structured data",
  author="Hanjun {Dai} and Bo {Dai} and Le {Song}",
  journal="Proceedings of ICML",
  pages="2702--2711",
  year="2016"
}


@inproceedings{Dataset2005PolBlogs,
  title="The political blogosphere and the 2004 U.S. election: divided they blog",
  author="Lada A. {Adamic} and Natalie S. {Glance}",
  booktitle="Proceedings of the 3rd international workshop on Link discovery",
  pages="36--43",
  year="2005"
}

@article{Dataset2008Citeseer,
  title="Collective Classification in Network Data",
  author="Prithviraj {Sen} and Galileo Mark {Namata} and Mustafa {Bilgic} and Lise {Getoor} and Brian {Gallagher} and Tina {Eliassi-Rad}",
  journal="AI Magazine",
  volume="29",
  number="3",
  pages="93--106",
  year="2008"
}

@article{Dataset2000Cora,
  title="Automating the Construction of Internet Portals with Machine Learning",
  author="Andrew Kachites {McCallum} and Kamal {Nigam} and Jason {Rennie} and Kristie {Seymore}",
  journal="Information Retrieval",
  volume="3",
  number="2",
  pages="127--163",
  year="2000"
}



@inproceedings{KDD2016node2vec,
  title="node2vec: Scalable Feature Learning for Networks",
  author="Aditya {Grover} and Jure {Leskovec}",
  booktitle="Proceedings of the 22nd ACM SIGKDD International Conference on Knowledge Discovery and Data Mining (KDD)",
  pages="855--864",
  year="2016"
}


@inproceedings{KDD2015Pte,
  title="PTE: Predictive Text Embedding through Large-scale Heterogeneous Text Networks",
  author="Jian {Tang} and Meng {Qu} and Qiaozhu {Mei}",
  booktitle="Proceedings of the 21th ACM SIGKDD International Conference on Knowledge Discovery and Data Mining (KDD)",
  pages="1165--1174",
  year="2015"
}


@article{ICML2018Adversarial,
  title="Adversarial Attack on Graph Structured Data",
  author="Hanjun {Dai} and Hui {Li} and Tian {Tian} and Xin {Huang} and Lin {Wang} and Jun {Zhu} and Le {Song}",
  journal="Proceedings of ICML",
  pages="1115--1124",
  year="2018"
}

@inproceedings{KDD2018Adversarial,
  title="Adversarial Attacks on Neural Networks for Graph Data",
  author="Daniel {Zügner} and Amir {Akbarnejad} and Stephan {Günnemann}",
  booktitle="Proceedings of the 24th ACM SIGKDD International Conference on Knowledge Discovery \& Data Mining (KDD)",
  pages="2847--2856",
  year="2018"
}

@inproceedings{KDD2014Deepwalk,
  title="DeepWalk: online learning of social representations",
  author="Bryan {Perozzi} and Rami {Al-Rfou} and Steven {Skiena}",
  booktitle="Proceedings of the 20th ACM SIGKDD International Conference on Knowledge Discovery and Data Mining (KDD)",
  pages="701--710",
  year="2014"
}

@inproceedings{WWW2015Line,
  title="LINE: Large-scale Information Network Embedding",
  author="Jian {Tang} and Meng {Qu} and Mingzhe {Wang} and Ming {Zhang} and Jun {Yan} and Qiaozhu {Mei}",
  booktitle="Proceedings of the 24th International Conference on World Wide Web",
  pages="1067--1077",
  year="2015"
}

@article{Hammond2011Wavelets,
  title="Wavelets on graphs via spectral graph theory",
  author="David K. {Hammond} and Pierre {Vandergheynst} and Rémi {Gribonval}",
  journal="Applied and Computational Harmonic Analysis",
  volume="30",
  number="2",
  pages="129--150",
  year="2011"
}

@article{ICLR2017SemiGCN,
  title="Semi-Supervised Classification with Graph Convolutional Networks",
  author="Thomas N. {Kipf} and Max {Welling}",
  journal="Proceedings of ICLR",
  year="2017"
}

@inproceedings{WSDM2018NetworkEmbedding,
  title="Network Embedding as Matrix Factorization: Unifying DeepWalk, LINE, PTE, and node2vec",
  author="Jiezhong {Qiu} and Yuxiao {Dong} and Hao {Ma} and Jian {Li} and Kuansan {Wang} and Jie {Tang}",
  booktitle="Proceedings of the Eleventh ACM International Conference on Web Search and Data Mining (WSDM)",
  pages="459--467",
  year="2018"
}

@article{arXiv2018Adversarial,
  title="Adversarial Attacks on Node Embeddings",
  author="Aleksandar {Bojchevski} and Stephan {Günnemann}",
  journal="arXiv: Learning",
  year="2018"
}

@book{Book1990Matrix,
  title="Matrix perturbation theory",
  author="Roger A. {Horn} and Ji-guang {Sun}",
  year="1990"
}

@book{Book2012MatrixAnalysis,
  title="Matrix Analysis",
  author="G. W. {Stewart} and Charles R. {Johnson}",
  year="2012"
}

@inproceedings{CIKM2012Gelling,
  title="Gelling, and melting, large graphs by edge manipulation",
  author="Hanghang {Tong} and B. Aditya {Prakash} and Tina {Eliassi-Rad} and Michalis {Faloutsos} and Christos {Faloutsos}",
  booktitle="Proceedings of the 21st ACM International Conference on Information and Knowledge Management (CIKM)",
  pages="245--254",
  year="2012"
}




@inproceedings{kour2014real,
  title={Real-time segmentation of on-line handwritten arabic script},
  author={Kour, George and Saabne, Raid},
  booktitle={Frontiers in Handwriting Recognition (ICFHR), 2014 14th International Conference on},
  pages={417--422},
  year={2014},
  organization={IEEE}
}

@inproceedings{kour2014fast,
  title={Fast classification of handwritten on-line Arabic characters},
  author={Kour, George and Saabne, Raid},
  booktitle={Soft Computing and Pattern Recognition (SoCPaR), 2014 6th International Conference of},
  pages={312--318},
  year={2014},
  organization={IEEE}
}

@article{hadash2018estimate,
  title={Estimate and Replace: A Novel Approach to Integrating Deep Neural Networks with Existing Applications},
  author={Hadash, Guy and Kermany, Einat and Carmeli, Boaz and Lavi, Ofer and Kour, George and Jacovi, Alon},
  journal={arXiv preprint arXiv:1804.09028},
  year={2018}
}

@inproceedings{langley00,
 author    = {P. Langley},
 title     = {Crafting Papers on Machine Learning},
 year      = {2000},
 pages     = {1207--1216},
 editor    = {Pat Langley},
 booktitle     = {Proceedings of the 17th International Conference
              on Machine Learning (ICML 2000)},
 address   = {Stanford, CA},
 publisher = {Morgan Kaufmann}
}

@TechReport{mitchell80,
  author =   "T. M. Mitchell",
  title =    "The Need for Biases in Learning Generalizations",
  institution =  "Computer Science Department, Rutgers University",
  year =   "1980",
  address =  "New Brunswick, MA",
}

@phdthesis{kearns89,
  author = {M. J. Kearns},
  title =  {Computational Complexity of Machine Learning},
  school = {Department of Computer Science, Harvard University},
  year =   {1989}
}

@Book{MachineLearningI,
  editor =   "R. S. Michalski and J. G. Carbonell and T.
      M. Mitchell",
  title =    "Machine Learning: An Artificial Intelligence
      Approach, Vol. I",
  publisher =    "Tioga",
  year =   "1983",
  address =  "Palo Alto, CA"
}

@Book{DudaHart2nd,
  author =       "R. O. Duda and P. E. Hart and D. G. Stork",
  title =        "Pattern Classification",
  publisher =    "John Wiley and Sons",
  edition =      "2nd",
  year =         "2000"
}

@misc{anonymous,
  title= {Suppressed for Anonymity},
  author= {Author, N. N.},
  year= {2018}
}

@InCollection{Newell81,
  author =       "A. Newell and P. S. Rosenbloom",
  title =        "Mechanisms of Skill Acquisition and the Law of
                  Practice", 
  booktitle =    "Cognitive Skills and Their Acquisition",
  pages =        "1--51",
  publisher =    "Lawrence Erlbaum Associates, Inc.",
  year =         "1981",
  editor =       "J. R. Anderson",
  chapter =      "1",
  address =      "Hillsdale, NJ"
}


@Article{Samuel59,
  author =   "A. L. Samuel",
  title =    "Some Studies in Machine Learning Using the Game of
      Checkers",
  journal =  "IBM Journal of Research and Development",
  year =   "1959",
  volume =   "3",
  number =   "3",
  pages =  "211--229"
}


@inproceedings{ego2012learning,
	title="Learning to Discover Social Circles in Ego Networks",
	author="Jure {Leskovec} and Julian J. {Mcauley}",
	booktitle="Advances in Neural Information Processing Systems (NeurIPS) 25",
	pages="539--547",
	year="2012"
}



@article{maaten2008visualizing,
  title={Visualizing data using t-SNE},
  author={Maaten, Laurens van der and Hinton, Geoffrey},
  journal={Journal of Machine Learning Research (JMLR)},
  volume={9},
  number={Nov},
  pages={2579--2605},
  year={2008}
}

@article{srivastava2014dropout,
  title={Dropout: a simple way to prevent neural networks from overfitting},
  author={Srivastava, Nitish and Hinton, Geoffrey and Krizhevsky, Alex and Sutskever, Ilya and Salakhutdinov, Ruslan},
  journal={The Journal of Machine Learning Research (JMLR)},
  volume={15},
  number={1},
  pages={1929--1958},
  year={2014},
  publisher={JMLR. org}
}

@inproceedings{kingma2014adam,
  title={Adam: A Method for Stochastic Optimization},
  author={Kingma, Diederik P and Ba, Jimmy},
  booktitle={Proceedings of ICLR (Poster)},
  year={2015}
}

@inproceedings{glorot2010understanding,
  title={Understanding the difficulty of training deep feedforward neural networks},
  author={Glorot, Xavier and Bengio, Yoshua},
  booktitle={AISTATS 2010},
  pages={249--256},
  year={2010}
}

@article{abadi2015tensorflow,
  title={TensorFlow: Large-scale machine learning on heterogeneous systems, 2015},
  author={Abadi, Mart{\i}n and Agarwal, Ashish and Barham, Paul and Brevdo, Eugene and Chen, Zhifeng and Citro, Craig and Corrado, Greg S and Davis, Andy and Dean, Jeffrey and Devin, Matthieu and others},
  journal={Software available from tensorflow. org},
  volume={1},
  number={2},
  year={2015}
}

@article{tremblay2014graph,
  title={Graph wavelets for multiscale community mining},
  author={Tremblay, Nicolas and Borgnat, Pierre},
  journal={IEEE Transactions on Signal Processing},
  volume={62},
  number={20},
  pages={5227--5239},
  year={2014},
  publisher={IEEE}
}

@article{durall2019stabilizing,
  title={Stabilizing GANs with Octave Convolutions},
  author={Durall, Ricard and Pfreundt, Franz-Josef and Keuper, Janis},
  journal={arXiv preprint arXiv:1905.12534},
  year={2019}
}

@article{sweldens1998lifting,
  title={The lifting scheme: A construction of second generation wavelets},
  author={Sweldens, Wim},
  journal={SIAM Journal on Mathematical Analysis},
  volume={29},
  number={2},
  pages={511--546},
  year={1998},
  publisher={SIAM}
}


@inproceedings{khasanova2017graph,
  title={Graph-based isometry invariant representation learning},
  author={Khasanova, Renata and Frossard, Pascal},
  booktitle={Proceedings of the 34th International Conference on Machine Learning (ICML)-Volume 70},
  pages={1847--1856},
  year={2017},
  organization={JMLR. org}
}

@article{levie2018cayleynets,
  title={Cayleynets: Graph convolutional neural networks with complex rational spectral filters},
  author={Levie, Ron and Monti, Federico and Bresson, Xavier and Bronstein, Michael M},
  journal={IEEE Transactions on Signal Processing},
  volume={67},
  number={1},
  pages={97--109},
  year={2018},
  publisher={IEEE}
}

@inproceedings{boscaini2015learning,
  title={Learning class-specific descriptors for deformable shapes using localized spectral convolutional networks},
  author={Boscaini, Davide and Masci, Jonathan and Melzi, Simone and Bronstein, Michael M and Castellani, Umberto and Vandergheynst, Pierre},
  booktitle={Computer Graphics Forum},
  volume={34},
  pages={13--23},
  year={2015},
  organization={Wiley Online Library}
}

@book{lindeberg2013scale,
  title={Scale-space theory in computer vision},
  author={Lindeberg, Tony},
  volume={256},
  year={2013},
  publisher={Springer Science \& Business Media}
}

@article{shuman2013emerging,
  title={The emerging field of signal processing on graphs: Extending high-dimensional data analysis to networks and other irregular domains},
  author={Shuman, David I and Narang, Sunil K and Frossard, Pascal and Ortega, Antonio and Vandergheynst, Pierre},
  journal={IEEE signal processing magazine},
  volume={30},
  number={3},
  pages={83--98},
  year={2013},
  publisher={IEEE}
}

@inproceedings{bruna2014spectral,
  title={Spectral networks and locally connected networks on graphs},
  author={Bruna, Joan and Zaremba, Wojciech and Szlam, Arthur and Lecun, Yann},
  booktitle={International Conference on Learning Representations (ICLR2014), CBLS, April 2014},
  pages={http--openreview},
  year={2014}
}

@article{maehara2019revisiting,
  title={Revisiting Graph Neural Networks: All We Have is Low-Pass Filters},
  author={Maehara, Takanori},
  journal={arXiv preprint arXiv:1905.09550},
  year={2019}
}

@inproceedings{xu2018how,
	title="How Powerful are Graph Neural Networks",
	author="Keyulu {Xu} and Weihua {Hu} and Jure {Leskovec} and Stefanie {Jegelka}",
	booktitle="ICLR 2019 : 7th International Conference on Learning Representations",
	year="2019"
}

@inproceedings{velickovic2019deep,
	title="Deep Graph Infomax",
	author="Petar {Velickovic} and William {Fedus} and William L. {Hamilton} and Pietro {Liò} and Yoshua {Bengio} and R. Devon {Hjelm}",
	booktitle="ICLR 2019 : 7th International Conference on Learning Representations",
	year="2019"
}

@inproceedings{liao2019lanczosnet,
	title="LanczosNet: Multi-Scale Deep Graph Convolutional Networks",
	author="Renjie {Liao} and Zhizhen {Zhao} and Raquel {Urtasun} and Richard S. {Zemel}",
	booktitle="ICLR 2019",
	year="2019"
}
@article{funke2019stochastic,
  title={Stochastic block models: A comparison of variants and inference methods},
  author={Funke, Thorben and Becker, Till},
  journal={PloS one},
  volume={14},
  number={4},
  pages={e0215296},
  year={2019},
  publisher={Public Library of Science}
}
@article{peixoto2017nonparametric,
  title={Nonparametric Bayesian inference of the microcanonical stochastic block model},
  author={Peixoto, Tiago P},
  journal={Physical Review E},
  volume={95},
  number={1},
  pages={012317},
  year={2017},
  publisher={APS}
}
@article{heimlicher2012community,
  title={Community detection in the labelled stochastic block model},
  author={Heimlicher, Simon and Lelarge, Marc and Massouli{\'e}, Laurent},
  journal={arXiv preprint arXiv:1209.2910},
  year={2012}
}
@article{karrer2011stochastic,
  title={Stochastic blockmodels and community structure in networks},
  author={Karrer, Brian and Newman, Mark EJ},
  journal={Physical Review E},
  volume={83},
  number={1},
  pages={016107},
  year={2011},
  publisher={APS}
}

@inproceedings{zhu2019robust,
 author = {Zhu, Dingyuan and Zhang, Ziwei and Cui, Peng and Zhu, Wenwu},
 title = {Robust Graph Convolutional Networks Against Adversarial Attacks},
 booktitle = {KDD 2019},
 year = {2019},
 pages = {1399--1407}
} 


@inproceedings{wu2019simplifying,
	title="Simplifying Graph Convolutional Networks",
	author="Felix {Wu} and Amauri H. {Souza} and Tianyi {Zhang} and Christopher {Fifty} and Tao {Yu} and Kilian Q. {Weinberger}",
	booktitle="Proceedings of ICML 2019",
	pages="6861--6871",
	year="2019"
}

@inproceedings{velickovic2018gat,
	title="Graph Attention Networks",
	author="Petar {Veličković} and Guillem {Cucurull} and Arantxa {Casanova} and Adriana {Romero} and Pietro {Liò} and Yoshua {Bengio}",
	booktitle="ICLR 2018 : 6th International Conference on Learning Representations",
	year="2018"
}


@article{weston2012deep,
	title="Deep Learning via Semi-Supervised Embedding",
	author="Jason {Weston} and Frédéric {Ratle} and Hossein {Mobahi} and Ronan {Collobert}",
	journal="Neural Networks: Tricks of the Trade (2nd ed.)",
	pages="639--655",
	year="2012"
}

@inproceedings{zhu2003semi,
	title="Semi-supervised learning using Gaussian fields and harmonic functions",
	author="Xiaojin {Zhu} and Zoubin {Ghahramani} and John D. {Lafferty}",
	booktitle="Proceedings of ICML 2003",
	pages="912--919",
	year="2003"
}

@inproceedings{belkin2002laplacian,
  title={Laplacian eigenmaps and spectral techniques for embedding and clustering},
  author={Belkin, Mikhail and Niyogi, Partha},
  booktitle={NIPS 2002},
  pages={585--591},
  year={2002}
}

@article{belkin2006manifold,
	title="Manifold Regularization: A Geometric Framework for Learning from Labeled and Unlabeled Examples",
	author="Mikhail {Belkin} and Partha {Niyogi} and Vikas {Sindhwani}",
	journal="Journal of Machine Learning Research (JMLR)",
	volume="7",
	pages="2399--2434",
	year="2006"
}

@inproceedings{lu2003link,
	title="Link-based classification",
	author="Qing {Lu} and Lise {Getoor}",
	booktitle="Proceedings of ICML 2003",
	pages="496--503",
	year="2003"
}

@article{rabiner1975theory,
  title={Theory and application of digital signal processing},
  author={Rabiner, Lawrence R and Gold, Bernard},
  journal={Englewood Cliffs, NJ, Prentice-Hall, Inc., 1975. 777 p.},
  year={1975}
}



@inproceedings{donnat2018learning,
  title="Learning Structural Node Embeddings via Diffusion Wavelets",
  author="Claire {Donnat} and Marinka {Zitnik} and David {Hallac} and Jure {Leskovec}",
  booktitle="Proceedings of the 24th ACM SIGKDD International Conference on Knowledge Discovery \& Data Mining (KDD)",
  pages="1320--1329",
  year="2018"
}

@inproceedings{kour2014real,
  title={Real-time segmentation of on-line handwritten arabic script},
  author={Kour, George and Saabne, Raid},
  booktitle={Frontiers in Handwriting Recognition (ICFHR), 2014 14th International Conference on},
  pages={417--422},
  year={2014},
  organization={IEEE}
}

@inproceedings{kour2014fast,
  title={Fast classification of handwritten on-line Arabic characters},
  author={Kour, George and Saabne, Raid},
  booktitle={Soft Computing and Pattern Recognition (SoCPaR), 2014 6th International Conference of},
  pages={312--318},
  year={2014},
  organization={IEEE}
}

@article{hadash2018estimate,
  title={Estimate and Replace: A Novel Approach to Integrating Deep Neural Networks with Existing Applications},
  author={Hadash, Guy and Kermany, Einat and Carmeli, Boaz and Lavi, Ofer and Kour, George and Jacovi, Alon},
  journal={arXiv preprint arXiv:1804.09028},
  year={2018}
}






@article{arXiv2018Adversarial,
  title="Adversarial Attacks on Node Embeddings",
  author="Aleksandar {Bojchevski} and Stephan {Günnemann}",
  journal="arXiv: Learning",
  year="2018"
}



@book{Book2012MatrixAnalysis,
  title="Matrix Analysis",
  author="G. W. {Stewart} and Charles R. {Johnson}",
  year="2012"
}


@inproceedings{mikolov2013distributed,
  title={Distributed representations of words and phrases and their compositionality},
  author={Mikolov, Tomas and Sutskever, Ilya and Chen, Kai and Corrado, Greg S and Dean, Jeff},
  booktitle={Advances in Neural Information Processing Systems (NeurIPS)},
  pages={3111--3119},
  year={2013}
}




@article{sandryhaila2013discrete,
  title={Discrete signal processing on graphs},
  author={Sandryhaila, Aliaksei and Moura, Jos{\'e} MF},
  journal={IEEE transactions on signal processing},
  volume={61},
  number={7},
  pages={1644--1656},
  year={2013},
  publisher={IEEE}
}




@article{papernot2016transferability,
  title="Transferability in Machine Learning: from Phenomena to Black-Box Attacks using Adversarial Samples.",
  author="Nicolas {Papernot} and Patrick D. {McDaniel} and Ian J. {Goodfellow}",
  journal="arXiv preprint arXiv:1605.07277",
  year="2016"
}



@article{akoglu2015graph,
  title="Graph based anomaly detection and description: a survey",
  author="Leman {Akoglu} and Hanghang {Tong} and Danai {Koutra}",
  journal="Data Mining and Knowledge Discovery",
  volume="29",
  number="3",
  pages="626--688",
  year="2015"
}


@inproceedings{monti2017geometric,
  title="Geometric Deep Learning on Graphs and Manifolds Using Mixture Model CNNs",
  author="Federico {Monti} and Davide {Boscaini} and Jonathan {Masci} and Emanuele {Rodolà} and Jan {Svoboda} and Michael M. {Bronstein}",
  booktitle="2017 IEEE Conference on Computer Vision and Pattern Recognition (CVPR)",
  pages="5425--5434",
  year="2017"
}


@inproceedings{yanardag2015deep,
  title="Deep Graph Kernels",
  author="Pinar {Yanardag} and S.V.N. {Vishwanathan}",
  booktitle="Proceedings of the 21th ACM SIGKDD International Conference on Knowledge Discovery and Data Mining (KDD)",
  pages="1365--1374",
  year="2015"
}


@article{hamilton2017representation,
  title="Representation Learning on Graphs: Methods and Applications.",
  author="William L. {Hamilton} and Rex {Ying} and Jure {Leskovec}",
  journal="IEEE Data(base) Engineering Bulletin",
  volume="40",
  pages="52--74",
  year="2017"
}


@article{ying2018hierarchical,
  title="Hierarchical Graph Representation Learning with Differentiable Pooling",
  author="Zhitao {Ying} and Jiaxuan {You} and Christopher {Morris} and Xiang {Ren} and Will {Hamilton} and Jure {Leskovec}",
  journal="Advances in Neural Information Processing Systems (NeurIPS)",
  pages="4801--4811",
  year="2018"
}


@inproceedings{trivedi2017know,
  title="Know-Evolve: Deep Temporal Reasoning for Dynamic Knowledge Graphs",
  author="Rakshit {Trivedi} and Hanjun {Dai} and Yichen {Wang} and Le {Song}",
  booktitle="Proceedings of ICML 2017",
  pages="3462--3471",
  year="2017"
}

@inproceedings{levy2014Neural,
  title="Neural Word Embedding as Implicit Matrix Factorization",
  author="Omer {Levy} and Yoav {Goldberg}",
  booktitle="Advances in Neural Information Processing Systems (NeurIPS) 27",
  pages="2177--2185",
  year="2014"
}



@book{Chung1996Spectral,
  title="Spectral Graph Theory",
  author="Fan R. K. {Chung}",
  year="1996"
}




@article{Atwood2016DCNN,
  title="Diffusion-Convolutional Neural Networks",
  author="James {Atwood} and Don {Towsley}",
  journal="Advances in Neural Information Processing Systems (NeurIPS)",
  pages="1993--2001",
  year="2016"
}



@article{Dai2016Discriminative,
  title="Discriminative embeddings of latent variable models for structured data",
  author="Hanjun {Dai} and Bo {Dai} and Le {Song}",
  journal="Proceedings of ICML 2016",
  pages="2702--2711",
  year="2016"
}


@inproceedings{Xu2018Representation,
  title={Representation learning on graphs with jumping knowledge networks},
  author={Xu, Keyulu and Li, Chengtao and Tian, Yonglong and Sonobe, Tomohiro and Kawarabayashi, Ken-ichi and Jegelka, Stefanie},
  booktitle={Proceedings of ICML 2018},
  pages={5453--5462},
  year={2018},
  organization={PMLR}
}



@inproceedings{Dataset2005PolBlogs,
  title="The political blogosphere and the 2004 U.S. election: divided they blog",
  author="Lada A. {Adamic} and Natalie S. {Glance}",
  booktitle="Proceedings of the 3rd international workshop on Link discovery",
  pages="36--43",
  year="2005"
}



@inproceedings{KDD2016node2vec,
  title="node2vec: Scalable Feature Learning for Networks",
  author="Aditya {Grover} and Jure {Leskovec}",
  booktitle="Proceedings of the 22nd ACM SIGKDD International Conference on Knowledge Discovery and Data Mining (KDD)",
  pages="855--864",
  year="2016"
}


@inproceedings{KDD2015Pte,
  title="PTE: Predictive Text Embedding through Large-scale Heterogeneous Text Networks",
  author="Jian {Tang} and Meng {Qu} and Qiaozhu {Mei}",
  booktitle="Proceedings of the 21th ACM SIGKDD International Conference on Knowledge Discovery and Data Mining (KDD)",
  pages="1165--1174",
  year="2015"
}



@article{arXiv2018Adversarial,
  title="Adversarial Attacks on Node Embeddings",
  author="Aleksandar {Bojchevski} and Stephan {Günnemann}",
  journal="arXiv: Learning",
  year="2018"
}


@book{Book2012MatrixAnalysis,
  title="Matrix Analysis",
  author="G. W. {Stewart} and Charles R. {Johnson}",
  year="2012"
}




@inproceedings{kour2014real,
  title={Real-time segmentation of on-line handwritten arabic script},
  author={Kour, George and Saabne, Raid},
  booktitle={Frontiers in Handwriting Recognition (ICFHR), 2014 14th International Conference on},
  pages={417--422},
  year={2014},
  organization={IEEE}
}

@inproceedings{kour2014fast,
  title={Fast classification of handwritten on-line Arabic characters},
  author={Kour, George and Saabne, Raid},
  booktitle={Soft Computing and Pattern Recognition (SoCPaR), 2014 6th International Conference of},
  pages={312--318},
  year={2014},
  organization={IEEE}
}

@article{hadash2018estimate,
  title={Estimate and Replace: A Novel Approach to Integrating Deep Neural Networks with Existing Applications},
  author={Hadash, Guy and Kermany, Einat and Carmeli, Boaz and Lavi, Ofer and Kour, George and Jacovi, Alon},
  journal={arXiv preprint arXiv:1804.09028},
  year={2018}
}

@inproceedings{langley00,
 author    = {P. Langley},
 title     = {Crafting Papers on Machine Learning},
 year      = {2000},
 pages     = {1207--1216},
 editor    = {Pat Langley},
 booktitle     = {Proceedings of the 17th International Conference
              on Machine Learning (ICML 2000)},
 address   = {Stanford, CA},
 publisher = {Morgan Kaufmann}
}

@TechReport{mitchell80,
  author =   "T. M. Mitchell",
  title =    "The Need for Biases in Learning Generalizations",
  institution =  "Computer Science Department, Rutgers University",
  year =   "1980",
  address =  "New Brunswick, MA",
}

@phdthesis{kearns89,
  author = {M. J. Kearns},
  title =  {Computational Complexity of Machine Learning},
  school = {Department of Computer Science, Harvard University},
  year =   {1989}
}

@Book{MachineLearningI,
  editor =   "R. S. Michalski and J. G. Carbonell and T.
      M. Mitchell",
  title =    "Machine Learning: An Artificial Intelligence
      Approach, Vol. I",
  publisher =    "Tioga",
  year =   "1983",
  address =  "Palo Alto, CA"
}

@Book{DudaHart2nd,
  author =       "R. O. Duda and P. E. Hart and D. G. Stork",
  title =        "Pattern Classification",
  publisher =    "John Wiley and Sons",
  edition =      "2nd",
  year =         "2000"
}

@misc{anonymous,
  title= {Suppressed for Anonymity},
  author= {Author, N. N.},
  year= {2018}
}

@InCollection{Newell81,
  author =       "A. Newell and P. S. Rosenbloom",
  title =        "Mechanisms of Skill Acquisition and the Law of
                  Practice", 
  booktitle =    "Cognitive Skills and Their Acquisition",
  pages =        "1--51",
  publisher =    "Lawrence Erlbaum Associates, Inc.",
  year =         "1981",
  editor =       "J. R. Anderson",
  chapter =      "1",
  address =      "Hillsdale, NJ"
}


@Article{Samuel59,
  author =   "A. L. Samuel",
  title =    "Some Studies in Machine Learning Using the Game of
      Checkers",
  journal =  "IBM Journal of Research and Development",
  year =   "1959",
  volume =   "3",
  number =   "3",
  pages =  "211--229"
}




@incollection{Bengio+chapter2007,
author = {Bengio, Yoshua and LeCun, Yann},
booktitle = {Large Scale Kernel Machines},
publisher = {MIT Press},
title = {Scaling Learning Algorithms Towards {AI}},
year = {2007}
}

@article{Hinton06,
author = {Hinton, Geoffrey E. and Osindero, Simon and Teh, Yee Whye},
journal = {Neural Computation},
pages = {1527--1554},
title = {A Fast Learning Algorithm for Deep Belief Nets},
volume = {18},
year = {2006}
}

@book{goodfellow2016deep,
title={Deep learning},
author={Goodfellow, Ian and Bengio, Yoshua and Courville, Aaron and Bengio, Yoshua},
volume={1},
year={2016},
publisher={MIT Press}
}


@inproceedings{2019adversarial,
	title="Adversarial Attacks on Graph Neural Networks via Meta Learning",
	author="Daniel {Zügner} and Stephan {Günnemann}",
	booktitle="ICLR 2019",
	year="2019"
}
@article{diakonikolas2019robust,
  title={Robust Estimators in High-Dimensions Without the Computational Intractability},
  author={Diakonikolas, Ilias and Kamath, Gautam and Kane, Daniel and Li, Jerry and Moitra, Ankur and Stewart, Alistair},
  journal={SIAM Journal on Computing},
  volume={48},
  number={2},
  pages={742--864},
  year={2019},
  publisher={SIAM}
}
@article{mossel2013proof,
  title={A proof of the block model threshold conjecture},
  author={Mossel, Elchanan and Neeman, Joe and Sly, Allan},
  journal={Combinatorica},
  volume={38},
  number={3},
  pages={665--708},
  year={2018},
  publisher={Springer}
}
@inproceedings{bordenave2015non,
  title={Non-backtracking spectrum of random graphs: community detection and non-regular ramanujan graphs},
  author={Bordenave, Charles and Lelarge, Marc and Massouli{\'e}, Laurent},
  booktitle={FOCS 2015},
  pages={1347--1357},
  year={2015},
  organization={IEEE}
}

@inproceedings{abu2018n,
  title={N-gcn: Multi-scale graph convolution for semi-supervised node classification},
  author={Abu-El-Haija, Sami and Kapoor, Amol and Perozzi, Bryan and Lee, Joonseok},
  booktitle={Uncertainty in Artificial Intelligence (UAI)},
  pages={841--851},
  year={2020},
  organization={PMLR}
}
@article{lee2018higher,
  title={Higher-order graph convolutional networks},
  author={Lee, John Boaz and Rossi, Ryan A and Kong, Xiangnan and Kim, Sungchul and Koh, Eunyee and Rao, Anup},
  journal={arXiv preprint arXiv:1809.07697},
  year={2018}
}
@inproceedings{li2007noise,
  title={Noise robust spectral clustering},
  author={Li, Zhenguo and Liu, Jianzhuang and Chen, Shifeng and Tang, Xiaoou},
  booktitle={ICCV 2007},
  pages={1--8},
  year={2007}
}
@inproceedings{szegedyintriguing,
  title={Intriguing properties of neural networks},
  author={Szegedy, Christian and Zaremba, Wojciech and Sutskever, Ilya and Bruna, Joan and Erhan, Dumitru and Goodfellow, Ian and Fergus, Rob},
  booktitle="ICLR 2014",
	year="2014"
}
@inproceedings{balakrishnan2011noise,
  title={Noise thresholds for spectral clustering},
  author={Balakrishnan, Sivaraman and Xu, Min and Krishnamurthy, Akshay and Singh, Aarti},
  booktitle={NIPS 2011},
  pages={954--962},
  year={2011}
}
@article{chaudhuri2012spectral,
  title={Spectral Clustering of Graphs with General Degrees in the Extended Planted Partition Model},
  author={Chaudhuri, Kamalika and Chung, Fan and Tsiatas, Alexander},
  journal={Journal of Machine Learning Research (JMLR)},
  year={2012},
  pages={1--23},
  publisher={Citeseer}
}
@article{amini2013pseudo,
  title={Pseudo-likelihood methods for community detection in large sparse networks},
  author={Amini, Arash A and Chen, Aiyou and Bickel, Peter J and Levina, Elizaveta and others},
  journal={The Annals of Statistics},
  volume={41},
  number={4},
  pages={2097--2122},
  year={2013},
  publisher={Institute of Mathematical Statistics}
}
@article{joseph2016impact,
  title={Impact of regularization on spectral clustering},
  author={Joseph, Antony and Yu, Bin and others},
  journal={The Annals of Statistics},
  volume={44},
  number={4},
  pages={1765--1791},
  year={2016},
  publisher={Institute of Mathematical Statistics}
}
@inproceedings{szegedy2016rethinking,
  title={Rethinking the Inception Architecture for Computer Vision},
  author={Szegedy, Christian and Vanhoucke, Vincent and Ioffe, Sergey and Shlens, Jon and Wojna, Zbigniew},
  booktitle={CVPR 2016},
  pages={2818--2826},
  year={2016}
}

@inproceedings{jacobsen2018revnet,
  title={i-RevNet: Deep Invertible Networks},
  author={Jacobsen, J{\"o}rn-Henrik and Smeulders, Arnold WM and Oyallon, Edouard},
  booktitle={Proceedings of ICLR},
  year={2018}
}

@inproceedings{dai2018adversarial,
  title={Adversarial Attack on Graph Structured Data},
  author={Dai, Hanjun and Li, Hui and Tian, Tian and Huang, Xin and Wang, Lin and Zhu, Jun and Song, Le},
  booktitle={Proceedings of ICML},
  pages={1123--1132},
  year={2018}
}

@book{trefethen1997numerical,
  title={Numerical linear algebra},
  author={Trefethen, Lloyd N and Bau III, David},
  volume={50},
  year={1997},
  publisher={SIAM}
}
@inproceedings{li2019label,
  title={Label efficient semi-supervised learning via graph filtering},
  author={Li, Qimai and Wu, Xiao-Ming and Liu, Han and Zhang, Xiaotong and Guan, Zhichao},
  booktitle={CVPR 2019},
  pages={9582--9591},
  year={2019}
}
@article{chen2019can,
  title={Can Adversarial Network Attack be Defended?},
  author={Chen, Jinyin and Wu, Yangyang and Lin, Xiang and Xuan, Qi},
  journal={arXiv preprint arXiv:1903.05994},
  year={2019}
}


@article{lee2014multiway,
  title={Multiway spectral partitioning and higher-order cheeger inequalities},
  author={Lee, James R and Gharan, Shayan Oveis and Trevisan, Luca},
  journal={Journal of the ACM},
  volume={61},
  number={6},
  pages={37},
  year={2014},
  publisher={ACM}
}
@article{le2015sparse,
  title={Sparse random graphs: regularization and concentration of the laplacian},
  author={Le, Can M and Levina, Elizaveta and Vershynin, Roman},
  journal={arXiv preprint arXiv:1502.03049},
  year={2015}
}

@article{mossel2012stochastic,
  title={Stochastic block models and reconstruction},
  author={Mossel, Elchanan and Neeman, Joe and Sly, Allan},
  journal={arXiv preprint arXiv:1202.1499},
  year={2012}
}
@article{coja2010graph,
  title={Graph partitioning via adaptive spectral techniques},
  author={Coja-Oghlan, Amin},
  journal={Combinatorics, Probability and Computing},
  volume={19},
  number={2},
  pages={227--284},
  year={2010},
  publisher={Cambridge University Press}
}
@inproceedings{kaufmann2016spectral,
  title={A spectral algorithm with additive clustering for the recovery of overlapping communities in networks},
  author={Kaufmann, Emilie and Bonald, Thomas and Lelarge, Marc},
  booktitle={ALT 2016},
  pages={355--370},
  year={2016},
  organization={Springer}
}
@article{holland1983stochastic,
  title={Stochastic blockmodels: First steps},
  author={Holland, Paul W and Laskey, Kathryn Blackmond and Leinhardt, Samuel},
  journal={Social Networks},
  volume={5},
  number={2},
  pages={109--137},
  year={1983},
  publisher={Elsevier}
}
@article{feige2005spectral,
  title={Spectral techniques applied to sparse random graphs},
  author={Feige, Uriel and Ofek, Eran},
  journal={Random Structures \& Algorithms},
  volume={27},
  number={2},
  pages={251--275},
  year={2005},
  publisher={Wiley Online Library}
}
@article{friedman2004proof,
  title={A proof of Alon's second eigenvalue conjecture and related problems},
  author={Friedman, Joel},
  journal={Mem. Amer. Math. Soc.},
  number={910},
  year={2004}
  
}
@book{chung1997spectral,
  title={Spectral graph theory},
  author={Chung, Fan RK and Graham, Fan Chung},
  number={92},
  year={1997},
  publisher={American Mathematical Soc.}
}





@inproceedings{kipf2016semi,
  title={Semi-supervised classification with graph convolutional networks},
  author={Kipf, Thomas N and Welling, Max},
  booktitle={ICLR 2017},
  year={2017}
}
@article{decelle2011asymptotic,
  title={Asymptotic analysis of the stochastic block model for modular networks and its algorithmic applications},
  author={Decelle, Aurelien and Krzakala, Florent and Moore, Cristopher and Zdeborov{\'a}, Lenka},
  journal={Physical Review E},
  volume={84},
  number={6},
  pages={066106},
  year={2011},
  publisher={APS}
}
@inproceedings{massoulie2014community,
  title={Community detection thresholds and the weak Ramanujan property},
  author={Massouli{\'e}, Laurent},
  booktitle={STOC 2014},
  pages={694--703},
  year={2014},
  organization={ACM}
}

@article{abbe2018graph,
  title={Graph powering and spectral robustness},
  author={Abbe, Emmanuel and Boix-Adsera, Enric and Ralli, Peter and Sandon, Colin},
  journal={SIAM Journal on Mathematics of Data Science},
  volume={2},
  number={1},
  pages={132--157},
  year={2020},
  publisher={SIAM}
}
@article{weyl1912asymptotische,
  title={Das asymptotische Verteilungsgesetz der Eigenwerte linearer partieller Differentialgleichungen (mit einer Anwendung auf die Theorie der Hohlraumstrahlung)},
  author={Weyl, Hermann},
  journal={Mathematische Annalen},
  volume={71},
  number={4},
  pages={441--479},
  year={1912},
  publisher={Springer}
}
@article{davis1970rotation,
  title={The rotation of eigenvectors by a perturbation: {III}},
  author={Davis, Chandler and Kahan, William Morton},
  journal={SIAM Journal on Numerical Analysis},
  volume={7},
  number={1},
  pages={1--46},
  year={1970},
  publisher={SIAM}
}


@inproceedings{rahimi2018semi,
  title={Semi-supervised User Geolocation via Graph Convolutional Networks},
  author={Rahimi, Afshin and Cohn, Trevor and Baldwin, Timothy},
  booktitle={ACL 2018},
  volume={1},
  pages={2009--2019},
  year={2018}
}

@inproceedings{ying2018graph,
  title={Graph convolutional neural networks for web-scale recommender systems},
  author={Ying, Rex and He, Ruining and Chen, Kaifeng and Eksombatchai, Pong and Hamilton, William L and Leskovec, Jure},
  booktitle={KDD 2018},
  pages={974--983},
  year={2018},
  organization={ACM}
}

@article{kearnes2016molecular,
  title={Molecular graph convolutions: moving beyond fingerprints},
  author={Kearnes, Steven and McCloskey, Kevin and Berndl, Marc and Pande, Vijay and Riley, Patrick},
  journal={Journal of computer-aided molecular design},
  volume={30},
  number={8},
  pages={595--608},
  year={2016},
  publisher={Springer}
}


@article{henaff2015deep,
  title={Deep convolutional networks on graph-structured data},
  author={Henaff, Mikael and Bruna, Joan and LeCun, Yann},
  journal={arXiv preprint arXiv:1506.05163},
  year={2015}
}

@inproceedings{bruna2013spectral,
  title={Spectral networks and locally connected networks on graphs},
  author={Bruna, Joan and Zaremba, Wojciech and Szlam, Arthur and LeCun, Yann},
  booktitle={ICLR 2014},
  year={2014}
}

@inproceedings{marcheggiani2017encoding,
  title={Encoding sentences with graph convolutional networks for semantic role labeling},
  author={Marcheggiani, Diego and Titov, Ivan},
  booktitle={EMNLP 2017},
  pages={1506--1515},
  year={2017}
}

@inproceedings{bastings2017graph,
  title={Graph convolutional encoders for syntax-aware neural machine translation},
  author={Bastings, Joost and Titov, Ivan and Aziz, Wilker and Marcheggiani, Diego and Sima'an, Khalil},
  booktitle={EMNLP 2017},
  pages={1957--1967},
  year={2017}
}

@inproceedings{atwood2016diffusion,
  title={Diffusion-convolutional neural networks},
  author={Atwood, James and Towsley, Don},
  booktitle={NIPS 2016},
  pages={1993--2001},
  year={2016}
}


@article{garcia2017few,
  title={Few-shot learning with graph neural networks},
  author={Garcia, Victor and Bruna, Joan},
  journal={arXiv preprint arXiv:1711.04043},
  year={2017}
}

@inproceedings{wang2018zero,
  title={Zero-shot recognition via semantic embeddings and knowledge graphs},
  author={Wang, Xiaolong and Ye, Yufei and Gupta, Abhinav},
  booktitle={CVPR 2018},
  pages={6857--6866},
  year={2018}
}

@article{zhou2018graph,
  title={Graph neural networks: A review of methods and applications},
  author={Zhou, Jie and Cui, Ganqu and Hu, Shengding and Zhang, Zhengyan and Yang, Cheng and Liu, Zhiyuan and Wang, Lifeng and Li, Changcheng and Sun, Maosong},
  journal={AI Open},
  volume={1},
  pages={57--81},
  year={2020},
  publisher={Elsevier}
}

@article{levie2018cayleynets,
  title={Cayleynets: Graph convolutional neural networks with complex rational spectral filters},
  author={Levie, Ron and Monti, Federico and Bresson, Xavier and Bronstein, Michael M},
  journal={IEEE Transactions on Signal Processing},
  volume={67},
  number={1},
  pages={97--109},
  year={2018},
  publisher={IEEE}
}


@book{lindeberg2013scale,
  title={Scale-space theory in computer vision},
  author={Lindeberg, Tony},
  volume={256},
  year={2013},
  publisher={Springer Science \& Business Media}
}

@article{shuman2013emerging,
  title={The emerging field of signal processing on graphs: Extending high-dimensional data analysis to networks and other irregular domains},
  author={Shuman, David I and Narang, Sunil K and Frossard, Pascal and Ortega, Antonio and Vandergheynst, Pierre},
  journal={IEEE signal processing magazine},
  volume={30},
  number={3},
  pages={83--98},
  year={2013},
  publisher={IEEE}
}


@inproceedings{velickovic2019deep,
	title="Deep Graph Infomax",
	author="Petar {Velickovic} and William {Fedus} and William L. {Hamilton} and Pietro {Liò} and Yoshua {Bengio} and R. Devon {Hjelm}",
	booktitle="ICLR 2019 : 7th International Conference on Learning Representations",
	year="2019"
}



@inproceedings{abu2019mixhop,
	title="MixHop: Higher-Order Graph Convolutional Architectures via Sparsified Neighborhood Mixing",
	author="Sami {Abu-El-Haija} and Bryan {Perozzi} and Amol {Kapoor} and Nazanin {Alipourfard} and Kristina {Lerman} and Hrayr {Harutyunyan} and Greg Ver {Steeg} and Aram {Galstyan}",
	booktitle="Proceedings of ICML 2019",
	pages="21--29",
	year="2019"
}



@article{rabiner1975theory,
  title={Theory and application of digital signal processing},
  author={Rabiner, Lawrence R and Gold, Bernard},
  journal={Englewood Cliffs, NJ, Prentice-Hall, Inc., 1975. 777 p.},
  year={1975}
}



@inproceedings{chen2019drop,
  title={Drop an octave: Reducing spatial redundancy in convolutional neural networks with octave convolution},
  author={Chen, Yunpeng and Fan, Haoqi and Xu, Bing and Yan, Zhicheng and Kalantidis, Yannis and Rohrbach, Marcus and Yan, Shuicheng and Feng, Jiashi},
  booktitle={Proceedings of the IEEE/CVF International Conference on Computer Vision (ICCV)},
  pages={3435--3444},
  year={2019}
}



@article{hadash2018estimate,
  title={Estimate and Replace: A Novel Approach to Integrating Deep Neural Networks with Existing Applications},
  author={Hadash, Guy and Kermany, Einat and Carmeli, Boaz and Lavi, Ofer and Kour, George and Jacovi, Alon},
  journal={arXiv preprint arXiv:1804.09028},
  year={2018}
}




@article{arXiv2018Adversarial,
  title="Adversarial Attacks on Node Embeddings",
  author="Aleksandar {Bojchevski} and Stephan {Günnemann}",
  journal="arXiv: Learning",
  year="2018"
}

@article{ICLR2019GWNN,
  title="Graph Wavelet Neural Network",
  author="Bingbing {Xu} and Huawei {Shen} and Qi {Cao} and Yunqi {Qiu} and Xueqi {Cheng}",
  journal="Proceedings of ICLR",
  year="2019"
}



@book{Book2012MatrixAnalysis,
  title="Matrix Analysis",
  author="G. W. {Stewart} and Charles R. {Johnson}",
  year="2012"
}



@inproceedings{mikolov2013distributed,
  title={Distributed representations of words and phrases and their compositionality},
  author={Mikolov, Tomas and Sutskever, Ilya and Chen, Kai and Corrado, Greg S and Dean, Jeff},
  booktitle={Advances in Neural Information Processing Systems (NeurIPS)},
  pages={3111--3119},
  year={2013}
}


@article{sandryhaila2013discrete,
  title={Discrete signal processing on graphs},
  author={Sandryhaila, Aliaksei and Moura, Jos{\'e} MF},
  journal={IEEE transactions on signal processing},
  volume={61},
  number={7},
  pages={1644--1656},
  year={2013},
  publisher={IEEE}
}


@article{papernot2016transferability,
  title="Transferability in Machine Learning: from Phenomena to Black-Box Attacks using Adversarial Samples.",
  author="Nicolas {Papernot} and Patrick D. {McDaniel} and Ian J. {Goodfellow}",
  journal="arXiv preprint arXiv:1605.07277",
  year="2016"
}


@article{akoglu2015graph,
  title="Graph based anomaly detection and description: a survey",
  author="Leman {Akoglu} and Hanghang {Tong} and Danai {Koutra}",
  journal="Data Mining and Knowledge Discovery",
  volume="29",
  number="3",
  pages="626--688",
  year="2015"
}


@inproceedings{monti2017geometric,
  title="Geometric Deep Learning on Graphs and Manifolds Using Mixture Model CNNs",
  author="Federico {Monti} and Davide {Boscaini} and Jonathan {Masci} and Emanuele {Rodolà} and Jan {Svoboda} and Michael M. {Bronstein}",
  booktitle="2017 IEEE Conference on Computer Vision and Pattern Recognition (CVPR)",
  pages="5425--5434",
  year="2017"
}



@inproceedings{yanardag2015deep,
  title="Deep Graph Kernels",
  author="Pinar {Yanardag} and S.V.N. {Vishwanathan}",
  booktitle="Proceedings of the 21th ACM SIGKDD International Conference on Knowledge Discovery and Data Mining (KDD)",
  pages="1365--1374",
  year="2015"
}


@article{hamilton2017representation,
  title="Representation Learning on Graphs: Methods and Applications.",
  author="William L. {Hamilton} and Rex {Ying} and Jure {Leskovec}",
  journal="IEEE Data(base) Engineering Bulletin",
  volume="40",
  pages="52--74",
  year="2017"
}


@article{ying2018hierarchical,
  title="Hierarchical Graph Representation Learning with Differentiable Pooling",
  author="Zhitao {Ying} and Jiaxuan {You} and Christopher {Morris} and Xiang {Ren} and Will {Hamilton} and Jure {Leskovec}",
  journal="Advances in Neural Information Processing Systems (NeurIPS)",
  pages="4801--4811",
  year="2018"
}


@inproceedings{trivedi2017know,
  title="Know-Evolve: Deep Temporal Reasoning for Dynamic Knowledge Graphs",
  author="Rakshit {Trivedi} and Hanjun {Dai} and Yichen {Wang} and Le {Song}",
  booktitle="Proceedings of ICML",
  pages="3462--3471",
  year="2017"
}

@inproceedings{levy2014Neural,
  title="Neural Word Embedding as Implicit Matrix Factorization",
  author="Omer {Levy} and Yoav {Goldberg}",
  booktitle="Advances in Neural Information Processing Systems (NeurIPS) 27",
  pages="2177--2185",
  year="2014"
}



@book{Chung1996Spectral,
  title="Spectral Graph Theory",
  author="Fan R. K. {Chung}",
  year="1996"
}




@article{Atwood2016DCNN,
  title="Diffusion-Convolutional Neural Networks",
  author="James {Atwood} and Don {Towsley}",
  journal="Advances in Neural Information Processing Systems (NeurIPS)",
  pages="1993--2001",
  year="2016"
}


@article{Dai2016Discriminative,
  title="Discriminative embeddings of latent variable models for structured data",
  author="Hanjun {Dai} and Bo {Dai} and Le {Song}",
  journal="Proceedings of ICML",
  pages="2702--2711",
  year="2016"
}


@inproceedings{Dataset2005PolBlogs,
  title="The political blogosphere and the 2004 U.S. election: divided they blog",
  author="Lada A. {Adamic} and Natalie S. {Glance}",
  booktitle="Proceedings of the 3rd international workshop on Link discovery",
  pages="36--43",
  year="2005"
}


@inproceedings{KDD2016node2vec,
  title="node2vec: Scalable Feature Learning for Networks",
  author="Aditya {Grover} and Jure {Leskovec}",
  booktitle="Proceedings of the 22nd ACM SIGKDD International Conference on Knowledge Discovery and Data Mining (KDD)",
  pages="855--864",
  year="2016"
}


@inproceedings{KDD2015Pte,
  title="PTE: Predictive Text Embedding through Large-scale Heterogeneous Text Networks",
  author="Jian {Tang} and Meng {Qu} and Qiaozhu {Mei}",
  booktitle="Proceedings of the 21th ACM SIGKDD International Conference on Knowledge Discovery and Data Mining (KDD)",
  pages="1165--1174",
  year="2015"
}




@article{arXiv2018Adversarial,
  title="Adversarial Attacks on Node Embeddings",
  author="Aleksandar {Bojchevski} and Stephan {Günnemann}",
  journal="arXiv: Learning",
  year="2018"
}


@book{Book2012MatrixAnalysis,
  title="Matrix Analysis",
  author="G. W. {Stewart} and Charles R. {Johnson}",
  year="2012"
}


@inproceedings{kour2014real,
  title={Real-time segmentation of on-line handwritten arabic script},
  author={Kour, George and Saabne, Raid},
  booktitle={Frontiers in Handwriting Recognition (ICFHR), 2014 14th International Conference on},
  pages={417--422},
  year={2014},
  organization={IEEE}
}

@inproceedings{kour2014fast,
  title={Fast classification of handwritten on-line Arabic characters},
  author={Kour, George and Saabne, Raid},
  booktitle={Soft Computing and Pattern Recognition (SoCPaR), 2014 6th International Conference of},
  pages={312--318},
  year={2014},
  organization={IEEE}
}

@article{hadash2018estimate,
  title={Estimate and Replace: A Novel Approach to Integrating Deep Neural Networks with Existing Applications},
  author={Hadash, Guy and Kermany, Einat and Carmeli, Boaz and Lavi, Ofer and Kour, George and Jacovi, Alon},
  journal={arXiv preprint arXiv:1804.09028},
  year={2018}
}

@inproceedings{langley00,
 author    = {P. Langley},
 title     = {Crafting Papers on Machine Learning},
 year      = {2000},
 pages     = {1207--1216},
 editor    = {Pat Langley},
 booktitle     = {Proceedings of the 17th International Conference
              on Machine Learning (ICML 2000)},
 address   = {Stanford, CA},
 publisher = {Morgan Kaufmann}
}

@TechReport{mitchell80,
  author =   "T. M. Mitchell",
  title =    "The Need for Biases in Learning Generalizations",
  institution =  "Computer Science Department, Rutgers University",
  year =   "1980",
  address =  "New Brunswick, MA",
}

@phdthesis{kearns89,
  author = {M. J. Kearns},
  title =  {Computational Complexity of Machine Learning},
  school = {Department of Computer Science, Harvard University},
  year =   {1989}
}

@Book{MachineLearningI,
  editor =   "R. S. Michalski and J. G. Carbonell and T.
      M. Mitchell",
  title =    "Machine Learning: An Artificial Intelligence
      Approach, Vol. I",
  publisher =    "Tioga",
  year =   "1983",
  address =  "Palo Alto, CA"
}

@Book{DudaHart2nd,
  author =       "R. O. Duda and P. E. Hart and D. G. Stork",
  title =        "Pattern Classification",
  publisher =    "John Wiley and Sons",
  edition =      "2nd",
  year =         "2000"
}

@misc{anonymous,
  title= {Suppressed for Anonymity},
  author= {Author, N. N.},
  year= {2018}
}

@InCollection{Newell81,
  author =       "A. Newell and P. S. Rosenbloom",
  title =        "Mechanisms of Skill Acquisition and the Law of
                  Practice", 
  booktitle =    "Cognitive Skills and Their Acquisition",
  pages =        "1--51",
  publisher =    "Lawrence Erlbaum Associates, Inc.",
  year =         "1981",
  editor =       "J. R. Anderson",
  chapter =      "1",
  address =      "Hillsdale, NJ"
}


@Article{Samuel59,
  author =   "A. L. Samuel",
  title =    "Some Studies in Machine Learning Using the Game of
      Checkers",
  journal =  "IBM Journal of Research and Development",
  year =   "1959",
  volume =   "3",
  number =   "3",
  pages =  "211--229"
}


@article{Hinton06,
author = {Hinton, Geoffrey E. and Osindero, Simon and Teh, Yee Whye},
journal = {Neural Computation},
pages = {1527--1554},
title = {A Fast Learning Algorithm for Deep Belief Nets},
volume = {18},
year = {2006}
}


@article{garcia2017few,
  title={Few-shot learning with graph neural networks},
  author={Garcia, Victor and Bruna, Joan},
  journal={arXiv preprint arXiv:1711.04043},
  year={2017}
}

@article{amara2022graphframex,
  title={Graphframex: Towards systematic evaluation of explainability methods for graph neural networks},
  author={Amara, Kenza and Ying, Rex and Zhang, Zitao and Han, Zhihao and Shan, Yinan and Brandes, Ulrik and Schemm, Sebastian and Zhang, Ce},
  journal={arXiv preprint arXiv:2206.09677},
  year={2022}
}



@inproceedings{li2021dual,
  title={Dual attentive sequential learning for cross-domain click-through rate prediction},
  author={Li, Pan and Jiang, Zhichao and Que, Maofei and Hu, Yao and Tuzhilin, Alexander},
  booktitle={Proceedings of the 27th ACM SIGKDD conference on knowledge discovery \& data mining},
  pages={3172--3180},
  year={2021}
}


@inproceedings{hao2021adversarial,
  title={Adversarial feature translation for multi-domain recommendation},
  author={Hao, Xiaobo and Liu, Yudan and Xie, Ruobing and Ge, Kaikai and Tang, Linyao and Zhang, Xu and Lin, Leyu},
  booktitle={Proceedings of the 27th ACM SIGKDD Conference on Knowledge Discovery \& Data Mining},
  pages={2964--2973},
  year={2021}
}

@inproceedings{kang2019semi,
  title={Semi-supervised learning for cross-domain recommendation to cold-start users},
  author={Kang, SeongKu and Hwang, Junyoung and Lee, Dongha and Yu, Hwanjo},
  booktitle={Proceedings of the 28th ACM International Conference on Information and Knowledge Management},
  pages={1563--1572},
  year={2019}
}


@inproceedings{qiu2021memory,
  title={Memory augmented multi-instance contrastive predictive coding for sequential recommendation},
  author={Qiu, Ruihong and Huang, Zi and Yin, Hongzhi},
  booktitle={2021 IEEE International Conference on Data Mining (ICDM)},
  pages={519--528},
  year={2021},
  organization={IEEE}
}

@inproceedings{zhou2020s3,
  title={S3-rec: Self-supervised learning for sequential recommendation with mutual information maximization},
  author={Zhou, Kun and Wang, Hui and Zhao, Wayne Xin and Zhu, Yutao and Wang, Sirui and Zhang, Fuzheng and Wang, Zhongyuan and Wen, Ji-Rong},
  booktitle={Proceedings of the 29th ACM international conference on information \& knowledge management},
  pages={1893--1902},
  year={2020}
}

@inproceedings{ma2020disentangled,
  title={Disentangled self-supervision in sequential recommenders},
  author={Ma, Jianxin and Zhou, Chang and Yang, Hongxia and Cui, Peng and Wang, Xin and Zhu, Wenwu},
  booktitle={Proceedings of the 26th ACM SIGKDD International Conference on Knowledge Discovery \& Data Mining},
  pages={483--491},
  year={2020}
}