
@article{zack2024assessing,
  title={Assessing the potential of GPT-4 to perpetuate racial and gender biases in health care: a model evaluation study},
  author={Zack, Travis and Lehman, Eric and Suzgun, Mirac and Rodriguez, Jorge A and Celi, Leo Anthony and Gichoya, Judy and Jurafsky, Dan and Szolovits, Peter and Bates, David W and Abdulnour, Raja-Elie E and others},
  journal={The Lancet Digital Health},
  volume={6},
  number={1},
  pages={e12--e22},
  year={2024},
  publisher={Elsevier}
}

@article{nori2023capabilities,
  title={{Capabilities of GPT-4 on medical challenge problems}},
  author={Nori, Harsha and King, Nicholas and McKinney, Scott Mayer and Carignan, Dean and Horvitz, Eric},
  journal={arXiv preprint arXiv:2303.13375},
  year={2023}
}

@article{linos1980epidemiology,
  title={The epidemiology of rheumatoid arthritis in Rochester Minnesota: a study of incidence, prevalence, and mortality},
  author={Linos, Athena and Worthington, John W and O'FALLON, MICHAEL and Kurland, Leonard T},
  journal={American journal of epidemiology},
  volume={111},
  number={1},
  pages={87--98},
  year={1980},
  publisher={Oxford University Press}
}

@article{dash2023evaluation,
  title={{Evaluation of GPT-3.5 and GPT-4 for supporting real-world information needs in healthcare delivery}},
  author={Dash, Debadutta and Thapa, Rahul and Banda, Juan M and Swaminathan, Akshay and Cheatham, Morgan and Kashyap, Mehr and Kotecha, Nikesh and Chen, Jonathan H and Gombar, Saurabh and Downing, Lance and others},
  journal={arXiv preprint arXiv:2304.13714},
  year={2023}
}

@article{vig2020causal,
  title={Causal mediation analysis for interpreting neural nlp: The case of gender bias},
  author={Vig, Jesse and Gehrmann, Sebastian and Belinkov, Yonatan and Qian, Sharon and Nevo, Daniel and Sakenis, Simas and Huang, Jason and Singer, Yaron and Shieber, Stuart},
  journal={arXiv preprint arXiv:2004.12265},
  year={2020}
}

@article{singhal2023large,
  title={Large language models encode clinical knowledge},
  author={Singhal, Karan and Azizi, Shekoofeh and Tu, Tao and Mahdavi, S Sara and Wei, Jason and Chung, Hyung Won and Scales, Nathan and Tanwani, Ajay and Cole-Lewis, Heather and Pfohl, Stephen and others},
  journal={Nature},
  volume={620},
  number={7972},
  pages={172--180},
  year={2023},
  publisher={Nature Publishing Group}
}

@inproceedings{ceballos2024open,
  title={Open (clinical) llms are sensitive to instruction phrasings},
  author={Ceballos-Arroyo, Alberto Mario and Munnangi, Monica and Sun, Jiuding and Zhang, Karen and Mcinerney, Jered and Wallace, Byron C and Amir, Silvio},
  booktitle={Proceedings of the 23rd Workshop on Biomedical Natural Language Processing},
  pages={50--71},
  year={2024}
}

@article{zhou2023survey,
  title={A survey of large language models in medicine: Progress, application, and challenge},
  author={Zhou, Hongjian and Liu, Fenglin and Gu, Boyang and Zou, Xinyu and Huang, Jinfa and Wu, Jinge and Li, Yiru and Chen, Sam S and Zhou, Peilin and Liu, Junling and others},
  journal={arXiv preprint arXiv:2311.05112},
  year={2023}
}

@article{thirunavukarasu2023large,
  title={Large language models in medicine},
  author={Thirunavukarasu, Arun James and Ting, Darren Shu Jeng and Elangovan, Kabilan and Gutierrez, Laura and Tan, Ting Fang and Ting, Daniel Shu Wei},
  journal={Nature medicine},
  volume={29},
  number={8},
  pages={1930--1940},
  year={2023},
  publisher={Nature Publishing Group US New York}
}

@inproceedings{shaib-etal-2023-summarizing,
    title = "Summarizing, Simplifying, and Synthesizing Medical Evidence using {GPT}-3 (with Varying Success)",
    author = "Shaib, Chantal  and
      Li, Millicent  and
      Joseph, Sebastian  and
      Marshall, Iain  and
      Li, Junyi Jessy  and
      Wallace, Byron",
    editor = "Rogers, Anna  and
      Boyd-Graber, Jordan  and
      Okazaki, Naoaki",
    booktitle = "Proceedings of the Annual Meeting of the Association for Computational Linguistics (ACL)",
    year = "2023",
    address = "Toronto, Canada",
    publisher = "Association for Computational Linguistics",
    doi = "10.18653/v1/2023.acl-short.119",
    pages = "1387--1407",
}

@article{haltaufderheide2024ethics,
  title={{The ethics of ChatGPT in medicine and healthcare: a systematic review on Large Language Models (LLMs)}},
  author={Haltaufderheide, Joschka and Ranisch, Robert},
  journal={NPJ digital medicine},
  volume={7},
  number={1},
  pages={183},
  year={2024},
  publisher={Nature Publishing Group UK London}
}

@article{heimersheim2024use,
  title={How to use and interpret activation patching},
  author={Heimersheim, Stefan and Nanda, Neel},
  journal={arXiv preprint arXiv:2404.15255},
  year={2024}
}

@article{groeneveld2024olmo,
  title={Olmo: Accelerating the science of language models},
  author={Groeneveld, Dirk and Beltagy, Iz and Walsh, Pete and Bhagia, Akshita and Kinney, Rodney and Tafjord, Oyvind and Jha, Ananya Harsh and Ivison, Hamish and Magnusson, Ian and Wang, Yizhong and others},
  journal={arXiv preprint arXiv:2402.00838},
  year={2024}
}


@article{epic_gpt4_ehr,
  title = {{Epic and Microsoft Bring GPT-4 to EHRs}},
  author = {{Epic Systems Corporation}},
  journal = {Modern Healthcare},
  year = {2023},
  month = {May},
  url = {https://www.epic.com/epic/post/epic-and-microsoft-bring-gpt-4-to-ehrs/}
}

@inproceedings{agrawal-etal-2022-large,
    title = "Large language models are few-shot clinical information extractors",
    author = "Agrawal, Monica  and
      Hegselmann, Stefan  and
      Lang, Hunter  and
      Kim, Yoon  and
      Sontag, David",
    editor = "Goldberg, Yoav  and
      Kozareva, Zornitsa  and
      Zhang, Yue",
    booktitle = "Proceedings of the Conference on Empirical Methods in Natural Language Processing (EMNLP)",
    month = dec,
    year = "2022",
    address = "Abu Dhabi, United Arab Emirates",
    publisher = "Association for Computational Linguistics",
    pages = "1998--2022",
}

@article{hegselmann2024medical,
  title={Medical expert annotations of unsupported facts in doctor-written and LLM-generated patient summaries},
  author={Hegselmann, Stefan and Shen, Shannon and Gierse, Florian and Agrawal, Monica and Sontag, David and Jiang, Xiaoyi},
  journal={Physionet},
  year={2024}
}

@article{ahsan2024retrieving,
  title={Retrieving evidence from ehrs with llms: Possibilities and challenges},
  author={Ahsan, Hiba and McInerney, Denis Jered and Kim, Jisoo and Potter, Christopher and Young, Geoffrey and Amir, Silvio and Wallace, Byron C},
  journal={Proceedings of machine learning research},
  volume={248},
  pages={489},
  year={2024}
}

@article{meng2022locating,
  title={Locating and editing factual associations in GPT},
  author={Meng, Kevin and Bau, David and Andonian, Alex and Belinkov, Yonatan},
  journal={Advances in Neural Information Processing Systems},
  volume={35},
  pages={17359--17372},
  year={2022}
}

@article{sun2023evaluating,
  title={Evaluating the zero-shot robustness of instruction-tuned language models},
  author={Sun, Jiuding and Shaib, Chantal and Wallace, Byron C},
  journal={arXiv preprint arXiv:2306.11270},
  year={2023}
}

@article{hase2024does,
  title={Does localization inform editing? surprising differences in causality-based localization vs. knowledge editing in language models},
  author={Hase, Peter and Bansal, Mohit and Kim, Been and Ghandeharioun, Asma},
  journal={Advances in Neural Information Processing Systems},
  volume={36},
  year={2024}
}

@article{todd2023function,
  title={Function vectors in large language models},
  author={Todd, Eric and Li, Millicent L and Sharma, Arnab Sen and Mueller, Aaron and Wallace, Byron C and Bau, David},
  journal={arXiv preprint arXiv:2310.15213},
  year={2023}
}

@article{marks2023geometry,
  title={The geometry of truth: Emergent linear structure in large language model representations of true/false datasets},
  author={Marks, Samuel and Tegmark, Max},
  journal={arXiv preprint arXiv:2310.06824},
  year={2023}
}

@article{vyas2020association,
  title={Association of race and ethnicity with late-life depression severity, symptom burden, and care},
  author={Vyas, Chirag M and Donneyong, Macarius and Mischoulon, David and Chang, Grace and Gibson, Heike and Cook, Nancy R and Manson, JoAnn E and Reynolds, Charles F and Okereke, Olivia I},
  journal={JAMA network open},
  volume={3},
  number={3},
  pages={e201606--e201606},
  year={2020},
  publisher={American Medical Association}
}

@article{brody2018prevalence,
  title={Prevalence of depression among adults aged 20 and over: United States, 2013-2016},
  author={Brody, Debra J and Pratt, Laura A and Hughes, Jeffery P},
  year={2018},
  publisher={US Department of Health and Human Services, Centers for Disease Control and~â€¦},
  journal={NCHS Data Brief}
}

@article{bai2024measuring,
  title={Measuring implicit bias in explicitly unbiased large language models},
  author={Bai, Xuechunzi and Wang, Angelina and Sucholutsky, Ilia and Griffiths, Thomas L},
  journal={arXiv preprint arXiv:2402.04105},
  year={2024}
}

@inproceedings{adam2022write,
  title={Write it like you see it: Detectable differences in clinical notes by race lead to differential model recommendations},
  author={Adam, Hammaad and Yang, Ming Ying and Cato, Kenrick and Baldini, Ioana and Senteio, Charles and Celi, Leo Anthony and Zeng, Jiaming and Singh, Moninder and Ghassemi, Marzyeh},
  booktitle={Proceedings of the 2022 AAAI/ACM Conference on AI, Ethics, and Society},
  pages={7--21},
  year={2022}
}

@article{Yang_2024,
   title={Unmasking and quantifying racial bias of large language models in medical report generation},
   volume={4},
   ISSN={2730-664X},
   url={http://dx.doi.org/10.1038/s43856-024-00601-z},
   DOI={10.1038/s43856-024-00601-z},
   number={1},
   journal={Communications Medicine},
   publisher={Springer Science and Business Media LLC},
   author={Yang, Yifan and Liu, Xiaoyu and Jin, Qiao and Huang, Furong and Lu, Zhiyong},
   year={2024},
   month=sep }

@misc{poulain2024biaspatternsapplicationllms,
      title={Bias patterns in the application of LLMs for clinical decision support: A comprehensive study}, 
      author={Raphael Poulain and Hamed Fayyaz and Rahmatollah Beheshti},
      year={2024},
      eprint={2404.15149},
      archivePrefix={arXiv},
      primaryClass={cs.CL},
      url={https://arxiv.org/abs/2404.15149}, 
}

@article{zhang2024climb,
  title={CLIMB: A Benchmark of Clinical Bias in Large Language Models},
  author={Zhang, Yubo and Hou, Shudi and Ma, Mingyu Derek and Wang, Wei and Chen, Muhao and Zhao, Jieyu},
  journal={arXiv preprint arXiv:2407.05250},
  year={2024}
}


@article{chintam2023identifying,
  title={Identifying and adapting transformer-components responsible for gender bias in an english language model},
  author={Chintam, Abhijith and Beloch, Rahel and Zuidema, Willem and Hanna, Michael and Van Der Wal, Oskar},
  journal={arXiv preprint arXiv:2310.12611},
  year={2023}
}

@article{yu2025understanding,
  title={Understanding and Mitigating Gender Bias in LLMs via Interpretable Neuron Editing},
  author={Yu, Zeping and Ananiadou, Sophia},
  journal={arXiv preprint arXiv:2501.14457},
  year={2025}
}

@article{geva2023dissecting,
  title={Dissecting recall of factual associations in auto-regressive language models},
  author={Geva, Mor and Bastings, Jasmijn and Filippova, Katja and Globerson, Amir},
  journal={arXiv preprint arXiv:2304.14767},
  year={2023}
}


@misc{grattafiori2024llama3herdmodels,
      title={The Llama 3 Herd of Models}, 
      author={Aaron Grattafiori and Abhimanyu Dubey and Abhinav Jauhri and Abhinav Pandey and Abhishek Kadian and Ahmad Al-Dahle},
      year={2024},
      eprint={2407.21783},
      archivePrefix={arXiv},
      primaryClass={cs.AI},
      url={https://arxiv.org/abs/2407.21783}, 
}

@article{baughman2016sarcoidosis,
  title={Sarcoidosis in America. Analysis based on health care use},
  author={Baughman, Robert P and Field, Shelli and Costabel, Ulrich and Crystal, Ronald G and Culver, Daniel A and Drent, Marjolein and Judson, Marc A and Wolff, Gerhard},
  journal={Annals of the American Thoracic Society},
  volume={13},
  number={8},
  pages={1244--1252},
  year={2016},
  publisher={American Thoracic Society}
}

@article{hittle2023population,
  title={Population-based estimates for the prevalence of multiple sclerosis in the United States by race, ethnicity, age, sex, and geographic region},
  author={Hittle, Michael and Culpepper, William J and Langer-Gould, Annette and Marrie, Ruth Ann and Cutter, Gary R and Kaye, Wendy E and Wagner, Laurie and Topol, Barbara and LaRocca, Nicholas G and Nelson, Lorene M and others},
  journal={JAMA neurology},
  volume={80},
  number={7},
  pages={693--701},
  year={2023},
  publisher={American Medical Association}
}

@article{fiotto2024nnsight,
  title={Nnsight and ndif: Democratizing access to foundation model internals},
  author={Fiotto-Kaufman, Jaden and Loftus, Alexander R and Todd, Eric and Brinkmann, Jannik and Juang, Caden and Pal, Koyena and Rager, Can and Mueller, Aaron and Marks, Samuel and Sharma, Arnab Sen and others},
  journal={arXiv preprint arXiv:2407.14561},
  year={2024}
}

@misc{abdulnour2022deliberate,
  title={Deliberate practice at the virtual bedside to improve clinical reasoning},
  author={Abdulnour, Raja-Elie E and Parsons, Andrew S and Muller, Daniel and Drazen, Jeffrey and Rubin, Eric J and Rencic, Joseph},
  journal={New England Journal of Medicine},
  volume={386},
  number={20},
  pages={1946--1947},
  year={2022},
  publisher={Mass Medical Soc}
}

@article{kruszon2020prevalence,
  title={Prevalence and trends in hepatitis B virus infection in the United States, 2015--2018},
  author={Kruszon-Moran, Deanna and Paulose-Ram, Ryne and Martin, Crescent B and Barker, Laurie K and McQuillan, Geraldine},
  year={2020}
}

@misc{mimic-iv,
  title= {"MIMIC-IV-Note: Deidentified free-text clinical notes" (version 2.2), PhysioNet},
  author = {Johnson, A. and Pollard, T. and Horng, S.and Celi, L. A. and Mark, R.},
  year = 2023,
  note = {\url{https://doi.org/10.13026/1n74-ne17}}
}

@article{feucht2024token,
  title={Token Erasure as a Footprint of Implicit Vocabulary Items in LLMs},
  author={Feucht, Sheridan and Atkinson, David and Wallace, Byron and Bau, David},
  journal={arXiv preprint arXiv:2406.20086},
  year={2024}
}