@article{Yang_2024,
   title={Unmasking and quantifying racial bias of large language models in medical report generation},
   volume={4},
   ISSN={2730-664X},
   url={http://dx.doi.org/10.1038/s43856-024-00601-z},
   DOI={10.1038/s43856-024-00601-z},
   number={1},
   journal={Communications Medicine},
   publisher={Springer Science and Business Media LLC},
   author={Yang, Yifan and Liu, Xiaoyu and Jin, Qiao and Huang, Furong and Lu, Zhiyong},
   year={2024},
   month=sep }

@article{chintam2023identifying,
  title={Identifying and adapting transformer-components responsible for gender bias in an english language model},
  author={Chintam, Abhijith and Beloch, Rahel and Zuidema, Willem and Hanna, Michael and Van Der Wal, Oskar},
  journal={arXiv preprint arXiv:2310.12611},
  year={2023}
}

@misc{poulain2024biaspatternsapplicationllms,
      title={Bias patterns in the application of LLMs for clinical decision support: A comprehensive study}, 
      author={Raphael Poulain and Hamed Fayyaz and Rahmatollah Beheshti},
      year={2024},
      eprint={2404.15149},
      archivePrefix={arXiv},
      primaryClass={cs.CL},
      url={https://arxiv.org/abs/2404.15149}, 
}

@article{vig2020causal,
  title={Causal mediation analysis for interpreting neural nlp: The case of gender bias},
  author={Vig, Jesse and Gehrmann, Sebastian and Belinkov, Yonatan and Qian, Sharon and Nevo, Daniel and Sakenis, Simas and Huang, Jason and Singer, Yaron and Shieber, Stuart},
  journal={arXiv preprint arXiv:2004.12265},
  year={2020}
}

@article{yu2025understanding,
  title={Understanding and Mitigating Gender Bias in LLMs via Interpretable Neuron Editing},
  author={Yu, Zeping and Ananiadou, Sophia},
  journal={arXiv preprint arXiv:2501.14457},
  year={2025}
}

@article{zack2024assessing,
  title={Assessing the potential of GPT-4 to perpetuate racial and gender biases in health care: a model evaluation study},
  author={Zack, Travis and Lehman, Eric and Suzgun, Mirac and Rodriguez, Jorge A and Celi, Leo Anthony and Gichoya, Judy and Jurafsky, Dan and Szolovits, Peter and Bates, David W and Abdulnour, Raja-Elie E and others},
  journal={The Lancet Digital Health},
  volume={6},
  number={1},
  pages={e12--e22},
  year={2024},
  publisher={Elsevier}
}

@article{zhang2024climb,
  title={CLIMB: A Benchmark of Clinical Bias in Large Language Models},
  author={Zhang, Yubo and Hou, Shudi and Ma, Mingyu Derek and Wang, Wei and Chen, Muhao and Zhao, Jieyu},
  journal={arXiv preprint arXiv:2407.05250},
  year={2024}
}

