@standard{3gpp_36212_std,
  title        = {Technical Specification Group Radio Access Network; Evolved Universal Terrestrial Radio Access (E-UTRA); Multiplexing and channel coding (Release 16)},
  institution  = {3GPP},
  month        = {March},
  year         = {2021},
  note         = {3GPP TS 36.212, V16.5.0},
}

@standard{3gpp_38212_std,
  title        = {Technical Specification Group Radio Access Network; NR; Multiplexing and channel coding (Release 18)},
  institution  = {3GPP},
  month        = {September},
  year         = {2023},
  note         = {3GPP TS 38.212, V18.0.0},
}

@article{6g_unify_decoder,
	title = {{6G}: {A} {welcome} {chance} to {unify} {channel} {coding}?},
	volume = {3},
	issn = {2692-4110, 2692-4080},
	shorttitle = {{6G}},
	doi = {10.1109/MBITS.2023.3322974},
	number = {1},
	urldate = {2024-04-07},
	journal = {IEEE BITS Inf. Theory Mag.},
	author = {Geiselhart, Marvin and Krieg, Felix and Clausius, Jannis and Tandler, Daniel and Ten Brink, Stephan},
	month = mar,
	year = {2023},
	pages = {67--80},
}

@article{bcjr_alg_1974,
	title = {Optimal decoding of linear codes for minimizing symbol error rate ({Corresp}.)},
	volume = {20},
	issn = {1557-9654},
	doi = {10.1109/TIT.1974.1055186},
	number = {2},
	journal = {IEEE Transactions on Information Theory},
	author = {Bahl, L. and Cocke, J. and Jelinek, F. and Raviv, J.},
	month = mar,
	year = {1974},
	pages = {284--287},
}

@article{comm_alg_via_dl,
  title={Communication algorithms via deep learning},
  author={Kim, Hyeji and Jiang, Yihan and Rana, Ranvir and Kannan, Sreeram and Oh, Sewoong and Viswanath, Pramod},
  journal={arXiv preprint arXiv:1805.09317},
  year={2018}
}

@book{conv_code,
  title={Fundamentals of convolutional coding},
  author={Johannesson, Rolf and Zigangirov, Kamil Sh},
  year={2015},
  publisher={John Wiley \& Sons},
}

@INPROCEEDINGS{deep_turbo,
  author={Jiang, Yihan and Kannan, Sreeram and Kim, Hyeji and Oh, Sewoong and Asnani, Himanshu and Viswanath, Pramod},
  booktitle={2019 IEEE 20th International Workshop on Signal Processing Advances in Wireless Communications (SPAWC)}, 
  title={DEEPTURBO: Deep Turbo Decoder}, 
  year={2019},
  volume={},
  number={},
  pages={1-5},
}

@standard{ieee_80211_std,
	title = {{IEEE} {Standard} for {Information} {Technology}--{Telecommunications} and {Information} {Exchange} between {Systems} - {Local} and {Metropolitan} {Area} {Networks}--{Specific} {Requirements} - {Part} 11: {Wireless} {LAN} {Medium} {Access} {Control} ({MAC}) and {Physical} {Layer} ({PHY}) {Specifications}},
    institution  = {IEEE},
	doi = {10.1109/IEEESTD.2021.9363693},
	journal = {IEEE Std 802.11-2020 (Revision of IEEE Std 802.11-2016)},
	month = feb,
	year = {2021},
	pages = {1--4379},
}

@inproceedings{lbc_ecct,
	title = {Error {Correction} {Code} {Transformer}},
	volume = {35},
	booktitle = {Advances in {Neural} {Information} {Processing} {Systems}},
	publisher = {Curran Associates, Inc.},
	author = {Choukroun, Yoni and Wolf, Lior},
	editor = {Koyejo, S. and Mohamed, S. and Agarwal, A. and Belgrave, D. and Cho, K. and Oh, A.},
	year = {2022},
	pages = {38695--38705},
}

@misc{lbc_uecct,
	title = {Error {Correction} {Code} {Transformer}: {From} {Non}-{Unified} to {Unified}},
	shorttitle = {Error {Correction} {Code} {Transformer}},
	urldate = {2024-10-07},
	publisher = {arXiv},
	author = {Yan, Yongli and Zhu, Jieao and Zheng, Tianyue and He, Jiaqi and Dai, Linglong},
	month = oct,
	year = {2024},
	note = {arXiv:2410.03364},
}

@article{ldpc_code,
	title = {Low-density parity-check codes},
	volume = {8},
	issn = {0018-9448},
	doi = {10.1109/TIT.1962.1057683},
	language = {en},
	number = {1},
	urldate = {2024-04-01},
	journal = {IEEE Trans. Inf. Theory},
	author = {Gallager, R.},
	month = jan,
	year = {1962},
	pages = {21--28},
}

@INPROCEEDINGS{mind_model_independent,
  author={Jiang, Yihan and Kim, Hyeji and Asnani, Himanshu and Kannan, Sreeram},
  booktitle={2019 IEEE 20th International Workshop on Signal Processing Advances in Wireless Communications (SPAWC)}, 
  title={MIND: Model Independent Neural Decoder}, 
  year={2019},
  volume={},
  number={},
  pages={1-5},
  keywords={},
  doi={10.1109/SPAWC.2019.8815537},
}

@INPROCEEDINGS{ml_ch_dec0,
  author={Gruber, Tobias and Cammerer, Sebastian and Hoydis, Jakob and Brink, Stephan ten},
  booktitle={2017 51st Annual Conference on Information Sciences and Systems (CISS)}, 
  title={On deep learning-based channel decoding}, 
  year={2017},
  volume={},
  number={},
  pages={1-6},
  keywords={Artificial neural networks;Training;Maximum likelihood decoding;Neurons;Noise measurement},
  doi={10.1109/CISS.2017.7926071},
}

@ARTICLE{ml_ch_dec1,
  author={Wu, Xiaoning and Jiang, Ming and Zhao, Chunming},
  journal={IEEE Access}, 
  title={Decoding Optimization for 5G LDPC Codes by Machine Learning}, 
  year={2018},
  volume={6},
  number={},
  pages={50179-50186},
}

@ARTICLE{ml_ch_est0,
  author={Soltani, Mehran and Pourahmadi, Vahid and Mirzaei, Ali and Sheikhzadeh, Hamid},
  journal={IEEE Communications Letters}, 
  title={Deep Learning-Based Channel Estimation}, 
  year={2019},
  volume={23},
  number={4},
  pages={652-655},
}

@article{ml_ch_est1,
	title = {Deep {Learning}-{Based} {Channel} {Estimation} for {Wideband} {Hybrid} {MmWave} {Massive} {MIMO}},
	volume = {71},
	issn = {1558-0857},
	doi = {10.1109/TCOMM.2023.3258484},
	number = {6},
	journal = {IEEE Transactions on Communications},
	author = {Gao, Jiabao and Zhong, Caijun and Li, Geoffrey Ye and Soriaga, Joseph B. and Behboodi, Arash},
	month = jun,
	year = {2023},
	pages = {3679--3693},
}

@article{ml_mimo_det0,
	title = {Real-{Time} {Machine} {Learning} for {Multi}-{User} {Massive} {MIMO}: {Symbol} {Detection} {Using} {Multi}-{Mode} {StructNet}},
	volume = {22},
	issn = {1558-2248},
	doi = {10.1109/TWC.2023.3268945},
	number = {12},
	journal = {IEEE Transactions on Wireless Communications},
	author = {Li, Lianjun and Xu, Jiarui and Zheng, Lizhong and Liu, Lingjia},
	month = dec,
	year = {2023},
	pages = {9172--9186},
}

@article{ml_mimo_det1,
	title = {Deep {Learning} for {Detection} and {Identification} of {Asynchronous} {Pilot} {Spoofing} {Attacks} in {Massive} {MIMO} {Networks}},
	volume = {23},
	issn = {1558-2248},
	doi = {10.1109/TWC.2024.3450834},
	number = {11},
	journal = {IEEE Transactions on Wireless Communications},
	author = {Choudhury, Fuad and Ikhlef, Aissa and Saad, Walid and Debbah, Mérouane},
	month = nov,
	year = {2024},
	pages = {17103--17114},
}

@inproceedings{mumimo_5gnr_sionna,
	address = {Kuala Lumpur, Malaysia},
	title = {A {Neural} {Receiver} for {5G} {NR} {Multi}-{User} {MIMO}},
	isbn = {979-8-3503-7021-8},
	doi = {10.1109/GCWkshps58843.2023.10464486},
	urldate = {2024-06-12},
	booktitle = {2023 {IEEE} {Globecom} {Workshops} ({GC} {Wkshps})},
	publisher = {IEEE},
	author = {Cammerer, Sebastian and Aoudia, Fayçal Aït and Hoydis, Jakob and Oeldemann, Andreas and Roessler, Andreas and Mayer, Timo and Keller, Alexander},
	month = dec,
	year = {2023},
	pages = {329--334},
}

@article{polar_code,
	title = {Channel {polarization}: {a} {method} for {constructing} {capacity}-{achieving} {codes} for {symmetric} {binary}-{input} {memoryless} {channels}},
	volume = {55},
	issn = {0018-9448, 1557-9654},
	shorttitle = {Channel {Polarization}},
	doi = {10.1109/TIT.2009.2021379},
	number = {7},
	urldate = {2023-10-09},
	journal = {IEEE Trans. Inf. Theory},
	author = {Arikan, Erdal},
	month = jul,
	year = {2009},
	pages = {3051--3073},
}

@misc{sionna_lib,
	title = {Sionna: {An} {Open}-{Source} {Library} for {Next}-{Generation} {Physical} {Layer} {Research}},
	shorttitle = {Sionna},
	urldate = {2024-06-13},
	publisher = {arXiv},
	author = {Hoydis, Jakob and Cammerer, Sebastian and Aoudia, Fayçal Ait and Vem, Avinash and Binder, Nikolaus and Marcus, Guillermo and Keller, Alexander},
	month = mar,
	year = {2023},
}

@misc{std_5gnr_sionna,
	title = {Design of a {Standard}-{Compliant} {Real}-{Time} {Neural} {Receiver} for {5G} {NR}},
	urldate = {2024-10-03},
	publisher = {arXiv},
	author = {Wiesmayr, Reinhard and Cammerer, Sebastian and Aoudia, Fayçal Aït and Hoydis, Jakob and Zakrzewski, Jakub and Keller, Alexander},
	month = sep,
	year = {2024},
}

@inproceedings{turbo_autoencoder,
 author = {Jiang, Yihan and Kim, Hyeji and Asnani, Himanshu and Kannan, Sreeram and Oh, Sewoong and Viswanath, Pramod},
 booktitle = {Advances in Neural Information Processing Systems},
 editor = {H. Wallach and H. Larochelle and A. Beygelzimer and F. d\textquotesingle Alch\'{e}-Buc and E. Fox and R. Garnett},
 pages = {},
 publisher = {Curran Associates, Inc.},
 title = {Turbo Autoencoder: Deep learning based channel codes for point-to-point communication channels},
 volume = {32},
 year = {2019},
}

@article{turbo_code,
  title={On the design of turbo codes},
  author={Divsalar, Dariush and Pollara, Fabrizio},
  journal={The Telecommunications and Data Acquisition Progress Report 42-123},
  year={1995},
}

@article{viterbi_alg_1967,
	title = {Error bounds for convolutional codes and an asymptotically optimum decoding algorithm},
	volume = {13},
	issn = {1557-9654},
	doi = {10.1109/TIT.1967.1054010},
	number = {2},
	journal = {IEEE Transactions on Information Theory},
	author = {Viterbi, A.},
	month = apr,
	year = {1967},
	pages = {260--269},
}

