@standard{ieee_80211_std,
	title = {{IEEE} {Standard} for {Information} {Technology}--{Telecommunications} and {Information} {Exchange} between {Systems} - {Local} and {Metropolitan} {Area} {Networks}--{Specific} {Requirements} - {Part} 11: {Wireless} {LAN} {Medium} {Access} {Control} ({MAC}) and {Physical} {Layer} ({PHY}) {Specifications}},
    institution  = {IEEE},
	doi = {10.1109/IEEESTD.2021.9363693},
	journal = {IEEE Std 802.11-2020 (Revision of IEEE Std 802.11-2016)},
	month = feb,
	year = {2021},
	pages = {1--4379},
}

@standard{3gpp_36212_std,
  title        = {Technical Specification Group Radio Access Network; Evolved Universal Terrestrial Radio Access (E-UTRA); Multiplexing and channel coding (Release 16)},
  institution  = {3GPP},
  month        = {March},
  year         = {2021},
  note         = {3GPP TS 36.212, V16.5.0},
}

@standard{3gpp_38212_std,
  title        = {Technical Specification Group Radio Access Network; NR; Multiplexing and channel coding (Release 18)},
  institution  = {3GPP},
  month        = {September},
  year         = {2023},
  note         = {3GPP TS 38.212, V18.0.0},
}

@techreport{3gpp_tr37817,
  author       = {{3rd Generation Partnership Project (3GPP)}},
  title        = {Study on enhancement for data collection for {NR} and {ENDC}},
  institution  = {3rd Generation Partnership Project (3GPP)},
  number       = {TR 37.817},
  year         = {2022},
}

@article{toward_6G,
	title = {Toward {6G} {Networks}: {Use} {Cases} and {Technologies}},
	volume = {58},
	issn = {0163-6804, 1558-1896},
	shorttitle = {Toward {6G} {Networks}},
	doi = {10.1109/MCOM.001.1900411},
	number = {3},
	urldate = {2024-04-01},
	journal = {IEEE Communications Magazine},
	author = {Giordani, Marco and Polese, Michele and Mezzavilla, Marco and Rangan, Sundeep and Zorzi, Michele},
	month = mar,
	year = {2020},
	pages = {55--61},
}

@article{polar_code,
	title = {Channel {polarization}: {a} {method} for {constructing} {capacity}-{achieving} {codes} for {symmetric} {binary}-{input} {memoryless} {channels}},
	volume = {55},
	issn = {0018-9448, 1557-9654},
	shorttitle = {Channel {Polarization}},
	doi = {10.1109/TIT.2009.2021379},
	number = {7},
	urldate = {2023-10-09},
	journal = {IEEE Trans. Inf. Theory},
	author = {Arikan, Erdal},
	month = jul,
	year = {2009},
	pages = {3051--3073},
}

@article{ldpc_code,
	title = {Low-density parity-check codes},
	volume = {8},
	issn = {0018-9448},
	doi = {10.1109/TIT.1962.1057683},
	language = {en},
	number = {1},
	urldate = {2024-04-01},
	journal = {IEEE Trans. Inf. Theory},
	author = {Gallager, R.},
	month = jan,
	year = {1962},
	pages = {21--28},
}

@ARTICLE{polar_scl,
  author={Balatsoukas-Stimming, Alexios and Parizi, Mani Bastani and Burg, Andreas},
  journal={IEEE Transactions on Signal Processing}, 
  title={LLR-Based Successive Cancellation List Decoding of Polar Codes}, 
  year={2015},
  volume={63},
  number={19},
  pages={5165-5179},
  doi={10.1109/TSP.2015.2439211},
}

@article{ldpc_ms,
	title = {Reduced complexity iterative decoding of low-density parity check codes based on belief propagation},
	volume = {47},
	issn = {00906778},
	doi = {10.1109/26.768759},
	number = {5},
	urldate = {2024-01-09},
	journal = {IEEE Trans. Commun.},
	author = {Fossorier, M.P.C. and Mihaljevic, M. and Imai, H.},
	month = may,
	year = {1999},
	pages = {673--680},
}

@book{conv_code,
  title={Fundamentals of convolutional coding},
  author={Johannesson, Rolf and Zigangirov, Kamil Sh},
  year={2015},
  publisher={John Wiley \& Sons},
}

@article{turbo_code,
  title={On the design of turbo codes},
  author={Divsalar, Dariush and Pollara, Fabrizio},
  journal={The Telecommunications and Data Acquisition Progress Report 42-123},
  year={1995},
}

@article{6g_unify_decoder,
	title = {{6G}: {A} {welcome} {chance} to {unify} {channel} {coding}?},
	volume = {3},
	issn = {2692-4110, 2692-4080},
	shorttitle = {{6G}},
	doi = {10.1109/MBITS.2023.3322974},
	number = {1},
	urldate = {2024-04-07},
	journal = {IEEE BITS Inf. Theory Mag.},
	author = {Geiselhart, Marvin and Krieg, Felix and Clausius, Jannis and Tandler, Daniel and Ten Brink, Stephan},
	month = mar,
	year = {2023},
	pages = {67--80},
}

@article{viterbi_alg_1967,
	title = {Error bounds for convolutional codes and an asymptotically optimum decoding algorithm},
	volume = {13},
	issn = {1557-9654},
	doi = {10.1109/TIT.1967.1054010},
	number = {2},
	journal = {IEEE Transactions on Information Theory},
	author = {Viterbi, A.},
	month = apr,
	year = {1967},
	pages = {260--269},
}

@article{bcjr_alg_1974,
	title = {Optimal decoding of linear codes for minimizing symbol error rate ({Corresp}.)},
	volume = {20},
	issn = {1557-9654},
	doi = {10.1109/TIT.1974.1055186},
	number = {2},
	journal = {IEEE Transactions on Information Theory},
	author = {Bahl, L. and Cocke, J. and Jelinek, F. and Raviv, J.},
	month = mar,
	year = {1974},
	pages = {284--287},
}

@article{lbc_dl_dec0,
	title = {Deep {learning} {methods} for {improved} {decoding} of {linear} {codes}},
	volume = {12},
	issn = {1941-0484},
	doi = {10.1109/JSTSP.2017.2788405},
	number = {1},
	journal = {IEEE J. Sel. Topics Signal Process.},
	author = {{E. Nachmani} and {E. Marciano} and {L. Lugosch} and {W. J. Gross} and {D. Burshtein} and {Y. Beâ€™ery}},
	month = feb,
	year = {2018},
	pages = {119--131},
}

@article{lbc_dl_dec1,
	title = {Learning to {decode} {protograph} {ldpc} {codes}},
	volume = {39},
	issn = {0733-8716, 1558-0008},
	doi = {10.1109/JSAC.2021.3078488},
	number = {7},
	urldate = {2024-01-09},
	journal = {IEEE J. Sel. Areas Commun.},
	author = {Dai, Jincheng and Tan, Kailin and Si, Zhongwei and Niu, Kai and Chen, Mingzhe and Poor, H. Vincent and Cui, Shuguang},
	month = jul,
	year = {2021},
	pages = {1983--1999},
}

@inproceedings{lbc_dl_dec2,
	title = {Error {Correction} {Code} {Transformer}},
	volume = {35},
	booktitle = {Advances in {Neural} {Information} {Processing} {Systems}},
	publisher = {Curran Associates, Inc.},
	author = {Choukroun, Yoni and Wolf, Lior},
	editor = {Koyejo, S. and Mohamed, S. and Agarwal, A. and Belgrave, D. and Cho, K. and Oh, A.},
	year = {2022},
	pages = {38695--38705},
}

@inproceedings{lbc_ecct,
	title = {Error {Correction} {Code} {Transformer}},
	volume = {35},
	booktitle = {Advances in {Neural} {Information} {Processing} {Systems}},
	publisher = {Curran Associates, Inc.},
	author = {Choukroun, Yoni and Wolf, Lior},
	editor = {Koyejo, S. and Mohamed, S. and Agarwal, A. and Belgrave, D. and Cho, K. and Oh, A.},
	year = {2022},
	pages = {38695--38705},
}

@misc{lbc_uecct,
	title = {Error {Correction} {Code} {Transformer}: {From} {Non}-{Unified} to {Unified}},
	shorttitle = {Error {Correction} {Code} {Transformer}},
	urldate = {2024-10-07},
	publisher = {arXiv},
	author = {Yan, Yongli and Zhu, Jieao and Zheng, Tianyue and He, Jiaqi and Dai, Linglong},
	month = oct,
	year = {2024},
	note = {arXiv:2410.03364},
}

@article{viterbi_implementation_1995,
	title = {Implementing the {Viterbi} algorithm},
	volume = {12},
	issn = {1558-0792},
	doi = {10.1109/79.410439},
	number = {5},
	journal = {IEEE Signal Processing Magazine},
	author = {Lou, H.-L.},
	month = sep,
	year = {1995},
	pages = {42--52},
}

@article{bcjr_implementation_1998,
	title = {Implementation and performance of a turbo/{MAP} decoder},
	volume = {16},
	doi = {https://doi.org/10.1002/(SICI)1099-1247(199801/02)16:1<23::AID-SAT590>3.0.CO;2-W},
	number = {1},
	journal = {International Journal of Satellite Communications},
	author = {Pietrobon, Steven S.},
	year = {1998},
	keywords = {MAP decoding, synchronization, turbo coding},
	pages = {23--46},
}

@misc{chatgpt,
  author       = {OpenAI},
  title        = {ChatGPT: {L}arge {L}anguage {M}odel ({D}ecember 2024 version)},
  howpublished = {Available: \url{https://chat.openai.com/}},
  year         = {2024},
  note         = {Accessed: Dec. 21, 2024}
}


@article{ml_for_cv,
	title = {Deep {Learning} for {Computer} {Vision}: {A} {Brief} {Review}},
	volume = {2018},
	issn = {1687-5265, 1687-5273},
	shorttitle = {Deep {Learning} for {Computer} {Vision}},
	doi = {10.1155/2018/7068349},
	language = {en},
	urldate = {2025-01-06},
	journal = {Computational Intelligence and Neuroscience},
	author = {Voulodimos, Athanasios and Doulamis, Nikolaos and Doulamis, Anastasios and Protopapadakis, Eftychios},
	year = {2018},
	pages = {1--13},
}

@ARTICLE{ml_ch_est0,
  author={Soltani, Mehran and Pourahmadi, Vahid and Mirzaei, Ali and Sheikhzadeh, Hamid},
  journal={IEEE Communications Letters}, 
  title={Deep Learning-Based Channel Estimation}, 
  year={2019},
  volume={23},
  number={4},
  pages={652-655},
}

@article{ml_ch_est1,
	title = {Deep {Learning}-{Based} {Channel} {Estimation} for {Wideband} {Hybrid} {MmWave} {Massive} {MIMO}},
	volume = {71},
	issn = {1558-0857},
	doi = {10.1109/TCOMM.2023.3258484},
	number = {6},
	journal = {IEEE Transactions on Communications},
	author = {Gao, Jiabao and Zhong, Caijun and Li, Geoffrey Ye and Soriaga, Joseph B. and Behboodi, Arash},
	month = jun,
	year = {2023},
	pages = {3679--3693},
}

@article{ml_ch_est2,
	title = {Towards deep learning-aided wireless channel estimation and channel state information feedback for {6G}},
	volume = {25},
	issn = {1976-5541},
	doi = {10.23919/JCN.2022.000037},
	number = {1},
	journal = {Journal of Communications and Networks},
	author = {{W. Kim} and {Y. Ahn} and {J. Kim} and {B. Shim}},
	month = feb,
	year = {2023},
	pages = {61--75},
}

@article{ml_ch_est3,
	title = {Deep learning for joint channel estimation and feedback in massive {MIMO} systems},
	volume = {10},
	issn = {23528648},
	doi = {10.1016/j.dcan.2023.01.011},
	language = {en},
	number = {1},
	urldate = {2024-12-18},
	journal = {Digital Communications and Networks},
	author = {Guo, Jiajia and Chen, Tong and Jin, Shi and Li, Geoffrey Ye and Wang, Xin and Hou, Xiaolin},
	month = feb,
	year = {2024},
	pages = {83--93},
}

@article{ml_mimo_det0,
	title = {Real-{Time} {Machine} {Learning} for {Multi}-{User} {Massive} {MIMO}: {Symbol} {Detection} {Using} {Multi}-{Mode} {StructNet}},
	volume = {22},
	issn = {1558-2248},
	doi = {10.1109/TWC.2023.3268945},
	number = {12},
	journal = {IEEE Transactions on Wireless Communications},
	author = {Li, Lianjun and Xu, Jiarui and Zheng, Lizhong and Liu, Lingjia},
	month = dec,
	year = {2023},
	pages = {9172--9186},
}

@article{ml_mimo_det1,
	title = {Deep {Learning} for {Detection} and {Identification} of {Asynchronous} {Pilot} {Spoofing} {Attacks} in {Massive} {MIMO} {Networks}},
	volume = {23},
	issn = {1558-2248},
	doi = {10.1109/TWC.2024.3450834},
	number = {11},
	journal = {IEEE Transactions on Wireless Communications},
	author = {Choudhury, Fuad and Ikhlef, Aissa and Saad, Walid and Debbah, MÃ©rouane},
	month = nov,
	year = {2024},
	pages = {17103--17114},
}

@article{ml_mimo_det2,
	title = {Generalizing {Projected} {Gradient} {Descent} for {Deep}-{Learning}-{Aided} {Massive} {MIMO} {Detection}},
	volume = {23},
	issn = {1558-2248},
	doi = {10.1109/TWC.2023.3292124},
	number = {3},
	journal = {IEEE Transactions on Wireless Communications},
	author = {He, Lanxin and Wang, Zheng and Yang, Shaoshi and Liu, Tao and Huang, Yongming},
	month = mar,
	year = {2024},
	pages = {1827--1839},
}

@INPROCEEDINGS{ml_ch_dec0,
  author={Gruber, Tobias and Cammerer, Sebastian and Hoydis, Jakob and Brink, Stephan ten},
  booktitle={2017 51st Annual Conference on Information Sciences and Systems (CISS)}, 
  title={On deep learning-based channel decoding}, 
  year={2017},
  volume={},
  number={},
  pages={1-6},
  keywords={Artificial neural networks;Training;Maximum likelihood decoding;Neurons;Noise measurement},
  doi={10.1109/CISS.2017.7926071},
}

@ARTICLE{ml_ch_dec1,
  author={Wu, Xiaoning and Jiang, Ming and Zhao, Chunming},
  journal={IEEE Access}, 
  title={Decoding Optimization for 5G LDPC Codes by Machine Learning}, 
  year={2018},
  volume={6},
  number={},
  pages={50179-50186},
}

@inproceedings{ml_ch_dec2,
 author = {Habib, Salman and Beemer, Allison and Kliewer, Joerg},
 booktitle = {Advances in Neural Information Processing Systems},
 editor = {H. Larochelle and M. Ranzato and R. Hadsell and M.F. Balcan and H. Lin},
 pages = {22396--22406},
 publisher = {Curran Associates, Inc.},
 title = {Learning to Decode: Reinforcement Learning for Decoding of Sparse Graph-Based Channel Codes},
 volume = {33},
 year = {2020},
}

@misc{sionna_lib,
	title = {Sionna: {An} {Open}-{Source} {Library} for {Next}-{Generation} {Physical} {Layer} {Research}},
	shorttitle = {Sionna},
	urldate = {2024-06-13},
	publisher = {arXiv},
	author = {Hoydis, Jakob and Cammerer, Sebastian and Aoudia, FayÃ§al Ait and Vem, Avinash and Binder, Nikolaus and Marcus, Guillermo and Keller, Alexander},
	month = mar,
	year = {2023},
}

@inproceedings{mumimo_5gnr_sionna,
	address = {Kuala Lumpur, Malaysia},
	title = {A {Neural} {Receiver} for {5G} {NR} {Multi}-{User} {MIMO}},
	isbn = {979-8-3503-7021-8},
	doi = {10.1109/GCWkshps58843.2023.10464486},
	urldate = {2024-06-12},
	booktitle = {2023 {IEEE} {Globecom} {Workshops} ({GC} {Wkshps})},
	publisher = {IEEE},
	author = {Cammerer, Sebastian and Aoudia, FayÃ§al AÃ¯t and Hoydis, Jakob and Oeldemann, Andreas and Roessler, Andreas and Mayer, Timo and Keller, Alexander},
	month = dec,
	year = {2023},
	pages = {329--334},
}

@misc{std_5gnr_sionna,
	title = {Design of a {Standard}-{Compliant} {Real}-{Time} {Neural} {Receiver} for {5G} {NR}},
	urldate = {2024-10-03},
	publisher = {arXiv},
	author = {Wiesmayr, Reinhard and Cammerer, Sebastian and Aoudia, FayÃ§al AÃ¯t and Hoydis, Jakob and Zakrzewski, Jakub and Keller, Alexander},
	month = sep,
	year = {2024},
}

@inproceedings{transformer_mimo_equ,
	title = {Transformer-{Based} {Adaptive} {OFDM} {MIMO} {Equalization} in {Intelligence}-{Native} {RAN}},
	doi = {10.1109/ICCCWorkshops62562.2024.10693758},
	booktitle = {2024 {IEEE}/{CIC} {International} {Conference} on {Communications} in {China} ({ICCC} {Workshops})},
	author = {Song, Zihang and Ma, Yuan and You, Chaoqun and Yuan, Haoxuan and Peng, Jinbo and Gao, Yue},
	month = aug,
	year = {2024},
	note = {ISSN: 2474-9141},
	pages = {179--184},
}

@article{rnn_network,
  title={Recurrent neural networks},
  author={Medsker, Larry R and Jain, Lakhmi and others},
  journal={Design and Applications},
  volume={5},
  number={64-67},
  pages={2},
  year={2001}
}

@Inbook{lstm_network,
author="Graves, Alex",
title="Long Short-Term Memory",
bookTitle="Supervised Sequence Labelling with Recurrent Neural Networks",
year="2012",
publisher="Springer Berlin Heidelberg",
address="Berlin, Heidelberg",
pages="37--45",
isbn="978-3-642-24797-2",
}

@article{lstm_nn,
  title={Long short-term memory},
  author={Schmidhuber, J{\"u}rgen and Hochreiter, Sepp and others},
  journal={Neural Comput},
  volume={9},
  number={8},
  pages={1735--1780},
  year={1997}
}

@article{comm_alg_via_dl,
  title={Communication algorithms via deep learning},
  author={Kim, Hyeji and Jiang, Yihan and Rana, Ranvir and Kannan, Sreeram and Oh, Sewoong and Viswanath, Pramod},
  journal={arXiv preprint arXiv:1805.09317},
  year={2018}
}

@INPROCEEDINGS{deep_turbo,
  author={Jiang, Yihan and Kannan, Sreeram and Kim, Hyeji and Oh, Sewoong and Asnani, Himanshu and Viswanath, Pramod},
  booktitle={2019 IEEE 20th International Workshop on Signal Processing Advances in Wireless Communications (SPAWC)}, 
  title={DEEPTURBO: Deep Turbo Decoder}, 
  year={2019},
  volume={},
  number={},
  pages={1-5},
}

@inproceedings{turbo_autoencoder,
 author = {Jiang, Yihan and Kim, Hyeji and Asnani, Himanshu and Kannan, Sreeram and Oh, Sewoong and Viswanath, Pramod},
 booktitle = {Advances in Neural Information Processing Systems},
 editor = {H. Wallach and H. Larochelle and A. Beygelzimer and F. d\textquotesingle Alch\'{e}-Buc and E. Fox and R. Garnett},
 pages = {},
 publisher = {Curran Associates, Inc.},
 title = {Turbo Autoencoder: Deep learning based channel codes for point-to-point communication channels},
 volume = {32},
 year = {2019},
}

@INPROCEEDINGS{mind_model_independent,
  author={Jiang, Yihan and Kim, Hyeji and Asnani, Himanshu and Kannan, Sreeram},
  booktitle={2019 IEEE 20th International Workshop on Signal Processing Advances in Wireless Communications (SPAWC)}, 
  title={MIND: Model Independent Neural Decoder}, 
  year={2019},
  volume={},
  number={},
  pages={1-5},
  keywords={},
  doi={10.1109/SPAWC.2019.8815537},
}

@misc{adam_opt,
	title = {Adam: {a} {method} for {stochastic} {optimization}},
	shorttitle = {Adam},
	urldate = {2024-02-04},
	publisher = {arXiv},
	author = {Kingma, Diederik P. and Ba, Jimmy},
	month = jan,
	year = {2017},
	note = {arXiv:1412.6980},
	keywords = {Computer Science - Machine Learning},
}

@misc{consine_sch,
	title = {{SGDR}: {Stochastic} {Gradient} {Descent} with {Warm} {Restarts}},
	shorttitle = {{SGDR}},
	doi = {10.48550/arXiv.1608.03983},
	urldate = {2025-01-11},
	publisher = {arXiv},
	author = {Loshchilov, Ilya and Hutter, Frank},
	month = may,
	year = {2017},
	note = {arXiv:1608.03983},
}

@ARTICLE{mimo_chest,
  author={Biguesh, M. and Gershman, A.B.},
  journal={IEEE Transactions on Signal Processing}, 
  title={Training-based MIMO channel estimation: a study of estimator tradeoffs and optimal training signals}, 
  year={2006},
  volume={54},
  number={3},
  pages={884-893},
  doi={10.1109/TSP.2005.863008},
}

@ARTICLE{mimo_sigdet,
  author={Albreem, Mahmoud A. and Juntti, Markku and Shahabuddin, Shahriar},
  journal={IEEE Communications Surveys \& Tutorials}, 
  title={Massive MIMO Detection Techniques: A Survey}, 
  year={2019},
  volume={21},
  number={4},
  pages={3109-3132},
}

@misc{flops_thop,
  author = {Ligeng Zhu},
  title = {THOP: A Tool for Measuring the FLOPs of Neural Networks},
  year = {2020},
  version = {0.1.1},
  url = {https://github.com/Lyken17/pytorch-OpCounter.},
}

@misc{tensor_rt,
  author = {PyTorch},
  title = {Torch-TensorRT: Easily achieve the best inference performance for any PyTorch model on the NVIDIA platform},
  year = {2021},
  version = {2.5.0},
  url = {https://github.com/pytorch/TensorRT.},
}

@ARTICLE{max_log_map,
  author={Erfanian, J. and Pasupathy, S. and Gulak, G.},
  journal={IEEE Transactions on Communications}, 
  title={Reduced complexity symbol detectors with parallel structure for ISI channels}, 
  year={1994},
  volume={42},
  number={234},
  pages={1661-1671},
}
