
@article{zhou2024lima,
  title={Lima: Less is more for alignment},
  author={Zhou, Chunting and Liu, Pengfei and Xu, Puxin and Iyer, Srinivasan and Sun, Jiao and Mao, Yuning and Ma, Xuezhe and Efrat, Avia and Yu, Ping and Yu, Lili and others},
  journal={Advances in Neural Information Processing Systems},
  volume={36},
  year={2024}
}

@article{dubey2024llama,
  title={The llama 3 herd of models},
  author={Dubey, Abhimanyu and Jauhri, Abhinav and Pandey, Abhinav and Kadian, Abhishek and Al-Dahle, Ahmad and Letman, Aiesha and Mathur, Akhil and Schelten, Alan and Yang, Amy and Fan, Angela and others},
  journal={arXiv preprint arXiv:2407.21783},
  year={2024}
}

@article{zhang2024tagcos,
  title={TAGCOS: Task-agnostic Gradient Clustered Coreset Selection for Instruction Tuning Data},
  author={Zhang, Jipeng and Qin, Yaxuan and Pi, Renjie and Zhang, Weizhong and Pan, Rui and Zhang, Tong},
  journal={arXiv preprint arXiv:2407.15235},
  year={2024}
}

@article{he2024efficient,
  title={Efficient multimodal learning from data-centric perspective},
  author={He, Muyang and Liu, Yexin and Wu, Boya and Yuan, Jianhao and Wang, Yueze and Huang, Tiejun and Zhao, Bo},
  journal={arXiv preprint arXiv:2402.11530},
  year={2024}
}

@inproceedings{li2023quantity,
    title = "From Quantity to Quality: Boosting {LLM} Performance with Self-Guided Data Selection for Instruction Tuning",
    author = "Li, Ming  and
      Zhang, Yong  and
      Li, Zhitao  and
      Chen, Jiuhai  and
      Chen, Lichang  and
      Cheng, Ning  and
      Wang, Jianzong  and
      Zhou, Tianyi  and
      Xiao, Jing",
    editor = "Duh, Kevin  and
      Gomez, Helena  and
      Bethard, Steven",
    booktitle = "Proceedings of the 2024 Conference of the North American Chapter of the Association for Computational Linguistics: Human Language Technologies (Volume 1: Long Papers)",
    month = jun,
    year = "2024",
    address = "Mexico City, Mexico",
    publisher = "Association for Computational Linguistics",
    url = "https://aclanthology.org/2024.naacl-long.421",
    pages = "7595--7628",
}

@inproceedings{li2024superfiltering,
    title = "Superfiltering: Weak-to-Strong Data Filtering for Fast Instruction-Tuning",
    author = "Li, Ming  and
      Zhang, Yong  and
      He, Shwai  and
      Li, Zhitao  and
      Zhao, Hongyu  and
      Wang, Jianzong  and
      Cheng, Ning  and
      Zhou, Tianyi",
    editor = "Ku, Lun-Wei  and
      Martins, Andre  and
      Srikumar, Vivek",
    booktitle = "Proceedings of the 62nd Annual Meeting of the Association for Computational Linguistics (Volume 1: Long Papers)",
    month = aug,
    year = "2024",
    address = "Bangkok, Thailand",
    publisher = "Association for Computational Linguistics",
    url = "https://aclanthology.org/2024.acl-long.769",
    pages = "14255--14273",
}

@inproceedings{li2024selective,
    title = "Selective Reflection-Tuning: Student-Selected Data Recycling for {LLM} Instruction-Tuning",
    author = "Li, Ming  and
      Chen, Lichang  and
      Chen, Jiuhai  and
      He, Shwai  and
      Gu, Jiuxiang  and
      Zhou, Tianyi",
    editor = "Ku, Lun-Wei  and
      Martins, Andre  and
      Srikumar, Vivek",
    booktitle = "Findings of the Association for Computational Linguistics ACL 2024",
    month = aug,
    year = "2024",
    address = "Bangkok, Thailand and virtual meeting",
    publisher = "Association for Computational Linguistics",
    url = "https://aclanthology.org/2024.findings-acl.958",
    pages = "16189--16211",
}

@article{ankner2024perplexed,
  title={Perplexed by Perplexity: Perplexity-Based Data Pruning With Small Reference Models},
  author={Ankner, Zachary and Blakeney, Cody and Sreenivasan, Kartik and Marion, Max and Leavitt, Matthew L and Paul, Mansheej},
  journal={arXiv preprint arXiv:2405.20541},
  year={2024}
}

@inproceedings{mekala2024smaller,
    title = "Smaller Language Models are capable of selecting Instruction-Tuning Training Data for Larger Language Models",
    author = "Mekala, Dheeraj  and
      Nguyen, Alex  and
      Shang, Jingbo",
    editor = "Ku, Lun-Wei  and
      Martins, Andre  and
      Srikumar, Vivek",
    booktitle = "Findings of the Association for Computational Linguistics: ACL 2024",
    month = aug,
    year = "2024",
    address = "Bangkok, Thailand",
    publisher = "Association for Computational Linguistics",
    url = "https://aclanthology.org/2024.findings-acl.623/",
    doi = "10.18653/v1/2024.findings-acl.623",
    pages = "10456--10470",
}

@article{song2024iterselecttune,
  title={IterSelectTune: An Iterative Training Framework for Efficient Instruction-Tuning Data Selection},
  author={Song, Jielin and Liu, Siyu and Zhu, Bin and Rao, Yanghui},
  journal={arXiv preprint arXiv:2410.13464},
  year={2024}
}

@inproceedings{liu2024coachlm,
  title={Coachlm: Automatic instruction revisions improve the data quality in llm instruction tuning},
  author={Liu, Yilun and Tao, Shimin and Zhao, Xiaofeng and Zhu, Ming and Ma, Wenbing and Zhu, Junhao and Su, Chang and Hou, Yutai and Zhang, Miao and Zhang, Min and others},
  booktitle={2024 IEEE 40th International Conference on Data Engineering (ICDE)},
  pages={5184--5197},
  year={2024},
  organization={IEEE}
}

@article{liu2024less,
  title={Less is More: Data Value Estimation for Visual Instruction Tuning},
  author={Liu, Zikang and Zhou, Kun and Zhao, Wayne Xin and Gao, Dawei and Li, Yaliang and Wen, Ji-Rong},
  journal={arXiv preprint arXiv:2403.09559},
  year={2024}
}

@inproceedings{yu2024mates,
  title={MATES: Model-Aware Data Selection for Efficient Pretraining with Data Influence Models},
  author={Yu, Zichun and Das, Spandan and Xiong, Chenyan},
  booktitle={Advances in Neural Information Processing Systems},
  year={2024}
}

@inproceedings{agarwal2024delift,
  title={DELIFT: Data Efficient Language model Instruction Fine Tuning},
  author={Agarwal, Ishika and Killamsetty, Krishna and Popa, Lucian and Danilevsky, Marina},
  booktitle={International Conference on Learning Representations},
  year={2025}
}

@inproceedings{ge2024clustering,
    title = "Clustering and Ranking: Diversity-preserved Instruction Selection through Expert-aligned Quality Estimation",
    author = "Ge, Yuan  and
      Liu, Yilun  and
      Hu, Chi  and
      Meng, Weibin  and
      Tao, Shimin  and
      Zhao, Xiaofeng  and
      Xia, Mahong  and
      Li, Zhang  and
      Chen, Boxing  and
      Yang, Hao  and
      Li, Bei  and
      Xiao, Tong  and
      Zhu, JingBo",
    editor = "Al-Onaizan, Yaser  and
      Bansal, Mohit  and
      Chen, Yun-Nung",
    booktitle = "Proceedings of the 2024 Conference on Empirical Methods in Natural Language Processing",
    month = nov,
    year = "2024",
    address = "Miami, Florida, USA",
    publisher = "Association for Computational Linguistics",
    url = "https://aclanthology.org/2024.emnlp-main.28/",
    doi = "10.18653/v1/2024.emnlp-main.28",
    pages = "464--478",
}

@article{wu2024best,
  title={The best of both worlds: Bridging quality and diversity in data selection with bipartite graph},
  author={Wu, Minghao and Vu, Thuy-Trang and Qu, Lizhen and Haffari, Gholamreza},
  journal={arXiv preprint arXiv:2410.12458},
  year={2024}
}

@inproceedings{wang2024your,
  title={How do your code llms perform? empowering code instruction tuning with really good data},
  author={Wang, Yejie and He, Keqing and Fu, Dayuan and Gongque, Zhuoma and Xu, Heyang and Chen, Yanxu and Wang, Zhexu and Fu, Yujia and Dong, Guanting and Diao, Muxi and others},
  booktitle={Proceedings of the 2024 Conference on Empirical Methods in Natural Language Processing},
  pages={14027--14043},
  year={2024}
}

@inproceedings{xia2024less,
   title={{LESS}: Selecting Influential Data for Targeted Instruction Tuning},
   author={Xia, Mengzhou and Malladi, Sadhika and Gururangan, Suchin and Arora, Sanjeev and Chen, Danqi},
   booktitle={International Conference on Machine Learning},
   year={2024}
}

@article{shen2024rethinking,
  title={Rethinking Data Selection for Supervised Fine-Tuning},
  author={Shen, Ming},
  journal={arXiv preprint arXiv:2402.06094},
  year={2024}
}

@inproceedings{renduchintala2024smart,
    title = "{SMART}: Submodular Data Mixture Strategy for Instruction Tuning",
    author = "Renduchintala, H S V N S Kowndinya  and
      Bhatia, Sumit  and
      Ramakrishnan, Ganesh",
    editor = "Ku, Lun-Wei  and
      Martins, Andre  and
      Srikumar, Vivek",
    booktitle = "Findings of the Association for Computational Linguistics: ACL 2024",
    month = aug,
    year = "2024",
    address = "Bangkok, Thailand",
    publisher = "Association for Computational Linguistics",
    url = "https://aclanthology.org/2024.findings-acl.766/",
    doi = "10.18653/v1/2024.findings-acl.766",
    pages = "12916--12934",
}

%有修改，原标题渲染不了
@article{maharana2024adapt,
  title={ADAPT- $\infty$ : Scalable Lifelong Multimodal Instruction Tuning via Dynamic Data Selection},
  author={Maharana, Adyasha and Yoon, Jaehong and Chen, Tianlong and Bansal, Mohit},
  journal={arXiv preprint arXiv:2410.10636},
  year={2024}
}







@misc{du2023mods,
      title={MoDS: Model-oriented Data Selection for Instruction Tuning}, 
      author={Qianlong Du and Chengqing Zong and Jiajun Zhang},
      year={2023},
      eprint={2311.15653},
      archivePrefix={arXiv},
      primaryClass={cs.CL}
}



@article{mtbench,
  title={Judging llm-as-a-judge with mt-bench and chatbot arena},
  author={Zheng, Lianmin and Chiang, Wei-Lin and Sheng, Ying and Zhuang, Siyuan and Wu, Zhanghao and Zhuang, Yonghao and Lin, Zi and Li, Zhuohan and Li, Dacheng and Xing, Eric and others},
  journal={Advances in Neural Information Processing Systems},
  volume={36},
  year={2024}
}

@inproceedings{instructeval,
    title = "{I}nstruct{E}val: Towards Holistic Evaluation of Instruction-Tuned Large Language Models",
    author = "Chia, Yew Ken  and
      Hong, Pengfei  and
      Bing, Lidong  and
      Poria, Soujanya",
    editor = "Miceli-Barone, Antonio Valerio  and
      Barez, Fazl  and
      Cohen, Shay  and
      Voita, Elena  and
      Germann, Ulrich  and
      Lukasik, Michal",
    booktitle = "Proceedings of the First edition of the Workshop on the Scaling Behavior of Large Language Models (SCALE-LLM 2024)",
    month = mar,
    year = "2024",
    address = "St. Julian{'}s, Malta",
    publisher = "Association for Computational Linguistics",
    url = "https://aclanthology.org/2024.scalellm-1.4/",
    pages = "35--64",
}

@inproceedings{hellaswag,
    title = "{H}ella{S}wag: Can a Machine Really Finish Your Sentence?",
    author = "Zellers, Rowan  and
      Holtzman, Ari  and
      Bisk, Yonatan  and
      Farhadi, Ali  and
      Choi, Yejin",
    booktitle = "Proceedings of the 57th Annual Meeting of the Association for Computational Linguistics",
    month = jul,
    year = "2019",
    address = "Florence, Italy",
    publisher = "Association for Computational Linguistics",
    url = "https://www.aclweb.org/anthology/P19-1472",
    doi = "10.18653/v1/P19-1472",
    pages = "4791--4800",
}


@misc{arc,
      title={Think you have Solved Question Answering? Try ARC, the AI2 Reasoning Challenge}, 
      author={Peter Clark and Isaac Cowhey and Oren Etzioni and Tushar Khot and Ashish Sabharwal and Carissa Schoenick and Oyvind Tafjord},
      year={2018},
      eprint={1803.05457},
      archivePrefix={arXiv},
      primaryClass={cs.AI}
}

@inproceedings{
mmlu,
title={Measuring Massive Multitask Language Understanding},
author={Dan Hendrycks and Collin Burns and Steven Basart and Andy Zou and Mantas Mazeika and Dawn Song and Jacob Steinhardt},
booktitle={International Conference on Learning Representations},
year={2021},
url={https://openreview.net/forum?id=d7KBjmI3GmQ}
}


@inproceedings{humanfeedback,
 author = {Dubois, Yann and Li, Chen Xuechen and Taori, Rohan and Zhang, Tianyi and Gulrajani, Ishaan and Ba, Jimmy and Guestrin, Carlos and Liang, Percy S and Hashimoto, Tatsunori B},
 booktitle = {Advances in Neural Information Processing Systems},
 editor = {A. Oh and T. Naumann and A. Globerson and K. Saenko and M. Hardt and S. Levine},
 pages = {30039--30069},
 publisher = {Curran Associates, Inc.},
 title = {AlpacaFarm: A Simulation Framework for Methods that Learn from Human Feedback},
 url = {https://proceedings.neurips.cc/paper_files/paper/2023/file/5fc47800ee5b30b8777fdd30abcaaf3b-Paper-Conference.pdf},
 volume = {36},
 year = {2023}
}


@inproceedings{truthfulqa,
    title = "{T}ruthful{QA}: Measuring How Models Mimic Human Falsehoods",
    author = "Lin, Stephanie  and
      Hilton, Jacob  and
      Evans, Owain",
    booktitle = "Proceedings of the 60th Annual Meeting of the Association for Computational Linguistics (Volume 1: Long Papers)",
    month = may,
    year = "2022",
    address = "Dublin, Ireland",
    publisher = "Association for Computational Linguistics",
    url = "https://aclanthology.org/2022.acl-long.229",
    doi = "10.18653/v1/2022.acl-long.229",
    pages = "3214--3252",
}

@misc{gsm8k,
      title={Training Verifiers to Solve Math Word Problems},
      author={Karl Cobbe and Vineet Kosaraju and Mohammad Bavarian and Jacob Hilton and Reiichiro Nakano and Christopher Hesse and John Schulman},
      year={2021},
      eprint={2110.14168},
      archivePrefix={arXiv},
      primaryClass={cs.LG}
}

@inproceedings{hu2021lora,
  title={LoRA: Low-Rank Adaptation of Large Language Models},
  author={Hu, Edward J. and Shen, Yelong and Wallis, Phillip and Allen-Zhu, Zeyuan and Li, Yuanzhi and Wang, Shean and Chen, Weizhu},
  booktitle={International Conference on Learning Representations},
  year={2022}
}

@misc{alpaca_eval,
  author = {Xuechen Li and Tianyi Zhang and Yann Dubois and Rohan Taori and Ishaan Gulrajani and Carlos Guestrin and Percy Liang and Tatsunori B. Hashimoto },
  title = {AlpacaEval: An Automatic Evaluator of Instruction-following Models},
  year = {2023},
  publisher = {GitHub},
  journal = {GitHub repository},
  howpublished = {\url{https://github.com/tatsu-lab/alpaca_eval}}
}

@article{jiang2023mistral,
  title={Mistral 7B},
  author={Jiang, Albert Q. and Sablayrolles, Alexandre and Mensch, Arthur and Bamford, Charlie and Chaplot, Devendra Singh and De Las Casas, Diego and Bressand, Florian and Lengyel, Gianna and Lample, Guillaume and Saulnier, Lucile and Lavaud, Leo Raymond and Lachaux, Marie-Anne and Stock, Pierre and Scao, Teven Le and Lavril, Thomas and Wang, Tao and Lacroix, Thibaut and El Sayed, Wissam},
  journal={arXiv preprint arXiv:2310.06825},
  year={2023},
  month={10}
}


@article{deita,
  title={What makes good data for alignment? A comprehensive study of automatic data selection in instruction tuning},
  author={Liu, Wenxuan and Zeng, Weiwen and He, Kaiyan and Jiang, Yijun and He, Jun},
  journal={arXiv preprint arXiv:2312.15685},
  year={2023},
  month={12}
}

@inproceedings{
    chen2023alpagasus,
    title={AlpaGasus: Training a Better Alpaca with Fewer Data},
    author={Lichang Chen and Shiyang Li and Jun Yan and Hai Wang and Kalpa Gunaratna and Vikas Yadav and Zheng Tang and Vijay Srinivasan and Tianyi Zhou and Heng Huang and Hongxia Jin},
    booktitle={The Twelfth International Conference on Learning Representations},
    year={2024},
    url={https://openreview.net/forum?id=FdVXgSJhvz}
}

@misc{alpaca,
  author = {Rohan Taori and Ishaan Gulrajani and Tianyi Zhang and Yann Dubois and Xuechen Li and Carlos Guestrin and Percy Liang and Tatsunori B. Hashimoto },
  title = {Stanford Alpaca: An Instruction-following LLaMA model},
  year = {2023},
  publisher = {GitHub},
  journal = {GitHub repository},
  howpublished = {\url{https://github.com/tatsu-lab/stanford_alpaca}},
}


@inproceedings{gpt,
 author = {Brown, Tom and Mann, Benjamin and Ryder, Nick and Subbiah et al.},
 booktitle = {Advances in Neural Information Processing Systems},
 pages = {1877--1901},
 title = {Language Models are Few-Shot Learners},
 volume = {33},
 year = {2020}
}

@article{vanDerMaaten2008,
    author = {van der Maaten, Laurens and Hinton, Geoffrey},
    title = {Visualizing Data using t-SNE},
    journal = {Journal of Machine Learning Research},
    volume = {9},
    pages = {2579--2605},
    year = {2008},
    month = {nov}
}