@INPROCEEDINGS{9200182,
  author={Georgieva, Petia and Zhang, Pei},
  booktitle={2020 IEEE 10th International Conference on Intelligent Systems (IS)}, 
  title={Optical Character Recognition for Autonomous Stores}, 
  year={2020},
  volume={},
  number={},
  pages={69-75},
  keywords={Optical character recognition software;Text recognition;Feature extraction;Detectors;Character recognition;Visualization;optical character recognition;scene text localisation and recognition;autonomous stores},
  doi={10.1109/IS48319.2020.9200182}}

@article{Matsumoto2003Mathematical,
title={Mathematical models for the apparent masses of standing subjects exposed to vertical whole-body vibration},
author={Y. Matsumoto and M. Griffin},
journal={Journal of Sound and Vibration},
year={2003},
volume={260},
pages={431-451},
doi={10.1016/S0022-460X(02)00941-0}
}

@inproceedings{bonde2021pignet,
  title={Pignet: Failure-tolerant pig activity monitoring system using structural vibration},
  author={Bonde, Amelie and Codling, Jesse R and Naruethep, Kanittha and Dong, Yiwen and Siripaktanakon, Wachirawich and Ariyadech, Sripong and Sangpetch, Akkarit and Sangpetch, Orathai and Pan, Shijia and Noh, Hae Young and others},
  booktitle={Proceedings of the 20th International Conference on Information Processing in Sensor Networks (co-located with CPS-IoT Week 2021)},
  pages={328--340},
  year={2021}
}

@inproceedings{codling2021masshog,
  title={MassHog: Weight-sensitive occupant monitoring for pig pens using actuated structural vibrations},
  author={Codling, Jesse R and Bonde, Amelie and Dong, Yiwen and Cao, Siyi and Sangpetch, Akkarit and Sangpetch, Orathai and Noh, Hae Young and Zhang, Pei},
  booktitle={Adjunct Proceedings of the 2021 ACM International Joint Conference on Pervasive and Ubiquitous Computing and Proceedings of the 2021 ACM International Symposium on Wearable Computers},
  pages={600--605},
  year={2021}
}

@article{dong2023pigsense,
  title={PigSense: Structural vibration-based activity and health monitoring system for pigs},
  author={Dong, Yiwen and Bonde, Amelie and Codling, Jesse R and Bannis, Adeola and Cao, Jinpu and Macon, Asya and Rohrer, Gary and Miles, Jeremy and Sharma, Sudhendu and Brown-Brandl, Tami and others},
  journal={ACM Transactions on Sensor Networks},
  volume={20},
  number={1},
  pages={1--43},
  year={2023},
  publisher={ACM New York, NY}
}

@article{falcao2020faim,
  title={Faim: Vision and weight sensing fusion framework for autonomous inventory monitoring in convenience stores},
  author={Falc{\~a}o, Jo{\~a}o and Ruiz, Carlos and Pan, Shijia and Noh, Hae Young and Zhang, Pei},
  journal={Frontiers in Built Environment},
  volume={6},
  pages={568372},
  year={2020},
  publisher={Frontiers Media SA}
}

@article{falcao2021isacs,
  title={Isacs: In-store autonomous checkout system for retail},
  author={Falc{\~a}o, Jo{\~a}o Diogo and Ruiz, Carlos and Bannis, Adeola and Noh, Hae Young and Zhang, Pei},
  journal={Proceedings of the ACM on Interactive, Mobile, Wearable and Ubiquitous Technologies},
  volume={5},
  number={3},
  pages={1--26},
  year={2021},
  publisher={ACM New York, NY, USA}
}

@inproceedings{he2017mask,
  title={Mask r-cnn},
  author={He, Kaiming and Gkioxari, Georgia and Doll{\'a}r, Piotr and Girshick, Ross},
  booktitle={Proceedings of the IEEE international conference on computer vision},
  pages={2961--2969},
  year={2017}
}

@inproceedings{liu2017vibsense,
  title={Vibsense: Sensing touches on ubiquitous surfaces through vibration},
  author={Liu, Jian and Chen, Yingying and Gruteser, Marco and Wang, Yan},
  booktitle={2017 14th Annual IEEE International Conference on Sensing, Communication, and Networking (SECON)},
  pages={1--9},
  year={2017},
  organization={IEEE}
}

@inproceedings{liu2020damage,
  title={Damage-sensitive and domain-invariant feature extraction for vehicle-vibration-based bridge health monitoring},
  author={Liu, Jingxiao and Chen, Bingqing and Chen, Siheng and Berg{\'e}s, Mario and Bielak, Jacobo and Noh, HaeYoung},
  booktitle={ICASSP 2020-2020 IEEE International Conference on Acoustics, Speech and Signal Processing (ICASSP)},
  pages={3007--3011},
  year={2020},
  organization={IEEE}
}

@article{liu2020diagnosis,
  title={Diagnosis algorithms for indirect structural health monitoring of a bridge model via dimensionality reduction},
  author={Liu, Jingxiao and Chen, Siheng and Berg{\'e}s, Mario and Bielak, Jacobo and Garrett, James H and Kova{\v{c}}evi{\'c}, Jelena and Noh, Hae Young},
  journal={Mechanical Systems and Signal Processing},
  volume={136},
  pages={106454},
  year={2020},
  publisher={Elsevier}
}

@article{liu2023telecomtm,
  title={TelecomTM: A fine-grained and ubiquitous traffic monitoring system using pre-existing telecommunication fiber-optic cables as sensors},
  author={Liu, Jingxiao and Yuan, Siyuan and Dong, Yiwen and Biondi, Biondo and Noh, Hae Young},
  journal={Proceedings of the ACM on Interactive, Mobile, Wearable and Ubiquitous Technologies},
  volume={7},
  number={2},
  pages={1--24},
  year={2023},
  publisher={ACM New York, NY, USA}
}

@article{low2003natural,
  title={Natural frequencies of a beam--mass system in transverse vibration: Rayleigh estimation versus eigenanalysis solutions},
  author={Low, KH},
  journal={International Journal of Mechanical Sciences},
  volume={45},
  number={6-7},
  pages={981--993},
  year={2003},
  publisher={Elsevier}
}

@article{mirshekari2021obstruction,
  title={Obstruction-invariant occupant localization using footstep-induced structural vibrations},
  author={Mirshekari, Mostafa and Fagert, Jonathon and Pan, Shijia and Zhang, Pei and Noh, Hae Young},
  journal={Mechanical Systems and Signal Processing},
  volume={153},
  pages={107499},
  year={2021},
  publisher={Elsevier}
}

@article{nguyen2010multi,
  title={Multi-cracks detection of a beam-like structure based on the on-vehicle vibration signal and wavelet analysis},
  author={Nguyen, Khoa Viet and Tran, Hai Thanh},
  journal={Journal of Sound and vibration},
  volume={329},
  number={21},
  pages={4455--4465},
  year={2010},
  publisher={Elsevier}
}

@article{obrien2020using,
  title={Using statistical analysis of an acceleration-based bridge weigh-in-motion system for damage detection},
  author={OBrien, Eugene and Khan, Muhammad Arslan and McCrum, Daniel Patrick and {\v{Z}}nidari{\v{c}}, Ale{\v{s}}},
  journal={Applied Sciences},
  volume={10},
  number={2},
  pages={663},
  year={2020},
  publisher={MDPI}
}

@article{roussos2006enabling,
  title={Enabling RFID in retail},
  author={Roussos, George},
  journal={Computer},
  volume={39},
  number={3},
  pages={25--30},
  year={2006},
  publisher={IEEE}
}

@inproceedings{ruiz2019aim3s,
  title={Aim3s: Autonomous inventory monitoring through multi-modal sensing for cashier-less convenience stores},
  author={Ruiz, Carlos and Falcao, Joao and Pan, Shijia and Noh, Hae Young and Zhang, Pei},
  booktitle={Proceedings of the 6th ACM International Conference on Systems for Energy-Efficient Buildings, Cities, and Transportation},
  pages={135--144},
  year={2019}
}

@article{sekiya2018simplified,
  title={Simplified portable bridge weigh-in-motion system using accelerometers},
  author={Sekiya, Hidehiko and Kubota, Kosaku and Miki, Chitoshi},
  journal={Journal of Bridge Engineering},
  volume={23},
  number={1},
  pages={04017124},
  year={2018},
  publisher={American Society of Civil Engineers}
}

@inproceedings{tan2020efficientdet,
  title={Efficientdet: Scalable and efficient object detection},
  author={Tan, Mingxing and Pang, Ruoming and Le, Quoc V},
  booktitle={Proceedings of the IEEE/CVF conference on computer vision and pattern recognition},
  pages={10781--10790},
  year={2020}
}

@inproceedings{torres2018text,
  title={Text recognition for objects identification in the industry},
  author={Torres, Pedro MB},
  booktitle={Proceedings of the International Conference of Mechatronics and Cyber-MixMechatronics-2017},
  pages={126--131},
  year={2018},
  organization={Springer}
}

@inproceedings{wang2023yolov7,
  title={YOLOv7: Trainable bag-of-freebies sets new state-of-the-art for real-time object detectors},
  author={Wang, Chien-Yao and Bochkovskiy, Alexey and Liao, Hong-Yuan Mark},
  booktitle={Proceedings of the IEEE/CVF conference on computer vision and pattern recognition},
  pages={7464--7475},
  year={2023}
}

@article{wynne2022quantifying,
  title={Quantifying mass changes with ambient vibration measurements},
  author={Wynne, Zachariah and Stratford, Tim and Reynolds, Thomas PS},
  journal={Engineering Structures},
  volume={254},
  pages={113745},
  year={2022},
  publisher={Elsevier}
}

@article{yu2016state,
  title={State-of-the-art review on bridge weigh-in-motion technology},
  author={Yu, Yang and Cai, CS and Deng, Lu},
  journal={Advances in Structural Engineering},
  volume={19},
  number={9},
  pages={1514--1530},
  year={2016},
  publisher={SAGE Publications Sage UK: London, England}
}

@inproceedings{zhang2016mobile,
  title={Mobile robot for retail inventory using RFID},
  author={Zhang, Jian and Lyu, Yibo and Roppel, Thaddeus and Patton, Justin and Senthilkumar, CP},
  booktitle={2016 IEEE international conference on Industrial technology (ICIT)},
  pages={101--106},
  year={2016},
  organization={IEEE}
}

@inproceedings{zhang2020vibroscale,
  title={VibroScale: Turning your smartphone into a weighing scale},
  author={Zhang, Shibo and Xu, Qiuyang and Sen, Sougata and Alshurafa, Nabil},
  booktitle={Adjunct Proceedings of the 2020 ACM International Joint Conference on Pervasive and Ubiquitous Computing and Proceedings of the 2020 ACM International Symposium on Wearable Computers},
  pages={176--179},
  year={2020}
}

