
% Journals

% First the Full Name is given, then the abbreviation used in the AMS Math
% Reviews, with an indication if it could not be found there.
% Note the 2nd overwrites the 1st, so swap them if you want the full name
@article{liu2023telecomtm,
  title={TelecomTM: A fine-grained and ubiquitous traffic monitoring system using pre-existing telecommunication fiber-optic cables as sensors},
  author={Liu, Jingxiao and Yuan, Siyuan and Dong, Yiwen and Biondi, Biondo and Noh, Hae Young},
  journal={Proceedings of the ACM on Interactive, Mobile, Wearable and Ubiquitous Technologies},
  volume={7},
  number={2},
  pages={1--24},
  year={2023},
  publisher={ACM New York, NY, USA}
}

@book{noh2023dynamics,
  title={Dynamics of Civil Structures, Volume 2: Proceedings of the 41st IMAC, A Conference and Exposition on Structural Dynamics 2023},
  author={Noh, Hae Young and Whelan, Matthew and Harvey, P Scott},
  year={2023},
  publisher={Springer Nature}
}

@article{yuan2022spatial,
  title={Spatial deep deconvolution u-net for traffic analyses with das},
  author={Yuan, Siyuan and van den Ende, Martijn and Liu, Jingxiao and Noh, Hae Young and Clapp, Robert and Richard, C{\'e}dric and Biondi, Biondo},
  journal={arXiv preprint arXiv:2212.03936},
  year={2022}
}

@inproceedings{rohal2024don,
  title={Don’t Crosstalk to Me: Origami Structure-Augmented Sensing for Scalable Surface Pressure Monitoring},
  author={Rohal, Shubham and Lee, Dong Yoon and Ruiz, Carlos and Zhang, Joshua and Fagert, Jonathon and Han, Jun and Pan, Shijia},
  booktitle={Proceedings of the 22nd ACM Conference on Embedded Networked Sensor Systems},
  pages={493--506},
  year={2024}
}


@inproceedings{codling2024flohr,
  title={FloHR: Ubiquitous Heart Rate Measurement using Indirect Floor Vibration Sensing},
  author={Codling, Jesse R and Shulkin, Jeffrey D and Chang, Yen-Cheng and Zhang, Jiale and Latapie, Hugo and Noh, Hae Young and Zhang, Pei and Dong, Yiwen},
  booktitle={Proceedings of the 11th ACM International Conference on Systems for Energy-Efficient Buildings, Cities, and Transportation},
  pages={44--54},
  year={2024}
}

@misc{gu2022tracking,
  title={Tracking product items in an automated-checkout store},
  author={Gu, Steve and Falcao, Joao and Zheng, Ying and Liu, Shuang and Bates, Brian and Terven-salinas, Juan Ramon and Ruiz, Carlos and Crain, Tyler},
  year={2022},
  month=sep # "~13",
  publisher={Google Patents},
  note={US Patent 11,443,291}
}

@article{pan2017footprintid,
  title={Footprintid: Indoor pedestrian identification through ambient structural vibration sensing},
  author={Pan, Shijia and Yu, Tong and Mirshekari, Mostafa and Fagert, Jonathon and Bonde, Amelie and Mengshoel, Ole J and Noh, Hae Young and Zhang, Pei},
  journal={Proceedings of the ACM on Interactive, Mobile, Wearable and Ubiquitous Technologies},
  volume={1},
  number={3},
  pages={1--31},
  year={2017},
  publisher={ACM New York, NY, USA}
}

@article{liu2020diagnosis,
  title={Diagnosis algorithms for indirect structural health monitoring of a bridge model via dimensionality reduction},
  author={Liu, Jingxiao and Chen, Siheng and Berg{\'e}s, Mario and Bielak, Jacobo and Garrett, James H and Kova{\v{c}}evi{\'c}, Jelena and Noh, Hae Young},
  journal={Mechanical Systems and Signal Processing},
  volume={136},
  pages={106454},
  year={2020},
  publisher={Elsevier}
}

@inproceedings{zhang2023vibration,
  title={Vibration-Based Object Classification with Structural Response of Ambient Music},
  author={Zhang, Jiale and Pati, Shweta and Codling, Jesse and Bannis, Adeola and Ruiz, Carlos and Noh, Hae Young and Zhang, Pei},
  booktitle={Proceedings of the 22nd International Conference on Information Processing in Sensor Networks},
  pages={314--315},
  year={2023}
}

% Begun from July.8th.
@article{mackiewicz1993principal,
  title={Principal components analysis (PCA)},
  author={Ma{\'c}kiewicz, Andrzej and Ratajczak, Waldemar},
  journal={Computers \& Geosciences},
  volume={19},
  number={3},
  pages={303--342},
  year={1993},
  publisher={Elsevier}
}

@inproceedings{he2013food,
  title={Food image analysis: Segmentation, identification and weight estimation},
  author={He, Ye and Xu, Chang and Khanna, Nitin and Boushey, Carol J and Delp, Edward J},
  booktitle={2013 IEEE international conference on multimedia and expo (ICME)},
  pages={1--6},
  year={2013},
  organization={IEEE}
}

% Begun from July.8th.


@article{dong2023pigsense,
  title={PigSense: Structural vibration-based activity and health monitoring system for pigs},
  author={Dong, Yiwen and Bonde, Amelie and Codling, Jesse R and Bannis, Adeola and Cao, Jinpu and Macon, Asya and Rohrer, Gary and Miles, Jeremy and Sharma, Sudhendu and Brown-Brandl, Tami and others},
  journal={ACM Transactions on Sensor Networks},
  volume={20},
  number={1},
  pages={1--43},
  year={2023},
  publisher={ACM New York, NY}
}

@article{nguyen2010multi,
  title={Multi-cracks detection of a beam-like structure based on the on-vehicle vibration signal and wavelet analysis},
  author={Nguyen, Khoa Viet and Tran, Hai Thanh},
  journal={Journal of Sound and vibration},
  volume={329},
  number={21},
  pages={4455--4465},
  year={2010},
  publisher={Elsevier}
}

@inproceedings{liu2020damage,
  title={Damage-sensitive and domain-invariant feature extraction for vehicle-vibration-based bridge health monitoring},
  author={Liu, Jingxiao and Chen, Bingqing and Chen, Siheng and Berg{\'e}s, Mario and Bielak, Jacobo and Noh, HaeYoung},
  booktitle={ICASSP 2020-2020 IEEE International Conference on Acoustics, Speech and Signal Processing (ICASSP)},
  pages={3007--3011},
  year={2020},
  organization={IEEE}
}

@article{huang2020vibration,
  title={Vibration-based pervasive computing and intelligent sensing},
  author={Huang, Yandao and Wu, Kaishun},
  journal={CCF Transactions on Pervasive Computing and Interaction},
  volume={2},
  number={4},
  pages={219--239},
  year={2020},
  publisher={Springer}
}

@article{ma2023effective,
  title={An effective method for improving low-frequency response of geophone},
  author={Ma, Kai and Wu, Jie and Ma, Yubo and Xu, Boyi and Qi, Shengyu and Jiang, Xiaochang},
  journal={Sensors},
  volume={23},
  number={6},
  pages={3082},
  year={2023},
  publisher={MDPI}
}

@inproceedings{mirshekari2016characterizing,
  title={Characterizing wave propagation to improve indoor step-level person localization using floor vibration},
  author={Mirshekari, Mostafa and Pan, Shijia and Zhang, Pei and Noh, Hae Young},
  booktitle={Sensors and smart structures technologies for civil, mechanical, and aerospace systems 2016},
  volume={9803},
  pages={30--40},
  year={2016},
  organization={SPIE}
}

@inproceedings{bonde2021pignet,
  title={Pignet: Failure-tolerant pig activity monitoring system using structural vibration},
  author={Bonde, Amelie and Codling, Jesse R and Naruethep, Kanittha and Dong, Yiwen and Siripaktanakon, Wachirawich and Ariyadech, Sripong and Sangpetch, Akkarit and Sangpetch, Orathai and Pan, Shijia and Noh, Hae Young and others},
  booktitle={Proceedings of the 20th International Conference on Information Processing in Sensor Networks (co-located with CPS-IoT Week 2021)},
  pages={328--340},
  year={2021}
}

@article{basnet2018state,
  title={The state-of-the-art of knowledge-intensive agriculture: A review on applied sensing systems and data analytics},
  author={Basnet, Barun and Bang, Junho and others},
  journal={Journal of Sensors},
  volume={2018},
  year={2018},
  publisher={Hindawi}
}

@article{gordon2015quality,
  title={Quality control using a multivariate injection molding sensor},
  author={Gordon, Guthrie and Kazmer, David O and Tang, Xinyao and Fan, Zhoayan and Gao, Robert X},
  journal={The International Journal of Advanced Manufacturing Technology},
  volume={78},
  pages={1381--1391},
  year={2015},
  publisher={Springer}
}

@misc{mfried,
    author = {MFried Store Fixtures},
    title = {Gondola Shelving},
    year = {2024},
    howpublished ={\url{https://www.mfried.com/}},
    note = {Accessed: 03-27-2024}
}

@book{fryba2013vibration,
  title={Vibration of solids and structures under moving loads},
  author={Fr{\`y}ba, Ladislav},
  volume={1},
  year={2013},
  publisher={Springer science \& business media}
}



@book{leissa1969vibration,
  title={Vibration of plates},
  author={Leissa, Arthur W},
  volume={160},
  year={1969},
  publisher={Scientific and Technical Information Division, National Aeronautics and~…}
}

@misc{ni9234,
    author = {National Instruments},
    title = {NI-9234},
    year = {2024},
    howpublished ={\url{https://www.ni.com/en-us/shop/model/ni-9234.html}},
    note = {Accessed: 03-27-2024}
}

@article{shakeel2017fabrication,
  title={Fabrication of cost effective and high sensitivity resistive strain gauge using DIW technique},
  author={Shakeel, Muhammad and Khan, Wasim A and Rahman, Khalid},
  journal={Sensors and Actuators A: Physical},
  volume={258},
  pages={123--130},
  year={2017},
  publisher={Elsevier}
}

@misc{strain_gauge,
    author = {OMEGA},
    title = {Strain Gauges},
    year = {},
    howpublished ={\url{https://www.omega.com/en-us/resources/strain-gages}},
    note = {Accessed: 03-25-2024}
}

@misc{SM_24,
    author = {Sparkfun},
    title = {SM-24 Geophone Element},
    year = {2006},
    howpublished ={\url{https://cdn.sparkfun.com/datasheets/Sensors/Accelerometers/SM-24\%20Brochure.pdf}},
    note = {Accessed: 03-20-2024}
}

@inproceedings{zhang2020vibroscale,
  title={VibroScale: Turning your smartphone into a weighing scale},
  author={Zhang, Shibo and Xu, Qiuyang and Sen, Sougata and Alshurafa, Nabil},
  booktitle={Adjunct Proceedings of the 2020 ACM International Joint Conference on Pervasive and Ubiquitous Computing and Proceedings of the 2020 ACM International Symposium on Wearable Computers},
  pages={176--179},
  year={2020}
}

@article{wynne2022quantifying,
  title={Quantifying mass changes with ambient vibration measurements},
  author={Wynne, Zachariah and Stratford, Tim and Reynolds, Thomas PS},
  journal={Engineering Structures},
  volume={254},
  pages={113745},
  year={2022},
  publisher={Elsevier}
}

@inproceedings{codling2021masshog,
  title={MassHog: Weight-sensitive occupant monitoring for pig pens using actuated structural vibrations},
  author={Codling, Jesse R and Bonde, Amelie and Dong, Yiwen and Cao, Siyi and Sangpetch, Akkarit and Sangpetch, Orathai and Noh, Hae Young and Zhang, Pei},
  booktitle={Adjunct Proceedings of the 2021 ACM International Joint Conference on Pervasive and Ubiquitous Computing and Proceedings of the 2021 ACM International Symposium on Wearable Computers},
  pages={600--605},
  year={2021}
}

@misc{McK_retail,
    author = {Mckinsey\&Company},
    title = {Future of retail operations: Winning in a digital era},
    year = {2020},
    howpublished ={\url{https://www.mckinsey.com}},
    note = {Accessed: 03-18-2024}
}

@misc{aifi_labor_cost,
    author = {Aifi},
    title = {AI-Powered Efficiency: Streamlining Store Operations and Labor Optimization in Autonomous Stores},
    year = {2023},
    howpublished = {\url{https://aifi.com/ai-powered-efficiency-streamlining-store-operations-and-labor-optimization-in-autonomous-stores/}},
    note = {Accessed: 03-18-2024}
}

@inproceedings{liu2017vibsense,
  title={Vibsense: Sensing touches on ubiquitous surfaces through vibration},
  author={Liu, Jian and Chen, Yingying and Gruteser, Marco and Wang, Yan},
  booktitle={2017 14th Annual IEEE International Conference on Sensing, Communication, and Networking (SECON)},
  pages={1--9},
  year={2017},
  organization={IEEE}
}

@article{mirshekari2021obstruction,
  title={Obstruction-invariant occupant localization using footstep-induced structural vibrations},
  author={Mirshekari, Mostafa and Fagert, Jonathon and Pan, Shijia and Zhang, Pei and Noh, Hae Young},
  journal={Mechanical Systems and Signal Processing},
  volume={153},
  pages={107499},
  year={2021},
  publisher={Elsevier}
}

@article{yu2016state,
  title={State-of-the-art review on bridge weigh-in-motion technology},
  author={Yu, Yang and Cai, CS and Deng, Lu},
  journal={Advances in Structural Engineering},
  volume={19},
  number={9},
  pages={1514--1530},
  year={2016},
  publisher={SAGE Publications Sage UK: London, England}
}%Entries

@article{obrien2020using,
  title={Using statistical analysis of an acceleration-based bridge weigh-in-motion system for damage detection},
  author={OBrien, Eugene and Khan, Muhammad Arslan and McCrum, Daniel Patrick and {\v{Z}}nidari{\v{c}}, Ale{\v{s}}},
  journal={Applied Sciences},
  volume={10},
  number={2},
  pages={663},
  year={2020},
  publisher={MDPI}
}

@article{sekiya2018simplified,
  title={Simplified portable bridge weigh-in-motion system using accelerometers},
  author={Sekiya, Hidehiko and Kubota, Kosaku and Miki, Chitoshi},
  journal={Journal of Bridge Engineering},
  volume={23},
  number={1},
  pages={04017124},
  year={2018},
  publisher={American Society of Civil Engineers}
}

@article{Matsumoto2003Mathematical,
title={Mathematical models for the apparent masses of standing subjects exposed to vertical whole-body vibration},
author={Y. Matsumoto and M. Griffin},
journal={Journal of Sound and Vibration},
year={2003},
volume={260},
pages={431-451},
doi={10.1016/S0022-460X(02)00941-0}
}


@article{low2003natural,
  title={Natural frequencies of a beam--mass system in transverse vibration: Rayleigh estimation versus eigenanalysis solutions},
  author={Low, KH},
  journal={International Journal of Mechanical Sciences},
  volume={45},
  number={6-7},
  pages={981--993},
  year={2003},
  publisher={Elsevier}
}

@inproceedings{torres2018text,
  title={Text recognition for objects identification in the industry},
  author={Torres, Pedro MB},
  booktitle={Proceedings of the International Conference of Mechatronics and Cyber-MixMechatronics-2017},
  pages={126--131},
  year={2018},
  organization={Springer}
}

@INPROCEEDINGS{9200182,
  author={Georgieva, Petia and Zhang, Pei},
  booktitle={2020 IEEE 10th International Conference on Intelligent Systems (IS)}, 
  title={Optical Character Recognition for Autonomous Stores}, 
  year={2020},
  volume={},
  number={},
  pages={69-75},
  keywords={Optical character recognition software;Text recognition;Feature extraction;Detectors;Character recognition;Visualization;optical character recognition;scene text localisation and recognition;autonomous stores},
  doi={10.1109/IS48319.2020.9200182}}


@article{falcao2020faim,
  title={Faim: Vision and weight sensing fusion framework for autonomous inventory monitoring in convenience stores},
  author={Falc{\~a}o, Jo{\~a}o and Ruiz, Carlos and Pan, Shijia and Noh, Hae Young and Zhang, Pei},
  journal={Frontiers in Built Environment},
  volume={6},
  pages={568372},
  year={2020},
  publisher={Frontiers Media SA}
}


@article{falcao2021isacs,
  title={Isacs: In-store autonomous checkout system for retail},
  author={Falc{\~a}o, Jo{\~a}o Diogo and Ruiz, Carlos and Bannis, Adeola and Noh, Hae Young and Zhang, Pei},
  journal={Proceedings of the ACM on Interactive, Mobile, Wearable and Ubiquitous Technologies},
  volume={5},
  number={3},
  pages={1--26},
  year={2021},
  publisher={ACM New York, NY, USA}
}


@inproceedings{ruiz2019aim3s,
  title={Aim3s: Autonomous inventory monitoring through multi-modal sensing for cashier-less convenience stores},
  author={Ruiz, Carlos and Falcao, Joao and Pan, Shijia and Noh, Hae Young and Zhang, Pei},
  booktitle={Proceedings of the 6th ACM International Conference on Systems for Energy-Efficient Buildings, Cities, and Transportation},
  pages={135--144},
  year={2019}
}

@inproceedings{tan2020efficientdet,
  title={Efficientdet: Scalable and efficient object detection},
  author={Tan, Mingxing and Pang, Ruoming and Le, Quoc V},
  booktitle={Proceedings of the IEEE/CVF conference on computer vision and pattern recognition},
  pages={10781--10790},
  year={2020}
}

@inproceedings{wang2023yolov7,
  title={YOLOv7: Trainable bag-of-freebies sets new state-of-the-art for real-time object detectors},
  author={Wang, Chien-Yao and Bochkovskiy, Alexey and Liao, Hong-Yuan Mark},
  booktitle={Proceedings of the IEEE/CVF conference on computer vision and pattern recognition},
  pages={7464--7475},
  year={2023}
}

@inproceedings{he2017mask,
  title={Mask r-cnn},
  author={He, Kaiming and Gkioxari, Georgia and Doll{\'a}r, Piotr and Girshick, Ross},
  booktitle={Proceedings of the IEEE international conference on computer vision},
  pages={2961--2969},
  year={2017}
}

@inproceedings{zhang2016mobile,
  title={Mobile robot for retail inventory using RFID},
  author={Zhang, Jian and Lyu, Yibo and Roppel, Thaddeus and Patton, Justin and Senthilkumar, CP},
  booktitle={2016 IEEE international conference on Industrial technology (ICIT)},
  pages={101--106},
  year={2016},
  organization={IEEE}
}

@article{roussos2006enabling,
  title={Enabling RFID in retail},
  author={Roussos, George},
  journal={Computer},
  volume={39},
  number={3},
  pages={25--30},
  year={2006},
  publisher={IEEE}
}

@article{liu2020grab,
  title={Grab: Fast and accurate sensor processing for cashier-free shopping},
  author={Liu, Xiaochen and Jiang, Yurong and Kim, Kyu-Han and Govindan, Ramesh},
  journal={arXiv preprint arXiv:2001.01033},
  year={2020}
}

@misc{amazongo,
    author = {Amazon},
    title = {Amazon.com},
    year = {2019},
    howpublished = {\url{https://www.amazon.com/b?node=16008589011}},
    note = {Accessed: 03-13-2024}
}

@misc{zippin,
    author = {Zippin},
    title = {Checkout-free technology for frictionless stores},
    year = {2019},
    howpublished = {\url{https://www.getzippin.com/}},
    note = {Accessed: 03-13-2024}
}

@misc{aifi,
    author = {Aifi},
    title = {Autonomous Retail Solutions that Scale},
    year = {2016},
    howpublished = {\url{https://aifi.com/}},
    note = {Accessed: 03-13-2024}
}



@article{qian20223d,
  title={3d object detection for autonomous driving: a survey},
  author={Qian, Rui and Lai, Xin and Li, Xirong},
  journal={Pattern Recognition},
  volume={130},
  pages={108796},
  year={2022},
  publisher={Elsevier}
}

@article{fescioglu2015rfid,
  title={RFID in production and service systems: Technology, applications and issues},
  author={Fescioglu-Unver, Nilgun and Choi, Sung Hee and Sheen, Dongmok and Kumara, Soundar},
  journal={Information Systems Frontiers},
  volume={17},
  pages={1369--1380},
  year={2015},
  publisher={Springer}
}

@inproceedings{chen2016learning,
  title={Learning to identify container contents through tactile vibration signatures},
  author={Chen, Carolyn L and Snyder, Jeffrey O and Ramadge, Peter J},
  booktitle={2016 IEEE International Conference on Simulation, Modeling, and Programming for Autonomous Robots (SIMPAR)},
  pages={43--48},
  year={2016},
  organization={IEEE}
}
