@online{aie-ml,
  key =          {AMD Xilinx},
  year  =        2024,
  title =        "Versal Adaptive SoC AIE-ML Architecture Manual",
  url =          "https://docs.amd.com/r/en-US/am020-versal-aie-ml/Overview",
  lastaccessed = "Oct 8, 2024",
}

@article{brown2024fully,
  title={Fully integrating the Flang Fortran compiler with standard MLIR},
  author={Brown, Nick},
  journal={arXiv preprint arXiv:2409.18824},
  year={2024}
}

@inproceedings{fehr2022irdl,
  title={IRDL: an IR definition language for SSA compilers},
  author={Fehr, Mathieu and others},
  booktitle={Proceedings of the 43rd ACM SIGPLAN International Conference on Programming Language Design and Implementation},
  pages={199--212},
  year={2022}
}

@online{fir,
  key =          {FIR},
  year  =        2024,
  title =        "Design: Fortran IR",
  url =          "https://flang.llvm.org/docs/FIRLangRef.html",
  lastaccessed = "Aug 16, 2024",
}

@online{flang,
  key =          {Flang},
  year  =        2024,
  title =        "Flang Documentation",
  url =          "https://flang.llvm.org/docs/",
  lastaccessed = "Aug 16, 2024",
}

@article{heinz2021tapasco,
  title={The TaPaSCo Open-Source Toolflow: for the Automated Composition of Task-Based Parallel Reconfigurable Computing Systems},
  author={Heinz, Carsten and Hofmann, Jaco and Korinth, Jens and Sommer, Lukas and Weber, Lukas and Koch, Andreas},
  journal={Journal of Signal Processing Systems},
  volume={93},
  pages={545--563},
  year={2021},
  publisher={Springer}
}

@inproceedings{heinz2024tapas,
  title={TaPaS Co-AIE: An Open-Source Framework for Streaming-Based Heterogeneous Acceleration Using AMD AI Engines},
  author={Heinz, Carsten and Kalkhof, Torben and Lavan, Yannick and Koch, Andreas},
  booktitle={2024 IEEE International Parallel and Distributed Processing Symposium Workshops (IPDPSW)},
  pages={155--161},
  year={2024},
  organization={IEEE}
}

@online{hlfir,
  key =          {HLFIR},
  year  =        2024,
  title =        "High-Level Fortran IR (HLFIR)",
  url =          "https://flang.llvm.org/docs/HighLevelFIR.html",
  lastaccessed = "Aug 16, 2024",
}

@inproceedings{kalkhof2024enabling,
  title={Enabling FPGA and AI Engine Tasks in the HPX Programming Framework for Heterogeneous High-Performance Computing},
  author={Kalkhof, Torben and Heinz, Carsten and Koch, Andreas},
  booktitle={International Symposium on Applied Reconfigurable Computing},
  pages={75--89},
  year={2024},
  organization={Springer}
}

@inproceedings{lattner2004llvm,
  title={LLVM: A compilation framework for lifelong program analysis \& transformation},
  author={Lattner, Chris and Adve, Vikram},
  booktitle={International symposium on code generation and optimization, 2004. CGO 2004.},
  pages={75--86},
  year={2004},
  organization={IEEE}
}

@online{xdsl,
  key =          {xDSL},
  year  =        2023,
  title =        "A Python Compiler Design Toolkit",
  url =          "https://github.com/xdslproject/xdsl",
  lastaccessed = "Aug 16, 2023",
}

