
% Journals

% First the Full Name is given, then the abbreviation used in the AMS Math
% Reviews, with an indication if it could not be found there.
% Note the 2nd overwrites the 1st, so swap them if you want the full name.

 %{AMS}
 @String{AMSTrans = "American Mathematical Society Translations" }
 @String{AMSTrans = "Amer. Math. Soc. Transl." }
 @String{BullAMS = "Bulletin of the American Mathematical Society" }
 @String{BullAMS = "Bull. Amer. Math. Soc." }
 @String{ProcAMS = "Proceedings of the American Mathematical Society" }
 @String{ProcAMS = "Proc. Amer. Math. Soc." }
 @String{TransAMS = "Transactions of the American Mathematical Society" }
 @String{TransAMS = "Trans. Amer. Math. Soc." }

 %ACM
 @String{CACM = "Communications of the {ACM}" }
 @String{CACM = "Commun. {ACM}" }
 @String{CompServ = "Comput. Surveys" }
 @String{JACM = "J. ACM" }
 @String{ACMMathSoft = "{ACM} Transactions on Mathematical Software" }
 @String{ACMMathSoft = "{ACM} Trans. Math. Software" }
 @String{SIGNUM = "{ACM} {SIGNUM} Newsletter" }
 @String{SIGNUM = "{ACM} {SIGNUM} Newslett." }

 @String{AmerSocio = "American Journal of Sociology" }
 @String{AmerStatAssoc = "Journal of the American Statistical Association" }
 @String{AmerStatAssoc = "J. Amer. Statist. Assoc." }
 @String{ApplMathComp = "Applied Mathematics and Computation" }
 @String{ApplMathComp = "Appl. Math. Comput." }
 @String{AmerMathMonthly = "American Mathematical Monthly" }
 @String{AmerMathMonthly = "Amer. Math. Monthly" }
 @String{BIT = "{BIT}" }
 @String{BritStatPsych = "British Journal of Mathematical and Statistical
          Psychology" }
 @String{BritStatPsych = "Brit. J. Math. Statist. Psych." }
 @String{CanMathBull = "Canadian Mathematical Bulletin" }
 @String{CanMathBull = "Canad. Math. Bull." }
 @String{CompApplMath = "Journal of Computational and Applied Mathematics" }
 @String{CompApplMath = "J. Comput. Appl. Math." }
 @String{CompPhys = "Journal of Computational Physics" }
 @String{CompPhys = "J. Comput. Phys." }
 @String{CompStruct = "Computers and Structures" }
 @String{CompStruct = "Comput. \& Structures" }
 @String{CompJour = "The Computer Journal" }
 @String{CompJour = "Comput. J." }
 @String{CompSysSci = "Journal of Computer and System Sciences" }
 @String{CompSysSci = "J. Comput. System Sci." }
 @String{Computing = "Computing" }
 @String{ContempMath = "Contemporary Mathematics" }
 @String{ContempMath = "Contemp. Math." }
 @String{Crelle = "Crelle's Journal" }
 @String{GiornaleMath = "Giornale di Mathematiche" }
 @String{GiornaleMath = "Giorn. Mat." } % didn't find in AMS MR., ibid.

 %IEEE
 @String{Computer = "{IEEE} Computer" }
 @String{IEEETransComp = "{IEEE} Transactions on Computers" }
 @String{IEEETransComp = "{IEEE} Trans. Comput." }
 @String{IEEETransAC = "{IEEE} Transactions on Automatic Control" }
 @String{IEEETransAC = "{IEEE} Trans. Automat. Control" }
 @String{IEEESpec = "{IEEE} Spectrum" } % didn't find in AMS MR
 @String{ProcIEEE = "Proceedings of the {IEEE}" }
 @String{ProcIEEE = "Proc. {IEEE}" } % didn't find in AMS MR
 @String{IEEETransAeroElec = "{IEEE} Transactions on Aerospace and Electronic
     Systems" }
 @String{IEEETransAeroElec = "{IEEE} Trans. Aerospace Electron. Systems" }

 @String{IMANumerAna = "{IMA} Journal of Numerical Analysis" }
 @String{IMANumerAna = "{IMA} J. Numer. Anal." }
 @String{InfProcLet = "Information Processing Letters" }
 @String{InfProcLet = "Inform. Process. Lett." }
 @String{InstMathApp = "Journal of the Institute of Mathematics and
     its Applications" }
 @String{InstMathApp = "J. Inst. Math. Appl." }
 @String{IntControl = "International Journal of Control" }
 @String{IntControl = "Internat. J. Control" }
 @String{IntNumerEng = "International Journal for Numerical Methods in
     Engineering" }
 @String{IntNumerEng = "Internat. J. Numer. Methods Engrg." }
 @String{IntSuper = "International Journal of Supercomputing Applications" }
 @String{IntSuper = "Internat. J. Supercomputing Applic." } % didn't find
%% in AMS MR
 @String{Kibernetika = "Kibernetika" }
 @String{JResNatBurStand = "Journal of Research of the National Bureau
     of Standards" }
 @String{JResNatBurStand = "J. Res. Nat. Bur. Standards" }
 @String{LinAlgApp = "Linear Algebra and its Applications" }
 @String{LinAlgApp = "Linear Algebra Appl." }
 @String{MathAnaAppl = "Journal of Mathematical Analysis and Applications" }
 @String{MathAnaAppl = "J. Math. Anal. Appl." }
 @String{MathAnnalen = "Mathematische Annalen" }
 @String{MathAnnalen = "Math. Ann." }
 @String{MathPhys = "Journal of Mathematical Physics" }
 @String{MathPhys = "J. Math. Phys." }
 @String{MathComp = "Mathematics of Computation" }
 @String{MathComp = "Math. Comp." }
 @String{MathScand = "Mathematica Scandinavica" }
 @String{MathScand = "Math. Scand." }
 @String{TablesAidsComp = "Mathematical Tables and Other Aids to Computation" }
 @String{TablesAidsComp = "Math. Tables Aids Comput." }
 @String{NumerMath = "Numerische Mathematik" }
 @String{NumerMath = "Numer. Math." }
 @String{PacificMath = "Pacific Journal of Mathematics" }
 @String{PacificMath = "Pacific J. Math." }
 @String{ParDistComp = "Journal of Parallel and Distributed Computing" }
 @String{ParDistComp = "J. Parallel and Distrib. Comput." } % didn't find
%% in AMS MR
 @String{ParComputing = "Parallel Computing" }
 @String{ParComputing = "Parallel Comput." }
 @String{PhilMag = "Philosophical Magazine" }
 @String{PhilMag = "Philos. Mag." }
 @String{ProcNAS = "Proceedings of the National Academy of Sciences
                    of the USA" }
 @String{ProcNAS = "Proc. Nat. Acad. Sci. U. S. A." }
 @String{Psychometrika = "Psychometrika" }
 @String{QuartMath = "Quarterly Journal of Mathematics, Oxford, Series (2)" }
 @String{QuartMath = "Quart. J. Math. Oxford Ser. (2)" }
 @String{QuartApplMath = "Quarterly of Applied Mathematics" }
 @String{QuartApplMath = "Quart. Appl. Math." }
 @String{RevueInstStat = "Review of the International Statisical Institute" }
 @String{RevueInstStat = "Rev. Inst. Internat. Statist." }

 %SIAM
 @String{JSIAM = "Journal of the Society for Industrial and Applied
     Mathematics" }
 @String{JSIAM = "J. Soc. Indust. Appl. Math." }
 @String{JSIAMB = "Journal of the Society for Industrial and Applied
     Mathematics, Series B, Numerical Analysis" }
 @String{JSIAMB = "J. Soc. Indust. Appl. Math. Ser. B Numer. Anal." }
 @String{SIAMAlgMeth = "{SIAM} Journal on Algebraic and Discrete Methods" }
 @String{SIAMAlgMeth = "{SIAM} J. Algebraic Discrete Methods" }
 @String{SIAMAppMath = "{SIAM} Journal on Applied Mathematics" }
 @String{SIAMAppMath = "{SIAM} J. Appl. Math." }
 @String{SIAMComp = "{SIAM} Journal on Computing" }
 @String{SIAMComp = "{SIAM} J. Comput." }
 @String{SIAMMatrix = "{SIAM} Journal on Matrix Analysis and Applications" }
 @String{SIAMMatrix = "{SIAM} J. Matrix Anal. Appl." }
 @String{SIAMNumAnal = "{SIAM} Journal on Numerical Analysis" }
 @String{SIAMNumAnal = "{SIAM} J. Numer. Anal." }
 @String{SIAMReview = "{SIAM} Review" }
 @String{SIAMReview = "{SIAM} Rev." }
 @String{SIAMSciStat = "{SIAM} Journal on Scientific and Statistical
     Computing" }
 @String{SIAMSciStat = "{SIAM} J. Sci. Statist. Comput." }

 @String{SoftPracExp = "Software Practice and Experience" }
 @String{SoftPracExp = "Software Prac. Experience" } % didn't find in AMS MR
 @String{StatScience = "Statistical Science" }
 @String{StatScience = "Statist. Sci." }
 @String{Techno = "Technometrics" }
 @String{USSRCompMathPhys = "{USSR} Computational Mathematics and Mathematical
     Physics" }
 @String{USSRCompMathPhys = "{U. S. S. R.} Comput. Math. and Math. Phys." }
 @String{VLSICompSys = "Journal of {VLSI} and Computer Systems" }
 @String{VLSICompSys = "J. {VLSI} Comput. Syst." }
 @String{ZAngewMathMech = "Zeitschrift fur Angewandte Mathematik und
     Mechanik" }
 @String{ZAngewMathMech = "Z. Angew. Math. Mech." }
 @String{ZAngewMathPhys = "Zeitschrift fur Angewandte Mathematik und Physik" }
 @String{ZAngewMathPhys = "Z. Angew. Math. Phys." }

% Publishers % ================================================= |

 @String{Academic = "Academic Press" }
 @String{ACMPress = "{ACM} Press" }
 @String{AdamHilger = "Adam Hilger" }
 @String{AddisonWesley = "Addison-Wesley" }
 @String{AllynBacon = "Allyn and Bacon" }
 @String{AMS = "American Mathematical Society" }
 @String{Birkhauser = "Birkha{\"u}ser" }
 @String{CambridgePress = "Cambridge University Press" }
 @String{Chelsea = "Chelsea" }
 @String{ClaredonPress = "Claredon Press" }
 @String{DoverPub = "Dover Publications" }
 @String{Eyolles = "Eyolles" }
 @String{HoltRinehartWinston = "Holt, Rinehart and Winston" }
 @String{Interscience = "Interscience" }
 @String{JohnsHopkinsPress = "The Johns Hopkins University Press" }
 @String{JohnWileySons = "John Wiley and Sons" }
 @String{Macmillan = "Macmillan" }
 @String{MathWorks = "The Math Works Inc." }
 @String{McGrawHill = "McGraw-Hill" }
 @String{NatBurStd = "National Bureau of Standards" }
 @String{NorthHolland = "North-Holland" }
 @String{OxfordPress = "Oxford University Press" }  %address Oxford or London?
 @String{PergamonPress = "Pergamon Press" }
 @String{PlenumPress = "Plenum Press" }
 @String{PrenticeHall = "Prentice-Hall" }
 @String{SIAMPub = "{SIAM} Publications" }
 @String{Springer = "Springer-Verlag" }
 @String{TexasPress = "University of Texas Press" }
 @String{VanNostrand = "Van Nostrand" }
 @String{WHFreeman = "W. H. Freeman and Co." }

%Entries

@inproceedings{levental2024end,
  title={An End-to-End Programming Model for AI Engine Architectures},
  author={Levental, Maksim and Khan, Arham and Chard, Ryan and Chard, Kyle and Neuendorffer, Stephen and Foster, Ian},
  booktitle={Proceedings of the 14th International Symposium on Highly Efficient Accelerators and Reconfigurable Technologies},
  pages={135--136},
  year={2024}
}

@inproceedings{kalkhof2024enabling,
  title={Enabling FPGA and AI Engine Tasks in the HPX Programming Framework for Heterogeneous High-Performance Computing},
  author={Kalkhof, Torben and Heinz, Carsten and Koch, Andreas},
  booktitle={International Symposium on Applied Reconfigurable Computing},
  pages={75--89},
  year={2024},
  organization={Springer}
}

@article{brown2024fully,
  title={Fully integrating the Flang Fortran compiler with standard MLIR},
  author={Brown, Nick},
  journal={arXiv preprint arXiv:2409.18824},
  year={2024}
}

@online{hlfir,
  key =          {HLFIR},
  year  =        2024,
  title =        "High-Level Fortran IR (HLFIR)",
  url =          "https://flang.llvm.org/docs/HighLevelFIR.html",
  lastaccessed = "Aug 16, 2024",
}

@online{fir,
  key =          {FIR},
  year  =        2024,
  title =        "Design: Fortran IR",
  url =          "https://flang.llvm.org/docs/FIRLangRef.html",
  lastaccessed = "Aug 16, 2024",
}

@online{flang,
  key =          {Flang},
  year  =        2024,
  title =        "Flang Documentation",
  url =          "https://flang.llvm.org/docs/",
  lastaccessed = "Aug 16, 2024",
}

@inproceedings{lattner2004llvm,
  title={LLVM: A compilation framework for lifelong program analysis \& transformation},
  author={Lattner, Chris and Adve, Vikram},
  booktitle={International symposium on code generation and optimization, 2004. CGO 2004.},
  pages={75--86},
  year={2004},
  organization={IEEE}
}

@online{aie-ml,
  key =          {AMD Xilinx},
  year  =        2024,
  title =        "Versal Adaptive SoC AIE-ML Architecture Manual",
  url =          "https://docs.amd.com/r/en-US/am020-versal-aie-ml/Overview",
  lastaccessed = "Oct 8, 2024",
}

@inproceedings{rodriguez2023fortran,
  title={Fortran High-Level Synthesis: Reducing the barriers to accelerating HPC codes on FPGAs},
  author={Rodriguez-Canal and others},
  booktitle={2023 33rd International Conference on Field-Programmable Logic and Applications (FPL)},
  pages={10--18},
  year={2023},
  organization={IEEE}
}

@inproceedings{klaisoongnoen2024evaluating,
  title={Evaluating Versal AI Engines for option price discovery in market risk analysis},
  author={Klaisoongnoen, Mark and Brown, Nick and Dykes, Tim and Jones, Jessica R and Haus, Utz-Uwe},
  booktitle={Proceedings of the 2024 ACM/SIGDA International Symposium on Field Programmable Gate Arrays},
  pages={176--182},
  year={2024}
}

@inproceedings{zhang2023new,
  title={New Filter2D Accelerator on the Versal Platform Powered by the AI Engine},
  author={Zhang, Wenbo and Wang, Tianshuo and Liu, Yiqi and Li, Yiming and Bao, Zhenshan},
  booktitle={International Symposium on Advanced Parallel Processing Technologies},
  pages={437--449},
  year={2023},
  organization={Springer}
}

@inproceedings{brown2023exploring,
  title={Exploring the Versal AI engines for accelerating stencil-based atmospheric advection simulation},
  author={Brown, Nick},
  booktitle={Proceedings of the 2023 ACM/SIGDA International Symposium on Field Programmable Gate Arrays},
  pages={91--97},
  year={2023}
}

@inproceedings{bisbas2024shared,
  title={A shared compilation stack for distributed-memory parallelism in stencil DSLs},
  author={Bisbas, George and others},
  booktitle={Proceedings of the 29th ACM International Conference on Architectural Support for Programming Languages and Operating Systems, Volume 3},
  pages={38--56},
  year={2024}
}

@online{mlir-aie,
  key =          {AMD Xilinx},
  year  =        2024,
  title =        "MLIR-based AI Engine toolchain",
  url =          "https://github.com/Xilinx/mlir-aie",
  lastaccessed = "Oct 8, 2024",
}

@online{xdsl,
  key =          {xDSL},
  year  =        2023,
  title =        "A Python Compiler Design Toolkit",
  url =          "https://github.com/xdslproject/xdsl",
  lastaccessed = "Aug 16, 2023",
}

@inproceedings{fehr2022irdl,
  title={IRDL: an IR definition language for SSA compilers},
  author={Fehr, Mathieu and others},
  booktitle={Proceedings of the 43rd ACM SIGPLAN International Conference on Programming Language Design and Implementation},
  pages={199--212},
  year={2022}
}

@article{heinz2021tapasco,
  title={The TaPaSCo Open-Source Toolflow: for the Automated Composition of Task-Based Parallel Reconfigurable Computing Systems},
  author={Heinz, Carsten and Hofmann, Jaco and Korinth, Jens and Sommer, Lukas and Weber, Lukas and Koch, Andreas},
  journal={Journal of Signal Processing Systems},
  volume={93},
  pages={545--563},
  year={2021},
  publisher={Springer}
}

@inproceedings{heinz2024tapas,
  title={TaPaS Co-AIE: An Open-Source Framework for Streaming-Based Heterogeneous Acceleration Using AMD AI Engines},
  author={Heinz, Carsten and Kalkhof, Torben and Lavan, Yannick and Koch, Andreas},
  booktitle={2024 IEEE International Parallel and Distributed Processing Symposium Workshops (IPDPSW)},
  pages={155--161},
  year={2024},
  organization={IEEE}
}

@inproceedings{lattner2021mlir,
  title={MLIR: Scaling compiler infrastructure for domain specific computation},
  author={Lattner, Chris and others},
  booktitle={2021 IEEE/ACM International Symposium on Code Generation and Optimization (CGO)},
  pages={2--14},
  year={2021},
  organization={IEEE}
}
