@INPROCEEDINGS{4650764,
  author={Haddadin, Sami and Albu-Schaffer, Alin and De Luca, Alessandro and Hirzinger, Gerd},
  booktitle={2008 IEEE/RSJ International Conference on Intelligent Robots and Systems}, 
  title={Collision Detection and Reaction: A Contribution to Safe Physical Human-Robot Interaction}, 
  year={2008},
  volume={},
  number={},
  pages={3356-3363},
  keywords={Robots;Collision avoidance;Torque;Joints;Trajectory;Robot sensing systems;Humans},
  doi={10.1109/IROS.2008.4650764}
}

@INPROCEEDINGS{8793657,
  author={Mariotti, Eleonora and Magrini, Emanuele and Luca, Alessandro De},
  booktitle={2019 International Conference on Robotics and Automation (ICRA)}, 
  title={Admittance Control for Human-Robot Interaction Using an Industrial Robot Equipped with a F/T Sensor}, 
  year={2019},
  volume={},
  number={},
  pages={6130-6136},
  keywords={Robot sensing systems;Collision avoidance;Service robots;Collaboration;End effectors;Current measurement},
  doi={10.1109/ICRA.2019.8793657}}

@article{VILLANI2018248,
title = {Survey on human–robot collaboration in industrial settings: Safety, intuitive interfaces and applications},
journal = {Mechatronics},
volume = {55},
pages = {248-266},
year = {2018},
issn = {0957-4158},
doi = {https://doi.org/10.1016/j.mechatronics.2018.02.009},
url = {https://www.sciencedirect.com/science/article/pii/S0957415818300321},
author = {Valeria Villani and Fabio Pini and Francesco Leali and Cristian Secchi},
keywords = {Human–robot collaboration, Collaborative robots, Safety, User interfaces, Intuitive robot programming, Industrial applications}
}

@inproceedings{phrihaddadin,
  title={69 . Physical Human–Robot Interaction},
  author={Multimedia Contents and Sami Haddadin and Elizabeth Cro},
  year={2022},
  url={https://api.semanticscholar.org/CorpusID:259103207}
}

@article{yan2024soft,
  title={A soft skin with self-decoupled three-axis force-sensing taxels},
  author={Yan, Youcan and Zermane, Ahmed and Pan, Jia and Kheddar, Abderrahmane},
  journal={Nature Machine Intelligence},
  pages={1--12},
  year={2024},
  publisher={Nature Publishing Group UK London}
}

