@misc{singh2022mcmujocosimulatingarticulatedrobots,
      title={mc-mujoco: Simulating Articulated Robots with FSM Controllers in MuJoCo}, 
      author={Rohan P. Singh and Pierre Gergondet and Fumio Kanehiro},
      year={2022},
      eprint={2209.00274},
      archivePrefix={arXiv},
      primaryClass={cs.RO},
      url={https://arxiv.org/abs/2209.00274}, 
}

@INPROCEEDINGS{dualcompliance,
  author={Benallegue, Mehdi and Cisneros, Rafael and Benallegue, Abdelaziz and Tanguy, Arnaud and Escande, Adrien and Morisawa, Mitsuharu and Kanehiro, Fumio},
  booktitle={2021 IEEE/RSJ International Conference on Intelligent Robots and Systems (IROS)}, 
  title={On compliance and safety with torque-control for robots with high reduction gears and no joint-torque feedback}, 
  year={2021},
  volume={},
  number={},
  pages={6262-6269},
  keywords={Torque;Gears;Trajectory tracking;Friction;Torque control;Position control;Safety},
  doi={10.1109/IROS51168.2021.9636081}}

@misc{farajtabar2024pathcontactbasedphysicalhumanrobot,
      title={The path towards contact-based physical human-robot interaction}, 
      author={Mohammad Farajtabar and Marie Charbonneau},
      year={2024},
      eprint={2407.02664},
      archivePrefix={arXiv},
      primaryClass={cs.RO},
      url={https://arxiv.org/abs/2407.02664}, 
}

@article{hrcindustrialsurvey,
author = {Li, Weidong and Hu, Yudie and Zhou, Yong and Pham, D.},
year = {2023},
month = {06},
pages = {},
title = {Safe human–robot collaboration for industrial settings: a survey},
volume = {35},
journal = {Journal of Intelligent Manufacturing},
doi = {10.1007/s10845-023-02159-4}
}

@ARTICLE{hrcindustrialsettings,
  author={Kumar, Shitij and Savur, Celal and Sahin, Ferat},
  journal={IEEE Transactions on Systems, Man, and Cybernetics: Systems}, 
  title={Survey of Human–Robot Collaboration in Industrial Settings: Awareness, Intelligence, and Compliance}, 
  year={2021},
  volume={51},
  number={1},
  pages={280-297},
  keywords={Robots;Service robots;Safety;Industries;Robot sensing systems;Collision avoidance;Standards;Awareness;compliance;digital-twin human–robot collaboration (HRC);industrial automation;intelligence;physiological computing;speed and separation monitoring (SSM)},
  doi={10.1109/TSMC.2020.3041231}}

@inproceedings{torque-control-QP,
  title={Robust humanoid control using a QP solver with integral gains},
  author={Cisneros, Rafael and Benallegue, Mehdi and Benallegue, Abdelaziz and Morisawa, Mitsuharu and Audren, Herv{\'e} and Gergondet, Pierre and Escande, Adrien and Kheddar, Abderrahmane and Kanehiro, Fumio},
  booktitle={IEEE/RSJ IROS},
  year={2018},
  organization={IEEE}
}

@article{Panagou2023ASR,
  title={A scoping review of human robot interaction research towards Industry 5.0 human-centric workplaces},
  author={Sotirios Panagou and W. Patrick Neumann and Fabio Fruggiero},
  journal={International Journal of Production Research},
  year={2023},
  volume={62},
  pages={974 - 990},
  url={https://api.semanticscholar.org/CorpusID:256776946}
}

@INPROCEEDINGS{8793657,
  author={Mariotti, Eleonora and Magrini, Emanuele and Luca, Alessandro De},
  booktitle={2019 International Conference on Robotics and Automation (ICRA)}, 
  title={Admittance Control for Human-Robot Interaction Using an Industrial Robot Equipped with a F/T Sensor}, 
  year={2019},
  volume={},
  number={},
  pages={6130-6136},
  keywords={Robot sensing systems;Collision avoidance;Service robots;Collaboration;End effectors;Current measurement},
  doi={10.1109/ICRA.2019.8793657}}

@Article{su11164371,
AUTHOR = {Nahavandi, Saeid},
TITLE = {Industry 5.0—A Human-Centric Solution},
JOURNAL = {Sustainability},
VOLUME = {11},
YEAR = {2019},
NUMBER = {16},
ARTICLE-NUMBER = {4371},
URL = {https://www.mdpi.com/2071-1050/11/16/4371},
ISSN = {2071-1050},
DOI = {10.3390/su11164371}
}

@article{BONELLO2024282,
title = {The Impacts of Industrial Safety on Environmental Sustainability in Human-Robot-Collaboration within Industry 5.0},
journal = {Procedia CIRP},
volume = {122},
pages = {282-287},
year = {2024},
note = {31st CIRP Conference on Life Cycle Engineering},
issn = {2212-8271},
doi = {https://doi.org/10.1016/j.procir.2024.01.041},
url = {https://www.sciencedirect.com/science/article/pii/S2212827124000544},
author = {Amberlynn Bonello and Paul Refalo and Emmanuel Francalanza},
keywords = {collaborative robots, life cycle, dematerialisation, cognitive safety, DfES, Industry 5.0, environment}
}

@INPROCEEDINGS{velocitydamper,
  author={Faverjon, B. and Tournassoud, P.},
  booktitle={Proceedings. 1987 IEEE International Conference on Robotics and Automation}, 
  title={A local based approach for path planning of manipulators with a high number of degrees of freedom}, 
  year={1987},
  volume={4},
  number={},
  pages={1152-1159},
  keywords={Path planning;Manipulators;Robots;Motion planning;Orbital robotics;Minimization methods;Joining processes;Law;Legal factors;Wrist},
  doi={10.1109/ROBOT.1987.1087982}}

@inproceedings{phrihaddadin,
  title={69 . Physical Human–Robot Interaction},
  author={Multimedia Contents and Sami Haddadin and Elizabeth Cro},
  year={2022},
  url={https://api.semanticscholar.org/CorpusID:259103207}
}

@article{CORONADO2022392,
title = {Evaluating quality in human-robot interaction: A systematic search and classification of performance and human-centered factors, measures and metrics towards an industry 5.0},
journal = {Journal of Manufacturing Systems},
volume = {63},
pages = {392-410},
year = {2022},
issn = {0278-6125},
doi = {https://doi.org/10.1016/j.jmsy.2022.04.007},
url = {https://www.sciencedirect.com/science/article/pii/S0278612522000577},
author = {Enrique Coronado and Takuya Kiyokawa and Gustavo A. Garcia Ricardez and Ixchel G. Ramirez-Alpizar and Gentiane Venture and Natsuki Yamanobe},
keywords = {Human-robot interaction, Human-robot collaboration, Metrics, Robotics, Industry 5.0, Society 5.0 2010 MSC: 00–01, 99–00}
}

@misc{ralcelerier,
  title = {Explicit safety and compliance on torque controlled robots for physical interaction},
  author = {Celerier, Mathieu and Muraccioli, Bastien and Benallegue, Mehdi and Hu, Yue and Cisneros Limón, Rafael and Kaminaga, Hiroshi and Venture, Gentiane},
  note = {To be submitted to The International Journal of Robotics Research (IJRR)},
  url = {https://hal.science/hal-04922493}
}

@INPROCEEDINGS{mcrtcfsm,
  author={Bolotnikova, Anastasia and Gergondet, Pierre and Tanguy, Arnaud and Courtois, Sébastien and Kheddar, Abderrahmane},
  booktitle={2021 IEEE/SICE International Symposium on System Integration (SII)}, 
  title={Task-Space Control Interface for SoftBank Humanoid Robots and its Human-Robot Interaction Applications}, 
  year={2021},
  volume={},
  number={},
  pages={560-565},
  keywords={Humanoid robots;Human-robot interaction;System integration;Tools;Task analysis;Robots;Open source software},
  doi={10.1109/IEEECONF49454.2021.9382685}}

@article{yan2024soft,
  title={A soft skin with self-decoupled three-axis force-sensing taxels},
  author={Yan, Youcan and Zermane, Ahmed and Pan, Jia and Kheddar, Abderrahmane},
  journal={Nature Machine Intelligence},
  pages={1--12},
  year={2024},
  publisher={Nature Publishing Group UK London}
}

@INPROCEEDINGS{4650764,
  author={Haddadin, Sami and Albu-Schaffer, Alin and De Luca, Alessandro and Hirzinger, Gerd},
  booktitle={2008 IEEE/RSJ International Conference on Intelligent Robots and Systems}, 
  title={Collision Detection and Reaction: A Contribution to Safe Physical Human-Robot Interaction}, 
  year={2008},
  volume={},
  number={},
  pages={3356-3363},
  keywords={Robots;Collision avoidance;Torque;Joints;Trajectory;Robot sensing systems;Humans},
  doi={10.1109/IROS.2008.4650764}
}

@article{VILLANI2018248,
title = {Survey on human–robot collaboration in industrial settings: Safety, intuitive interfaces and applications},
journal = {Mechatronics},
volume = {55},
pages = {248-266},
year = {2018},
issn = {0957-4158},
doi = {https://doi.org/10.1016/j.mechatronics.2018.02.009},
url = {https://www.sciencedirect.com/science/article/pii/S0957415818300321},
author = {Valeria Villani and Fabio Pini and Francesco Leali and Cristian Secchi},
keywords = {Human–robot collaboration, Collaborative robots, Safety, User interfaces, Intuitive robot programming, Industrial applications}
}

@inproceedings{vaillant2014vertical,
  title={Vertical ladder climbing by the hrp-2 humanoid robot},
  author={Vaillant, Joris and Kheddar, Abderrahmane and Audren, Herv{\'e} and Keith, Fran{\c{c}}ois and Brossette, Stanislas and Kaneko, Kenji and Morisawa, Mitsuharu and Yoshida, Eiichi and Kanehiro, Fumio},
  booktitle={2014 IEEE-RAS International Conference on Humanoid Robots},
  pages={671--676},
  year={2014},
  organization={IEEE}
}
