@article{lewis2020retrieval,
  title={Retrieval-augmented generation for knowledge-intensive nlp tasks},
  author={Lewis, Patrick and Perez, Ethan and Piktus, Aleksandra and Petroni, Fabio and Karpukhin, Vladimir and Goyal, Naman and K{\"u}ttler, Heinrich and Lewis, Mike and Yih, Wen-tau and Rockt{\"a}schel, Tim and others},
  journal={Advances in Neural Information Processing Systems},
  volume={33},
  pages={9459--9474},
  year={2020}
}

@article{gao2023retrieval,
  title={Retrieval-augmented generation for large language models: A survey},
  author={Gao, Yunfan and Xiong, Yun and Gao, Xinyu and Jia, Kangxiang and Pan, Jinliu and Bi, Yuxi and Dai, Yi and Sun, Jiawei and Wang, Haofen},
  journal={arXiv preprint arXiv:2312.10997},
  year={2023}
}

@article{wang2023knowledgpt,
  title={Knowledgpt: Enhancing large language models with retrieval and storage access on knowledge bases},
  author={Wang, Xintao and Yang, Qianwen and Qiu, Yongting and Liang, Jiaqing and He, Qianyu and Gu, Zhouhong and Xiao, Yanghua and Wang, Wei},
  journal={arXiv preprint arXiv:2308.11761},
  year={2023}
}

@article{cheng2024lift,
  title={Lift yourself up: Retrieval-augmented text generation with self-memory},
  author={Cheng, Xin and Luo, Di and Chen, Xiuying and Liu, Lemao and Zhao, Dongyan and Yan, Rui},
  journal={Advances in Neural Information Processing Systems},
  volume={36},
  year={2024}
}

@inproceedings{anderson2022lingua,
  title={Lingua: Addressing scenarios for live interpretation and automatic dubbing},
  author={Anderson, Nathan and Wilson, Caleb and Richardson, Stephen D},
  booktitle={Proceedings of the 15th Biennial Conference of the Association for Machine Translation in the Americas (Volume 2: Users and Providers Track and Government Track)},
  pages={202--209},
  year={2022}
}

@article{jiang2023longllmlingua,
  title={Longllmlingua: Accelerating and enhancing llms in long context scenarios via prompt compression},
  author={Jiang, Huiqiang and Wu, Qianhui and Luo, Xufang and Li, Dongsheng and Lin, Chin-Yew and Yang, Yuqing and Qiu, Lili},
  journal={arXiv preprint arXiv:2310.06839},
  year={2023}
}

@article{jiang2023active,
  title={Active retrieval augmented generation},
  author={Jiang, Zhengbao and Xu, Frank F and Gao, Luyu and Sun, Zhiqing and Liu, Qian and Dwivedi-Yu, Jane and Yang, Yiming and Callan, Jamie and Neubig, Graham},
  journal={arXiv preprint arXiv:2305.06983},
  year={2023}
}

@inproceedings{chen2024benchmarking,
  title={Benchmarking large language models in retrieval-augmented generation},
  author={Chen, J. and Lin, H. and Han, X. and Sun, L.},
  booktitle={Proceedings of the AAAI Conference on Artificial Intelligence},
  pages={17754--17762},
  year={2024},
  volume={38}
}

@inproceedings{yu2022retrieval,
  title={Retrieval-augmented generation across heterogeneous knowledge},
  author={Yu, Wenhao},
  booktitle={Proceedings of the 2022 conference of the North American chapter of the association for computational linguistics: human language technologies: student research workshop},
  pages={52--58},
  year={2022}
}

@article{xu2021beyond,
  title={Beyond goldfish memory: Long-term open-domain conversation},
  author={Xu, Jing and Szlam, Arthur and Weston, Jason},
  journal={arXiv preprint arXiv:2107.07567},
  year={2021}
}

@article{stafford1987conversational,
  title={Conversational memory: The effects of time, recall, mode, and memory expectancies on remembrances of natural conversations},
  author={Stafford, Laura and Burggraf, Cynthia S and Sharkey, William F},
  journal={Human Communication Research},
  volume={14},
  number={2},
  pages={203--229},
  year={1987},
  publisher={Oxford University Press}
}

@article{achiam2023gpt,
  title={Gpt-4 technical report},
  author={Achiam, Josh and Adler, Steven and Agarwal, Sandhini and Ahmad, Lama and Akkaya, Ilge and Aleman, Florencia Leoni and Almeida, Diogo and Altenschmidt, Janko and Altman, Sam and Anadkat, Shyamal and others},
  journal={arXiv preprint arXiv:2303.08774},
  year={2023}
}

@article{touvron2023llama,
  title={Llama 2: Open foundation and fine-tuned chat models},
  author={Touvron, Hugo and Martin, Louis and Stone, Kevin and Albert, Peter and Almahairi, Amjad and Babaei, Yasmine and Bashlykov, Nikolay and Batra, Soumya and Bhargava, Prajjwal and Bhosale, Shruti and others},
  journal={arXiv preprint arXiv:2307.09288},
  year={2023}
}

@article{zhang2023flare,
  title={FLARE: Few-shot Learning with Retrieval-Augmented Language Models},
  author={Zhang, Zihao and Song, Xu and Yang, Zhengyang and Zhang, Xing},
  journal={arXiv preprint arXiv:2306.05061},
  year={2023}
}

@article{liu2023halucination,
  title={HaluEval: A Large-Scale Hallucination Evaluation Benchmark for Large Language Models},
  author={Liu, Junyi and Chen, Zheng and Sun, Jian and Yu, Donghan and Zhang, Han and Zhang, Yuanxing and Zhang, Ge and Peng, Jiawei and Chen, Yuqi and Wang, Jinmao and others},
  journal={arXiv preprint arXiv:2305.11747},
  year={2023}
}

@article{asai2023selfrag,
  title={SelfRAG: Learning to Retrieve, Generate, and Critique through Self-Reflection},
  author={Asai, Akari and Wu, Zeqiu and Wang, Yizhong and Sil, Avirup and Hajishirzi, Hannaneh},
  journal={arXiv preprint arXiv:2310.11511},
  year={2023}
}

@article{jiang2023mistral,
  title={Mistral 7B},
  author={Jiang, Albert Q and Sablayrolles, Alexandre and Mensch, Arthur and Bamford, Chris and Chaplot, Devendra Singh and Casas, Diego de las and Bressand, Florian and Lengyel, Gianna and Lample, Guillaume and Saulnier, Lucile and others},
  journal={arXiv preprint arXiv:2310.06825},
  year={2023}
}

@misc{openai2023chatgpt,
  title={{ChatGPT}: Optimizing Language Models for Dialogue},
  author={{OpenAI}},
  year={2023},
  howpublished={\url{https://openai.com/blog/chatgpt}},
  note={Accessed: 2023-11-30}
}

@article{robertson2009probabilistic,
  title={The probabilistic relevance framework: BM25 and beyond},
  author={Robertson, Stephen and Zaragoza, Hugo},
  journal={Foundations and Trends in Information Retrieval},
  volume={3},
  number={4},
  pages={333--389},
  year={2009},
  publisher={Now Publishers Inc}
}

@article{izacard2022unsupervised,
  title={Unsupervised Dense Information Retrieval with Contrastive Learning},
  author={Izacard, Gautier and Grave, Edouard and Bojanowski, Piotr and Joulin, Armand},
  journal={Transactions of the Association for Computational Linguistics},
  volume={10},
  pages={726--741},
  year={2022}
}

@inproceedings{ramos2003using,
  title={Using tf-idf to determine word relevance in document queries},
  author={Ramos, J.},
  booktitle={Proceedings of the first instructional conference on machine learning},
  pages={29--48},
  year={2003},
  volume={242}
}

@inproceedings{reimers2019sentence,
  title={Sentence-BERT: Sentence Embeddings using Siamese BERT-Networks},
  author={Reimers, Nils and Gurevych, Iryna},
  booktitle={Proceedings of the 2019 Conference on Empirical Methods in Natural Language Processing and the 9th International Joint Conference on Natural Language Processing (EMNLP-IJCNLP)},
  pages={3982--3992},
  year={2019}
}

@article{liu2020retrieval,
  title={Retrieval-augmented generation for code summarization via hybrid gnn},
  author={Liu, Shangqing and Chen, Yu and Xie, Xiaofei and Siow, Jingkai and Liu, Yang},
  journal={arXiv preprint arXiv:2006.05405},
  year={2020}
}

@article{mao2020generation,
  title={Generation-augmented retrieval for open-domain question answering},
  author={Mao, Yuning and He, Pengcheng and Liu, Xiaodong and Shen, Yelong and Gao, Jianfeng and Han, Jiawei and Chen, Weizhu},
  journal={arXiv preprint arXiv:2009.08553},
  year={2020}
}

@article{ni2023recent,
  title={Recent advances in deep learning based dialogue systems: A systematic survey},
  author={Ni, Jinjie and Young, Tom and Pandelea, Vlad and Xue, Fuzhao and Cambria, Erik},
  journal={Artificial intelligence review},
  volume={56},
  number={4},
  pages={3055--3155},
  year={2023},
  publisher={Springer}
}

@inproceedings{tao2021survey,
  title={A Survey on Response Selection for Retrieval-based Dialogues.},
  author={Tao, Chongyang and Feng, Jiazhan and Yan, Rui and Wu, Wei and Jiang, Daxin},
  booktitle={IJCAI},
  pages={4619--4626},
  year={2021}
}

@article{sawarkar2024blended,
  title={Blended RAG: Improving RAG (Retriever-Augmented Generation) Accuracy with Semantic Search and Hybrid Query-Based Retrievers},
  author={Sawarkar, Kunal and Mangal, Abhilasha and Solanki, Shivam Raj},
  journal={arXiv preprint arXiv:2404.07220},
  year={2024}
}

@inproceedings{xu2024retrieval,
  title={Retrieval-augmented generation with knowledge graphs for customer service question answering},
  author={Xu, Zhentao and Cruz, Mark Jerome and Guevara, Matthew and Wang, Tie and Deshpande, Manasi and Wang, Xiaofeng and Li, Zheng},
  booktitle={Proceedings of the 47th International ACM SIGIR Conference on Research and Development in Information Retrieval},
  pages={2905--2909},
  year={2024}
}

@article{zhang2019memory,
  title={Memory-augmented dialogue management for task-oriented dialogue systems},
  author={Zhang, Zheng and Huang, Minlie and Zhao, Zhongzhou and Ji, Feng and Chen, Haiqing and Zhu, Xiaoyan},
  journal={ACM Transactions on Information Systems (TOIS)},
  volume={37},
  number={3},
  pages={1--30},
  year={2019},
  publisher={ACM New York, NY, USA}
}

@inproceedings{bang2015example,
  title={Example-based chat-oriented dialogue system with personalized long-term memory},
  author={Bang, Jeesoo and Noh, Hyungjong and Kim, Yonghee and Lee, Gary Geunbae},
  booktitle={2015 International Conference on Big Data and Smart Computing (BIGCOMP)},
  pages={238--243},
  year={2015},
  organization={IEEE}
}

@article{hu2023reveal,
  title={Reveal: Retrieval-augmented visual language model for versatile image understanding},
  author={Hu, Yinan and Xie, Shuo and Xu, Xingjian and Guo, Jiuxiang and Zhang, Zhirong and Wang, Yixuan and Wang, Yizhou and Wang, Yixin and Huang, Gao},
  journal={arXiv preprint arXiv:2305.15394},
  year={2023}
}

@article{yan2016learning,
  title={Learning to respond with deep neural networks for retrieval-based human-computer conversation system},
  author={Yan, Rui and Song, Yiping and Wu, Hua},
  journal={Proceedings of the 39th International ACM SIGIR conference on Research and Development in Information Retrieval},
  pages={55--64},
  year={2016}
}

@article{yu2021few,
  title={Few-shot conversational dense retrieval},
  author={Yu, Shi and Zhao, Juntao and Xu, Jinchao and Su, Jian and Tao, Chongyang and Yan, Rui and Zhang, Dongyan},
  journal={arXiv preprint arXiv:2105.04166},
  year={2021}
}

@article{su2023selective,
  title={Selective Annotation Makes Language Models Better Few-Shot Learners},
  author={Su, Hongjin and Shen, Jungo and Xiao, Jiaxin and Zhu, Wen and Liu, Xuezhi and Liu, Zhiyuan and Sun, Maosong},
  journal={arXiv preprint arXiv:2209.01975},
  year={2023}
}

@article{atkinson1968human,
  title={Human memory: A proposed system and its control processes},
  author={Atkinson, Richard C and Shiffrin, Richard M},
  journal={Psychology of learning and motivation},
  volume={2},
  pages={89--195},
  year={1968},
  publisher={Elsevier}
}

@article{baddeley1974working,
  title={Working memory},
  author={Baddeley, Alan D and Hitch, Graham},
  journal={Psychology of learning and motivation},
  volume={8},
  pages={47--89},
  year={1974},
  publisher={Elsevier}
}

@article{dudai2015consolidation,
  title={The consolidation and transformation of memory},
  author={Dudai, Yadin and Karni, Avi and Born, Jan},
  journal={Neuron},
  volume={88},
  number={1},
  pages={20--32},
  year={2015},
  publisher={Elsevier}
}

@article{horton2016conversational,
  title={Conversational grounding in younger and older adults: The effect of partner visibility and referent abstractness in task-oriented dialogue},
  author={Horton, William S and Spieler, Daniel H},
  journal={Discourse Processes},
  volume={53},
  number={1-2},
  pages={1--21},
  year={2016},
  publisher={Taylor \& Francis}
}

@article{kumar2022role,
  title={The role of working memory in dialogue: Evidence from an individual-differences approach},
  author={Kumar, Abhijeet A and Stent, Amanda and Raymond, William D and Rubin, Philip},
  journal={Journal of Memory and Language},
  volume={122},
  pages={104294},
  year={2022},
  publisher={Elsevier}
}

@article{cai20242nd,
  title={2nd Place Solution for DSTC11 Track4: Retrieval-Augmented Knowledge-Grounded Dialogue},
  author={Cai, Deng and Chen, Yan and Zhang, Yizhe and Wang, Rui and Ling, Zhenhua and Dai, Lirong},
  journal={arXiv preprint arXiv:2401.05781},
  year={2024}
}

@article{joshi2017triviaqa,
  title={TriviaQA: A Large Scale Distantly Supervised Challenge Dataset for Reading Comprehension},
  author={Joshi, Mandar and Choi, Eunsol and Weld, Daniel S and Zettlemoyer, Luke},
  journal={arXiv preprint arXiv:1705.03551},
  year={2017}
}

@article{chen2023popqa,
  title={PopQA: A Large-scale Privacy-oriented Question Answering Dataset},
  author={Chen, Xiang and Cui, Ningyu and Li, Xiaohan and Chen, Xiaozhi and Liu, Zhiyuan and Sun, Maosong},
  journal={arXiv preprint arXiv:2305.14051},
  year={2023}
}

@article{reddy2019coqa,
  title={CoQA: A Conversational Question Answering Challenge},
  author={Reddy, Siva and Chen, Danqi and Manning, Christopher D},
  journal={Transactions of the Association for Computational Linguistics},
  volume={7},
  pages={249--266},
  year={2019},
  publisher={MIT Press}
}

@article{moon2023topioqca,
  title={TopioQCA: A Topic-Oriented Question-Controlled Answer Generation Dataset},
  author={Moon, Seungjun and Kim, Haneol and Kim, Hyunwoo and Seo, Minjoon},
  journal={arXiv preprint arXiv:2305.14781},
  year={2023}
}

@article{khattab2023selfrag,
  title={Self-RAG: Learning to Retrieve, Generate, and Critique through Self-Reflection},
  author={Khattab, Omar and Santhanam, Keshav and Li, Xiang and Hall, David and Liang, Percy and Potts, Christopher and Zaharia, Matei},
  journal={arXiv preprint arXiv:2310.11511},
  year={2023}
}