@article{achiam2023gpt,
  title={Gpt-4 technical report},
  author={Achiam, Josh and Adler, Steven and Agarwal, Sandhini and Ahmad, Lama and Akkaya, Ilge and Aleman, Florencia Leoni and Almeida, Diogo and Altenschmidt, Janko and Altman, Sam and Anadkat, Shyamal and others},
  journal={arXiv preprint arXiv:2303.08774},
  year={2023}
}

@inproceedings{anderson2022lingua,
  title={Lingua: Addressing scenarios for live interpretation and automatic dubbing},
  author={Anderson, Nathan and Wilson, Caleb and Richardson, Stephen D},
  booktitle={Proceedings of the 15th Biennial Conference of the Association for Machine Translation in the Americas (Volume 2: Users and Providers Track and Government Track)},
  pages={202--209},
  year={2022}
}

@article{asai2023selfrag,
  title={SelfRAG: Learning to Retrieve, Generate, and Critique through Self-Reflection},
  author={Asai, Akari and Wu, Zeqiu and Wang, Yizhong and Sil, Avirup and Hajishirzi, Hannaneh},
  journal={arXiv preprint arXiv:2310.11511},
  year={2023}
}

@article{atkinson1968human,
  title={Human memory: A proposed system and its control processes},
  author={Atkinson, Richard C and Shiffrin, Richard M},
  journal={Psychology of learning and motivation},
  volume={2},
  pages={89--195},
  year={1968},
  publisher={Elsevier}
}

@article{baddeley1974working,
  title={Working memory},
  author={Baddeley, Alan D and Hitch, Graham},
  journal={Psychology of learning and motivation},
  volume={8},
  pages={47--89},
  year={1974},
  publisher={Elsevier}
}

@inproceedings{bang2015example,
  title={Example-based chat-oriented dialogue system with personalized long-term memory},
  author={Bang, Jeesoo and Noh, Hyungjong and Kim, Yonghee and Lee, Gary Geunbae},
  booktitle={2015 International Conference on Big Data and Smart Computing (BIGCOMP)},
  pages={238--243},
  year={2015},
  organization={IEEE}
}

@article{cheng2024lift,
  title={Lift yourself up: Retrieval-augmented text generation with self-memory},
  author={Cheng, Xin and Luo, Di and Chen, Xiuying and Liu, Lemao and Zhao, Dongyan and Yan, Rui},
  journal={Advances in Neural Information Processing Systems},
  volume={36},
  year={2024}
}

@article{dudai2015consolidation,
  title={The consolidation and transformation of memory},
  author={Dudai, Yadin and Karni, Avi and Born, Jan},
  journal={Neuron},
  volume={88},
  number={1},
  pages={20--32},
  year={2015},
  publisher={Elsevier}
}

@article{horton2016conversational,
  title={Conversational grounding in younger and older adults: The effect of partner visibility and referent abstractness in task-oriented dialogue},
  author={Horton, William S and Spieler, Daniel H},
  journal={Discourse Processes},
  volume={53},
  number={1-2},
  pages={1--21},
  year={2016},
  publisher={Taylor \& Francis}
}

@article{hu2023reveal,
  title={Reveal: Retrieval-augmented visual language model for versatile image understanding},
  author={Hu, Yinan and Xie, Shuo and Xu, Xingjian and Guo, Jiuxiang and Zhang, Zhirong and Wang, Yixuan and Wang, Yizhou and Wang, Yixin and Huang, Gao},
  journal={arXiv preprint arXiv:2305.15394},
  year={2023}
}

@article{jiang2023longllmlingua,
  title={Longllmlingua: Accelerating and enhancing llms in long context scenarios via prompt compression},
  author={Jiang, Huiqiang and Wu, Qianhui and Luo, Xufang and Li, Dongsheng and Lin, Chin-Yew and Yang, Yuqing and Qiu, Lili},
  journal={arXiv preprint arXiv:2310.06839},
  year={2023}
}

@article{kumar2022role,
  title={The role of working memory in dialogue: Evidence from an individual-differences approach},
  author={Kumar, Abhijeet A and Stent, Amanda and Raymond, William D and Rubin, Philip},
  journal={Journal of Memory and Language},
  volume={122},
  pages={104294},
  year={2022},
  publisher={Elsevier}
}

@article{lewis2020retrieval,
  title={Retrieval-augmented generation for knowledge-intensive nlp tasks},
  author={Lewis, Patrick and Perez, Ethan and Piktus, Aleksandra and Petroni, Fabio and Karpukhin, Vladimir and Goyal, Naman and K{\"u}ttler, Heinrich and Lewis, Mike and Yih, Wen-tau and Rockt{\"a}schel, Tim and others},
  journal={Advances in Neural Information Processing Systems},
  volume={33},
  pages={9459--9474},
  year={2020}
}

@article{liu2020retrieval,
  title={Retrieval-augmented generation for code summarization via hybrid gnn},
  author={Liu, Shangqing and Chen, Yu and Xie, Xiaofei and Siow, Jingkai and Liu, Yang},
  journal={arXiv preprint arXiv:2006.05405},
  year={2020}
}

@article{ni2023recent,
  title={Recent advances in deep learning based dialogue systems: A systematic survey},
  author={Ni, Jinjie and Young, Tom and Pandelea, Vlad and Xue, Fuzhao and Cambria, Erik},
  journal={Artificial intelligence review},
  volume={56},
  number={4},
  pages={3055--3155},
  year={2023},
  publisher={Springer}
}

@article{sawarkar2024blended,
  title={Blended RAG: Improving RAG (Retriever-Augmented Generation) Accuracy with Semantic Search and Hybrid Query-Based Retrievers},
  author={Sawarkar, Kunal and Mangal, Abhilasha and Solanki, Shivam Raj},
  journal={arXiv preprint arXiv:2404.07220},
  year={2024}
}

@article{su2023selective,
  title={Selective Annotation Makes Language Models Better Few-Shot Learners},
  author={Su, Hongjin and Shen, Jungo and Xiao, Jiaxin and Zhu, Wen and Liu, Xuezhi and Liu, Zhiyuan and Sun, Maosong},
  journal={arXiv preprint arXiv:2209.01975},
  year={2023}
}

@inproceedings{tao2021survey,
  title={A Survey on Response Selection for Retrieval-based Dialogues.},
  author={Tao, Chongyang and Feng, Jiazhan and Yan, Rui and Wu, Wei and Jiang, Daxin},
  booktitle={IJCAI},
  pages={4619--4626},
  year={2021}
}

@article{wang2023knowledgpt,
  title={Knowledgpt: Enhancing large language models with retrieval and storage access on knowledge bases},
  author={Wang, Xintao and Yang, Qianwen and Qiu, Yongting and Liang, Jiaqing and He, Qianyu and Gu, Zhouhong and Xiao, Yanghua and Wang, Wei},
  journal={arXiv preprint arXiv:2308.11761},
  year={2023}
}

@article{xu2021beyond,
  title={Beyond goldfish memory: Long-term open-domain conversation},
  author={Xu, Jing and Szlam, Arthur and Weston, Jason},
  journal={arXiv preprint arXiv:2107.07567},
  year={2021}
}

@inproceedings{xu2024retrieval,
  title={Retrieval-augmented generation with knowledge graphs for customer service question answering},
  author={Xu, Zhentao and Cruz, Mark Jerome and Guevara, Matthew and Wang, Tie and Deshpande, Manasi and Wang, Xiaofeng and Li, Zheng},
  booktitle={Proceedings of the 47th International ACM SIGIR Conference on Research and Development in Information Retrieval},
  pages={2905--2909},
  year={2024}
}

@article{yan2016learning,
  title={Learning to respond with deep neural networks for retrieval-based human-computer conversation system},
  author={Yan, Rui and Song, Yiping and Wu, Hua},
  journal={Proceedings of the 39th International ACM SIGIR conference on Research and Development in Information Retrieval},
  pages={55--64},
  year={2016}
}

@article{yu2021few,
  title={Few-shot conversational dense retrieval},
  author={Yu, Shi and Zhao, Juntao and Xu, Jinchao and Su, Jian and Tao, Chongyang and Yan, Rui and Zhang, Dongyan},
  journal={arXiv preprint arXiv:2105.04166},
  year={2021}
}

@article{zhang2019memory,
  title={Memory-augmented dialogue management for task-oriented dialogue systems},
  author={Zhang, Zheng and Huang, Minlie and Zhao, Zhongzhou and Ji, Feng and Chen, Haiqing and Zhu, Xiaoyan},
  journal={ACM Transactions on Information Systems (TOIS)},
  volume={37},
  number={3},
  pages={1--30},
  year={2019},
  publisher={ACM New York, NY, USA}
}

@article{zhang2023flare,
  title={FLARE: Few-shot Learning with Retrieval-Augmented Language Models},
  author={Zhang, Zihao and Song, Xu and Yang, Zhengyang and Zhang, Xing},
  journal={arXiv preprint arXiv:2306.05061},
  year={2023}
}

