@inproceedings{instructGPT,
  author       = {Long Ouyang and
                  Jeffrey Wu and
                  Xu Jiang and
                  Diogo Almeida and
                  Carroll L. Wainwright and
                  Pamela Mishkin and
                  Chong Zhang and
                  Sandhini Agarwal and
                  Katarina Slama and
                  Alex Ray and
                  John Schulman and
                  Jacob Hilton and
                  Fraser Kelton and
                  Luke Miller and
                  Maddie Simens and
                  Amanda Askell and
                  Peter Welinder and
                  Paul F. Christiano and
                  Jan Leike and
                  Ryan Lowe},
  editor       = {Sanmi Koyejo and
                  S. Mohamed and
                  A. Agarwal and
                  Danielle Belgrave and
                  K. Cho and
                  A. Oh},
  title        = {Training language models to follow instructions with human feedback},
  booktitle    = {Advances in Neural Information Processing Systems 35: Annual Conference
                  on Neural Information Processing Systems 2022, NeurIPS 2022, New Orleans,
                  LA, USA, November 28 - December 9, 2022},
  year         = {2022},
  url          = {http://papers.nips.cc/paper\_files/paper/2022/hash/b1efde53be364a73914f58805a001731-Abstract-Conference.html},
  timestamp    = {Mon, 08 Jan 2024 16:31:36 +0100},
  biburl       = {https://dblp.org/rec/conf/nips/Ouyang0JAWMZASR22.bib},
  bibsource    = {dblp computer science bibliography, https://dblp.org}
}

@article{multipl_e,
  title={MultiPL-E: a scalable and polyglot approach to benchmarking neural code generation},
  author={Cassano, Federico and Gouwar, John and Nguyen, Daniel and Nguyen, Sydney and Phipps-Costin, Luna and Pinckney, Donald and Yee, Ming-Ho and Zi, Yangtian and Anderson, Carolyn Jane and Feldman, Molly Q and others},
  journal={IEEE Transactions on Software Engineering},
  year={2023},
  publisher={IEEE}
}

@article{evalplus,
  author       = {Jiawei Liu and
                  Chunqiu Steven Xia and
                  Yuyao Wang and
                  Lingming Zhang},
  title        = {Is Your Code Generated by ChatGPT Really Correct? Rigorous Evaluation
                  of Large Language Models for Code Generation},
  volume       = {abs/2305.01210},
  year         = {2023},
  journal={arXiv preprint arXiv:2305.01210},
  url={https://arxiv.org/abs/2305.01210},
}

@article{starcoder2,
  title={StarCoder 2 and The Stack v2: The Next Generation},
  author={Lozhkov, Anton and Li, Raymond and Allal, Loubna Ben and Cassano, Federico and Lamy-Poirier, Joel and Tazi, Nouamane and Tang, Ao and Pykhtar, Dmytro and Liu, Jiawei and Wei, Yuxiang and others},
  journal={arXiv preprint arXiv:2402.19173},
  year={2024}
}

@article{mceval,
  title={McEval: Massively Multilingual Code Evaluation},
  author={Chai, Linzheng and Liu, Shukai and Yang, Jian and Yin, Yuwei and Jin, Ke and Liu, Jiaheng and Sun, Tao and Zhang, Ge and Ren, Changyu and Guo, Hongcheng and others},
  journal={arXiv preprint arXiv:2406.07436},
  year={2024}
}

@article{fullstack,
  title={FullStack Bench: Evaluating LLMs as Full Stack Coder},
  author={Liu, Siyao and Zhu, He and Liu, Jerry and Xin, Shulin and Li, Aoyan and Long, Rui and Chen, Li and Yang, Jack and Xia, Jinxiang and Peng, ZY and others},
  journal={arXiv preprint arXiv:2412.00535},
  year={2024}
}

@article{bigcodebench,
  title={Bigcodebench: Benchmarking code generation with diverse function calls and complex instructions},
  author={Zhuo, Terry Yue and Vu, Minh Chien and Chim, Jenny and Hu, Han and Yu, Wenhao and Widyasari, Ratnadira and Yusuf, Imam Nur Bani and Zhan, Haolan and He, Junda and Paul, Indraneil and others},
  journal={arXiv preprint arXiv:2406.15877},
  year={2024}
}

@article{execrepobench,
  title={ExecRepoBench: Multi-level Executable Code Completion Evaluation},
  author={Yang, Jian and Zhang, Jiajun and Yang, Jiaxi and Jin, Ke and Zhang, Lei and Peng, Qiyao and Deng, Ken and Miao, Yibo and Liu, Tianyu and Cui, Zeyu and others},
  journal={arXiv preprint arXiv:2412.11990},
  year={2024}
}

@article{mdeval,
  title={Mdeval: Massively multilingual code debugging},
  author={Liu, Shukai and Chai, Linzheng and Yang, Jian and Shi, Jiajun and Zhu, He and Wang, Liran and Jin, Ke and Zhang, Wei and Zhu, Hualei and Guo, Shuyue and others},
  journal={arXiv preprint arXiv:2411.02310},
  year={2024}
}


@article{qwen25coder,
  title={Qwen2. 5-Coder Technical Report},
  author={Hui, Binyuan and Yang, Jian and Cui, Zeyu and Yang, Jiaxi and Liu, Dayiheng and Zhang, Lei and Liu, Tianyu and Zhang, Jiajun and Yu, Bowen and Dang, Kai and others},
  journal={arXiv preprint arXiv:2409.12186},
  year={2024}
}

@article{refine_gpt,
  author       = {Yue Liu and
                  Thanh Le{-}Cong and
                  Ratnadira Widyasari and
                  Chakkrit Tantithamthavorn and
                  Li Li and
                  Xuan{-}Bach Dinh Le and
                  David Lo},
  title        = {Refining ChatGPT-Generated Code: Characterizing and Mitigating Code
                  Quality Issues},
  journal      = {CoRR},
  volume       = {abs/2307.12596},
  year         = {2023},
  url          = {https://doi.org/10.48550/arXiv.2307.12596},
  doi          = {10.48550/ARXIV.2307.12596},
  eprinttype    = {arXiv},
  eprint       = {2307.12596},
  timestamp    = {Tue, 01 Aug 2023 14:49:51 +0200},
  biburl       = {https://dblp.org/rec/journals/corr/abs-2307-12596.bib},
  bibsource    = {dblp computer science bibliography, https://dblp.org}
}

@inproceedings{ncb,
  author       = {Shudan Zhang and
                  Hanlin Zhao and
                  Xiao Liu and
                  Qinkai Zheng and
                  Zehan Qi and
                  Xiaotao Gu and
                  Yuxiao Dong and
                  Jie Tang},
  title        = {NaturalCodeBench: Examining Coding Performance Mismatch on HumanEval
                  and Natural User Queries},
  booktitle    = {Findings of the Association for Computational Linguistics, {ACL} 2024,
                  Bangkok, Thailand and virtual meeting, August 11-16, 2024},
  pages        = {7907--7928},
  year         = {2024},
}

@inproceedings{CodeBERT,
  author       = {Zhangyin Feng and
                  Daya Guo and
                  Duyu Tang and
                  Nan Duan and
                  Xiaocheng Feng and
                  Ming Gong and
                  Linjun Shou and
                  Bing Qin and
                  Ting Liu and
                  Daxin Jiang and
                  Ming Zhou},
  editor       = {Trevor Cohn and
                  Yulan He and
                  Yang Liu},
  title        = {CodeBERT: {A} Pre-Trained Model for Programming and Natural Languages},
  booktitle    = {Findings of the Association for Computational Linguistics: {EMNLP}
                  2020, Online Event, 16-20 November 2020},
  series       = {Findings of {ACL}},
  volume       = {{EMNLP} 2020},
  pages        = {1536--1547},
  publisher    = {Association for Computational Linguistics},
  year         = {2020},
  url          = {https://doi.org/10.18653/v1/2020.findings-emnlp.139},
  doi          = {10.18653/V1/2020.FINDINGS-EMNLP.139},
  timestamp    = {Wed, 23 Mar 2022 10:11:55 +0100},
  biburl       = {https://dblp.org/rec/conf/emnlp/FengGTDFGS0LJZ20.bib},
  bibsource    = {dblp computer science bibliography, https://dblp.org}
}

@inproceedings{CodeT5,
  author       = {Yue Wang and
                  Weishi Wang and
                  Shafiq R. Joty and
                  Steven C. H. Hoi},
  editor       = {Marie{-}Francine Moens and
                  Xuanjing Huang and
                  Lucia Specia and
                  Scott Wen{-}tau Yih},
  title        = {CodeT5: Identifier-aware Unified Pre-trained Encoder-Decoder Models
                  for Code Understanding and Generation},
  booktitle    = {Proceedings of the 2021 Conference on Empirical Methods in Natural
                  Language Processing, {EMNLP} 2021, Virtual Event / Punta Cana, Dominican
                  Republic, 7-11 November, 2021},
  pages        = {8696--8708},
  publisher    = {Association for Computational Linguistics},
  year         = {2021},
  url          = {https://doi.org/10.18653/v1/2021.emnlp-main.685},
  doi          = {10.18653/V1/2021.EMNLP-MAIN.685},
  timestamp    = {Sat, 30 Sep 2023 09:40:14 +0200},
  biburl       = {https://dblp.org/rec/conf/emnlp/0034WJH21.bib},
  bibsource    = {dblp computer science bibliography, https://dblp.org}
}

@article{humanevalpack,
  author       = {Niklas Muennighoff and
                  Qian Liu and
                  Armel Zebaze and
                  Qinkai Zheng and
                  Binyuan Hui and
                  Terry Yue Zhuo and
                  Swayam Singh and
                  Xiangru Tang and
                  Leandro von Werra and
                  Shayne Longpre},
  title        = {OctoPack: Instruction Tuning Code Large Language Models},
  journal      = {CoRR},
  volume       = {abs/2308.07124},
  year         = {2023},
  url          = {https://doi.org/10.48550/arXiv.2308.07124},
  doi          = {10.48550/ARXIV.2308.07124},
  eprinttype    = {arXiv},
  eprint       = {2308.07124},
  timestamp    = {Wed, 23 Aug 2023 14:43:32 +0200},
  biburl       = {https://dblp.org/rec/journals/corr/abs-2308-07124.bib},
  bibsource    = {dblp computer science bibliography, https://dblp.org}
}

@article{deepseek_coder,
  title={DeepSeek-Coder: When the Large Language Model Meets Programming--The Rise of Code Intelligence},
  author={Guo, Daya and Zhu, Qihao and Yang, Dejian and Xie, Zhenda and Dong, Kai and Zhang, Wentao and Chen, Guanting and Bi, Xiao and Wu, Y and Li, YK and others},
  journal={arXiv preprint arXiv:2401.14196},
  year={2024}
}


@inproceedings{CodeTransOcean,
  author       = {Weixiang Yan and
                  Yuchen Tian and
                  Yunzhe Li and
                  Qian Chen and
                  Wen Wang},
  editor       = {Houda Bouamor and
                  Juan Pino and
                  Kalika Bali},
  title        = {CodeTransOcean: {A} Comprehensive Multilingual Benchmark for Code
                  Translation},
  booktitle    = {Findings of the Association for Computational Linguistics: {EMNLP}
                  2023, Singapore, December 6-10, 2023},
  pages        = {5067--5089},
  publisher    = {Association for Computational Linguistics},
  year         = {2023},
  url          = {https://aclanthology.org/2023.findings-emnlp.337},
  timestamp    = {Wed, 13 Dec 2023 17:20:20 +0100},
  biburl       = {https://dblp.org/rec/conf/emnlp/YanTLCW23.bib},
  bibsource    = {dblp computer science bibliography, https://dblp.org}
}

@inproceedings{CodeXGLUE,
  author       = {Shuai Lu and
                  Daya Guo and
                  Shuo Ren and
                  Junjie Huang and
                  Alexey Svyatkovskiy and
                  Ambrosio Blanco and
                  Colin B. Clement and
                  Dawn Drain and
                  Daxin Jiang and
                  Duyu Tang and
                  Ge Li and
                  Lidong Zhou and
                  Linjun Shou and
                  Long Zhou and
                  Michele Tufano and
                  Ming Gong and
                  Ming Zhou and
                  Nan Duan and
                  Neel Sundaresan and
                  Shao Kun Deng and
                  Shengyu Fu and
                  Shujie Liu},
  editor       = {Joaquin Vanschoren and
                  Sai{-}Kit Yeung},
  title        = {CodeXGLUE: {A} Machine Learning Benchmark Dataset for Code Understanding
                  and Generation},
  booktitle    = {Proceedings of the Neural Information Processing Systems Track on
                  Datasets and Benchmarks 1, NeurIPS Datasets and Benchmarks 2021, December
                  2021, virtual},
  year         = {2021},
  url          = {https://datasets-benchmarks-proceedings.neurips.cc/paper/2021/hash/c16a5320fa475530d9583c34fd356ef5-Abstract-round1.html},
  timestamp    = {Wed, 06 Jul 2022 08:37:30 +0200},
  biburl       = {https://dblp.org/rec/conf/nips/LuGRHSBCDJTLZSZ21.bib},
  bibsource    = {dblp computer science bibliography, https://dblp.org}
}

@article{magicoder,
  author       = {Yuxiang Wei and
                  Zhe Wang and
                  Jiawei Liu and
                  Yifeng Ding and
                  Lingming Zhang},
  title        = {Magicoder: Source Code Is All You Need},
  journal      = {CoRR},
  volume       = {abs/2312.02120},
  year         = {2023},
  url          = {https://doi.org/10.48550/arXiv.2312.02120},
  doi          = {10.48550/ARXIV.2312.02120},
  eprinttype    = {arXiv},
  eprint       = {2312.02120},
  timestamp    = {Tue, 12 Dec 2023 16:18:22 +0100},
  biburl       = {https://dblp.org/rec/journals/corr/abs-2312-02120.bib},
  bibsource    = {dblp computer science bibliography, https://dblp.org}
}
@article{wizardcoder,
  author       = {Ziyang Luo and
                  Can Xu and
                  Pu Zhao and
                  Qingfeng Sun and
                  Xiubo Geng and
                  Wenxiang Hu and
                  Chongyang Tao and
                  Jing Ma and
                  Qingwei Lin and
                  Daxin Jiang},
  title        = {WizardCoder: Empowering Code Large Language Models with Evol-Instruct},
  journal      = {CoRR},
  volume       = {abs/2306.08568},
  year         = {2023},
  url          = {https://doi.org/10.48550/arXiv.2306.08568},
  doi          = {10.48550/ARXIV.2306.08568},
  eprinttype    = {arXiv},
  eprint       = {2306.08568},
  timestamp    = {Sun, 18 Jun 2023 16:10:59 +0200},
  biburl       = {https://dblp.org/rec/journals/corr/abs-2306-08568.bib},
  bibsource    = {dblp computer science bibliography, https://dblp.org}
}

@article{starcoder,
  author       = {Raymond Li and
                  Loubna Ben Allal and
                  Yangtian Zi and
                  Niklas Muennighoff and
                  Denis Kocetkov and
                  Chenghao Mou and
                  Marc Marone and
                  Christopher Akiki and
                  Jia Li and
                  Jenny Chim and
                  Qian Liu and
                  Evgenii Zheltonozhskii and
                  Terry Yue Zhuo and
                  Thomas Wang and
                  Olivier Dehaene and
                  Mishig Davaadorj and
                  Joel Lamy{-}Poirier and
                  Jo{\~{a}}o Monteiro and
                  Oleh Shliazhko and
                  Nicolas Gontier and
                  Nicholas Meade and
                  Armel Zebaze and
                  Ming{-}Ho Yee and
                  Logesh Kumar Umapathi and
                  Jian Zhu and
                  Benjamin Lipkin and
                  Muhtasham Oblokulov and
                  Zhiruo Wang and
                  Rudra Murthy V and
                  Jason Stillerman and
                  Siva Sankalp Patel and
                  Dmitry Abulkhanov and
                  Marco Zocca and
                  Manan Dey and
                  Zhihan Zhang and
                  Nour Moustafa{-}Fahmy and
                  Urvashi Bhattacharyya and
                  Wenhao Yu and
                  Swayam Singh and
                  Sasha Luccioni and
                  Paulo Villegas and
                  Maxim Kunakov and
                  Fedor Zhdanov and
                  Manuel Romero and
                  Tony Lee and
                  Nadav Timor and
                  Jennifer Ding and
                  Claire Schlesinger and
                  Hailey Schoelkopf and
                  Jan Ebert and
                  Tri Dao and
                  Mayank Mishra and
                  Alex Gu and
                  Jennifer Robinson and
                  Carolyn Jane Anderson and
                  Brendan Dolan{-}Gavitt and
                  Danish Contractor and
                  Siva Reddy and
                  Daniel Fried and
                  Dzmitry Bahdanau and
                  Yacine Jernite and
                  Carlos Mu{\~{n}}oz Ferrandis and
                  Sean Hughes and
                  Thomas Wolf and
                  Arjun Guha and
                  Leandro von Werra and
                  Harm de Vries},
  title        = {StarCoder: may the source be with you!},
  journal      = {CoRR},
  volume       = {abs/2305.06161},
  year         = {2023},
  url          = {https://doi.org/10.48550/arXiv.2305.06161},
  doi          = {10.48550/ARXIV.2305.06161},
  eprinttype    = {arXiv},
  eprint       = {2305.06161},
  timestamp    = {Sat, 30 Sep 2023 10:10:39 +0200},
  biburl       = {https://dblp.org/rec/journals/corr/abs-2305-06161.bib},
  bibsource    = {dblp computer science bibliography, https://dblp.org}
}

@article{pangucoder2,
  author       = {Bo Shen and
                  Jiaxin Zhang and
                  Taihong Chen and
                  Daoguang Zan and
                  Bing Geng and
                  An Fu and
                  Muhan Zeng and
                  Ailun Yu and
                  Jichuan Ji and
                  Jingyang Zhao and
                  Yuenan Guo and
                  Qianxiang Wang},
  title        = {PanGu-Coder2: Boosting Large Language Models for Code with Ranking
                  Feedback},
  journal      = {CoRR},
  volume       = {abs/2307.14936},
  year         = {2023},
  url          = {https://doi.org/10.48550/arXiv.2307.14936},
  doi          = {10.48550/ARXIV.2307.14936},
  eprinttype    = {arXiv},
  eprint       = {2307.14936},
  timestamp    = {Wed, 02 Aug 2023 15:37:53 +0200},
  biburl       = {https://dblp.org/rec/journals/corr/abs-2307-14936.bib},
  bibsource    = {dblp computer science bibliography, https://dblp.org}
}

@article{mftcoder,
  author       = {Bingchang Liu and
                  Chaoyu Chen and
                  Cong Liao and
                  Zi Gong and
                  Huan Wang and
                  Zhichao Lei and
                  Ming Liang and
                  Dajun Chen and
                  Min Shen and
                  Hailian Zhou and
                  Hang Yu and
                  Jianguo Li},
  title        = {MFTCoder: Boosting Code LLMs with Multitask Fine-Tuning},
  journal      = {CoRR},
  volume       = {abs/2311.02303},
  year         = {2023},
  url          = {https://doi.org/10.48550/arXiv.2311.02303},
  doi          = {10.48550/ARXIV.2311.02303},
  eprinttype    = {arXiv},
  eprint       = {2311.02303},
  timestamp    = {Tue, 07 Nov 2023 18:17:14 +0100},
  biburl       = {https://dblp.org/rec/journals/corr/abs-2311-02303.bib},
  bibsource    = {dblp computer science bibliography, https://dblp.org}
}



@inproceedings{gpt3.5,
  author       = {Ajay Patel and
                  Bryan Li and
                  Mohammad Sadegh Rasooli and
                  Noah Constant and
                  Colin Raffel and
                  Chris Callison{-}Burch},
  title        = {Bidirectional Language Models Are Also Few-shot Learners},
  booktitle    = {The Eleventh International Conference on Learning Representations,
                  {ICLR} 2023, Kigali, Rwanda, May 1-5, 2023},
  publisher    = {OpenReview.net},
  year         = {2023},
  url          = {https://openreview.net/pdf?id=wCFB37bzud4},
  timestamp    = {Fri, 30 Jun 2023 14:55:53 +0200},
  biburl       = {https://dblp.org/rec/conf/iclr/PatelLRCRC23.bib},
  bibsource    = {dblp computer science bibliography, https://dblp.org}
}

@inproceedings{flan,
  author       = {Jason Wei and
                  Maarten Bosma and
                  Vincent Y. Zhao and
                  Kelvin Guu and
                  Adams Wei Yu and
                  Brian Lester and
                  Nan Du and
                  Andrew M. Dai and
                  Quoc V. Le},
  title        = {Finetuned Language Models are Zero-Shot Learners},
  booktitle    = {The Tenth International Conference on Learning Representations, {ICLR}
                  2022, Virtual Event, April 25-29, 2022},
  publisher    = {OpenReview.net},
  year         = {2022},
  url          = {https://openreview.net/forum?id=gEZrGCozdqR},
  timestamp    = {Wed, 16 Aug 2023 16:10:28 +0200},
  biburl       = {https://dblp.org/rec/conf/iclr/WeiBZGYLDDL22.bib},
  bibsource    = {dblp computer science bibliography, https://dblp.org}
}

@article{flant5,
  author       = {Sheng Shen and
                  Le Hou and
                  Yanqi Zhou and
                  Nan Du and
                  Shayne Longpre and
                  Jason Wei and
                  Hyung Won Chung and
                  Barret Zoph and
                  William Fedus and
                  Xinyun Chen and
                  Tu Vu and
                  Yuexin Wu and
                  Wuyang Chen and
                  Albert Webson and
                  Yunxuan Li and
                  Vincent Zhao and
                  Hongkun Yu and
                  Kurt Keutzer and
                  Trevor Darrell and
                  Denny Zhou},
  title        = {Flan-MoE: Scaling Instruction-Finetuned Language Models with Sparse
                  Mixture of Experts},
  journal      = {CoRR},
  volume       = {abs/2305.14705},
  year         = {2023},
  url          = {https://doi.org/10.48550/arXiv.2305.14705},
  doi          = {10.48550/ARXIV.2305.14705},
  eprinttype    = {arXiv},
  eprint       = {2305.14705},
  timestamp    = {Mon, 04 Dec 2023 13:56:31 +0100},
  biburl       = {https://dblp.org/rec/journals/corr/abs-2305-14705.bib},
  bibsource    = {dblp computer science bibliography, https://dblp.org}
}

Training language models to follow instructions with human feedback
@inproceedings{instruct_gpt,
  author       = {Long Ouyang and
                  Jeffrey Wu and
                  Xu Jiang and
                  Diogo Almeida and
                  Carroll L. Wainwright and
                  Pamela Mishkin and
                  Chong Zhang and
                  Sandhini Agarwal and
                  Katarina Slama and
                  Alex Ray and
                  John Schulman and
                  Jacob Hilton and
                  Fraser Kelton and
                  Luke Miller and
                  Maddie Simens and
                  Amanda Askell and
                  Peter Welinder and
                  Paul F. Christiano and
                  Jan Leike and
                  Ryan Lowe},
  title        = {Training language models to follow instructions with human feedback},
  booktitle    = {NeurIPS},
  year         = {2022},
  url          = {http://papers.nips.cc/paper\_files/paper/2022/hash/b1efde53be364a73914f58805a001731-Abstract-Conference.html},
  timestamp    = {Thu, 11 May 2023 17:08:21 +0200},
  biburl       = {https://dblp.org/rec/conf/nips/Ouyang0JAWMZASR22.bib},
  bibsource    = {dblp computer science bibliography, https://dblp.org}
}



@article{gpt4,
  author       = {OpenAI},
  title        = {{GPT-4} Technical Report},
  journal      = {CoRR},
  volume       = {abs/2303.08774},
  year         = {2023},
  url          = {https://doi.org/10.48550/arXiv.2303.08774},
  doi          = {10.48550/ARXIV.2303.08774},
  eprinttype    = {arXiv},
  eprint       = {2303.08774},
  timestamp    = {Mon, 28 Aug 2023 21:26:19 +0200},
  biburl       = {https://dblp.org/rec/journals/corr/abs-2303-08774.bib},
  bibsource    = {dblp computer science bibliography, https://dblp.org}
}

@inproceedings{reasoner_teachers,
  author       = {Namgyu Ho and
                  Laura Schmid and
                  Se{-}Young Yun},
  editor       = {Anna Rogers and
                  Jordan L. Boyd{-}Graber and
                  Naoaki Okazaki},
  title        = {Large Language Models Are Reasoning Teachers},
  booktitle    = {Proceedings of the 61st Annual Meeting of the Association for Computational
                  Linguistics (Volume 1: Long Papers), {ACL} 2023, Toronto, Canada,
                  July 9-14, 2023},
  pages        = {14852--14882},
  publisher    = {Association for Computational Linguistics},
  year         = {2023},
  url          = {https://aclanthology.org/2023.acl-long.830},
  timestamp    = {Thu, 13 Jul 2023 16:47:40 +0200},
  biburl       = {https://dblp.org/rec/conf/acl/HoSY23.bib},
  bibsource    = {dblp computer science bibliography, https://dblp.org}
}

@inproceedings{mgsm,
  author       = {Freda Shi and
                  Mirac Suzgun and
                  Markus Freitag and
                  Xuezhi Wang and
                  Suraj Srivats and
                  Soroush Vosoughi and
                  Hyung Won Chung and
                  Yi Tay and
                  Sebastian Ruder and
                  Denny Zhou and
                  Dipanjan Das and
                  Jason Wei},
  title        = {Language models are multilingual chain-of-thought reasoners},
  booktitle    = {The Eleventh International Conference on Learning Representations,
                  {ICLR} 2023, Kigali, Rwanda, May 1-5, 2023},
  publisher    = {OpenReview.net},
  year         = {2023},
  url          = {https://openreview.net/pdf?id=fR3wGCk-IXp},
  timestamp    = {Fri, 30 Jun 2023 14:55:53 +0200},
  biburl       = {https://dblp.org/rec/conf/iclr/ShiSF0SVCTRZ0W23.bib},
  bibsource    = {dblp computer science bibliography, https://dblp.org}
}

@article{msvamp,
  author       = {Nuo Chen and
                  Zinan Zheng and
                  Ning Wu and
                  Linjun Shou and
                  Ming Gong and
                  Yangqiu Song and
                  Dongmei Zhang and
                  Jia Li},
  title        = {Breaking Language Barriers in Multilingual Mathematical Reasoning:
                  Insights and Observations},
  journal      = {CoRR},
  volume       = {abs/2310.20246},
  year         = {2023},
  url          = {https://doi.org/10.48550/arXiv.2310.20246},
  doi          = {10.48550/ARXIV.2310.20246},
  eprinttype    = {arXiv},
  eprint       = {2310.20246},
  timestamp    = {Fri, 03 Nov 2023 10:56:40 +0100},
  biburl       = {https://dblp.org/rec/journals/corr/abs-2310-20246.bib},
  bibsource    = {dblp computer science bibliography, https://dblp.org}
}


@inproceedings{crosslingual_prompt,
  author       = {Libo Qin and
                  Qiguang Chen and
                  Fuxuan Wei and
                  Shijue Huang and
                  Wanxiang Che},
  editor       = {Houda Bouamor and
                  Juan Pino and
                  Kalika Bali},
  title        = {Cross-lingual Prompting: Improving Zero-shot Chain-of-Thought Reasoning
                  across Languages},
  booktitle    = {Proceedings of the 2023 Conference on Empirical Methods in Natural
                  Language Processing, {EMNLP} 2023, Singapore, December 6-10, 2023},
  pages        = {2695--2709},
  publisher    = {Association for Computational Linguistics},
  year         = {2023},
  url          = {https://aclanthology.org/2023.emnlp-main.163},
  timestamp    = {Wed, 13 Dec 2023 17:20:20 +0100},
  biburl       = {https://dblp.org/rec/conf/emnlp/0001CWHC23.bib},
  bibsource    = {dblp computer science bibliography, https://dblp.org}
}


@inproceedings{synthesize_data_llm,
  author       = {Ruida Wang and
                  Wangchunshu Zhou and
                  Mrinmaya Sachan},
  editor       = {Houda Bouamor and
                  Juan Pino and
                  Kalika Bali},
  title        = {Let's Synthesize Step by Step: Iterative Dataset Synthesis with Large
                  Language Models by Extrapolating Errors from Small Models},
  booktitle    = {Findings of the Association for Computational Linguistics: {EMNLP}
                  2023, Singapore, December 6-10, 2023},
  pages        = {11817--11831},
  publisher    = {Association for Computational Linguistics},
  year         = {2023},
  url          = {https://aclanthology.org/2023.findings-emnlp.791},
  timestamp    = {Wed, 13 Dec 2023 17:20:20 +0100},
  biburl       = {https://dblp.org/rec/conf/emnlp/WangZS23.bib},
  bibsource    = {dblp computer science bibliography, https://dblp.org}
}

@article{gsm8k,
  author       = {Karl Cobbe and
                  Vineet Kosaraju and
                  Mohammad Bavarian and
                  Mark Chen and
                  Heewoo Jun and
                  Lukasz Kaiser and
                  Matthias Plappert and
                  Jerry Tworek and
                  Jacob Hilton and
                  Reiichiro Nakano and
                  Christopher Hesse and
                  John Schulman},
  title        = {Training Verifiers to Solve Math Word Problems},
  journal      = {CoRR},
  volume       = {abs/2110.14168},
  year         = {2021},
  url          = {https://arxiv.org/abs/2110.14168},
  eprinttype    = {arXiv},
  eprint       = {2110.14168},
  timestamp    = {Mon, 12 Jun 2023 08:23:44 +0200},
  biburl       = {https://dblp.org/rec/journals/corr/abs-2110-14168.bib},
  bibsource    = {dblp computer science bibliography, https://dblp.org}
}

@article{llama,
  author       = {Hugo Touvron and
                  Thibaut Lavril and
                  Gautier Izacard and
                  Xavier Martinet and
                  Marie{-}Anne Lachaux and
                  Timoth{\'{e}}e Lacroix and
                  Baptiste Rozi{\`{e}}re and
                  Naman Goyal and
                  Eric Hambro and
                  Faisal Azhar and
                  Aur{\'{e}}lien Rodriguez and
                  Armand Joulin and
                  Edouard Grave and
                  Guillaume Lample},
  title        = {LLaMA: Open and Efficient Foundation Language Models},
  journal      = {CoRR},
  volume       = {abs/2302.13971},
  year         = {2023},
  url          = {https://doi.org/10.48550/arXiv.2302.13971},
  doi          = {10.48550/ARXIV.2302.13971},
  eprinttype    = {arXiv},
  eprint       = {2302.13971},
  timestamp    = {Mon, 28 Aug 2023 21:26:20 +0200},
  biburl       = {https://dblp.org/rec/journals/corr/abs-2302-13971.bib},
  bibsource    = {dblp computer science bibliography, https://dblp.org}
}
a service of  Schloss Dagstuhl - Leibniz Center for Informatics	homebrowsesearchaboutnfdi


@article{llama2,
  author       = {Hugo Touvron and
                  Louis Martin and
                  Kevin Stone and
                  Peter Albert and
                  Amjad Almahairi and
                  Yasmine Babaei and
                  Nikolay Bashlykov and
                  Soumya Batra and
                  Prajjwal Bhargava and
                  Shruti Bhosale and
                  Dan Bikel and
                  Lukas Blecher and
                  Cristian Canton{-}Ferrer and
                  Moya Chen and
                  Guillem Cucurull and
                  David Esiobu and
                  Jude Fernandes and
                  Jeremy Fu and
                  Wenyin Fu and
                  Brian Fuller and
                  Cynthia Gao and
                  Vedanuj Goswami and
                  Naman Goyal and
                  Anthony Hartshorn and
                  Saghar Hosseini and
                  Rui Hou and
                  Hakan Inan and
                  Marcin Kardas and
                  Viktor Kerkez and
                  Madian Khabsa and
                  Isabel Kloumann and
                  Artem Korenev and
                  Punit Singh Koura and
                  Marie{-}Anne Lachaux and
                  Thibaut Lavril and
                  Jenya Lee and
                  Diana Liskovich and
                  Yinghai Lu and
                  Yuning Mao and
                  Xavier Martinet and
                  Todor Mihaylov and
                  Pushkar Mishra and
                  Igor Molybog and
                  Yixin Nie and
                  Andrew Poulton and
                  Jeremy Reizenstein and
                  Rashi Rungta and
                  Kalyan Saladi and
                  Alan Schelten and
                  Ruan Silva and
                  Eric Michael Smith and
                  Ranjan Subramanian and
                  Xiaoqing Ellen Tan and
                  Binh Tang and
                  Ross Taylor and
                  Adina Williams and
                  Jian Xiang Kuan and
                  Puxin Xu and
                  Zheng Yan and
                  Iliyan Zarov and
                  Yuchen Zhang and
                  Angela Fan and
                  Melanie Kambadur and
                  Sharan Narang and
                  Aur{\'{e}}lien Rodriguez and
                  Robert Stojnic and
                  Sergey Edunov and
                  Thomas Scialom},
  title        = {Llama 2: Open Foundation and Fine-Tuned Chat Models},
  journal      = {CoRR},
  volume       = {abs/2307.09288},
  year         = {2023},
  url          = {https://doi.org/10.48550/arXiv.2307.09288},
  doi          = {10.48550/ARXIV.2307.09288},
  eprinttype    = {arXiv},
  eprint       = {2307.09288},
  timestamp    = {Mon, 28 Aug 2023 21:26:22 +0200},
  biburl       = {https://dblp.org/rec/journals/corr/abs-2307-09288.bib},
  bibsource    = {dblp computer science bibliography, https://dblp.org}
}

@article{wizardllm,
  author       = {Can Xu and
                  Qingfeng Sun and
                  Kai Zheng and
                  Xiubo Geng and
                  Pu Zhao and
                  Jiazhan Feng and
                  Chongyang Tao and
                  Daxin Jiang},
  title        = {WizardLM: Empowering Large Language Models to Follow Complex Instructions},
  journal      = {CoRR},
  volume       = {abs/2304.12244},
  year         = {2023},
  url          = {https://doi.org/10.48550/arXiv.2304.12244},
  doi          = {10.48550/ARXIV.2304.12244},
  eprinttype    = {arXiv},
  eprint       = {2304.12244},
  timestamp    = {Wed, 03 May 2023 14:12:58 +0200},
  biburl       = {https://dblp.org/rec/journals/corr/abs-2304-12244.bib},
  bibsource    = {dblp computer science bibliography, https://dblp.org}
}

@article{qwen,
  author       = {Jinze Bai and
                  Shuai Bai and
                  Yunfei Chu and
                  Zeyu Cui and
                  Kai Dang and
                  Xiaodong Deng and
                  Yang Fan and
                  Wenbin Ge and
                  Yu Han and
                  Fei Huang and
                  Binyuan Hui and
                  Luo Ji and
                  Mei Li and
                  Junyang Lin and
                  Runji Lin and
                  Dayiheng Liu and
                  Gao Liu and
                  Chengqiang Lu and
                  Keming Lu and
                  Jianxin Ma and
                  Rui Men and
                  Xingzhang Ren and
                  Xuancheng Ren and
                  Chuanqi Tan and
                  Sinan Tan and
                  Jianhong Tu and
                  Peng Wang and
                  Shijie Wang and
                  Wei Wang and
                  Shengguang Wu and
                  Benfeng Xu and
                  Jin Xu and
                  An Yang and
                  Hao Yang and
                  Jian Yang and
                  Shusheng Yang and
                  Yang Yao and
                  Bowen Yu and
                  Hongyi Yuan and
                  Zheng Yuan and
                  Jianwei Zhang and
                  Xingxuan Zhang and
                  Yichang Zhang and
                  Zhenru Zhang and
                  Chang Zhou and
                  Jingren Zhou and
                  Xiaohuan Zhou and
                  Tianhang Zhu},
  title        = {Qwen Technical Report},
  journal      = {CoRR},
  volume       = {abs/2309.16609},
  year         = {2023},
  url          = {https://doi.org/10.48550/arXiv.2309.16609},
  doi          = {10.48550/ARXIV.2309.16609},
  eprinttype    = {arXiv},
  eprint       = {2309.16609},
  timestamp    = {Wed, 18 Oct 2023 08:13:06 +0200},
  biburl       = {https://dblp.org/rec/journals/corr/abs-2309-16609.bib},
  bibsource    = {dblp computer science bibliography, https://dblp.org}
}

@inproceedings{glm,
  author       = {Zhengxiao Du and
                  Yujie Qian and
                  Xiao Liu and
                  Ming Ding and
                  Jiezhong Qiu and
                  Zhilin Yang and
                  Jie Tang},
  editor       = {Smaranda Muresan and
                  Preslav Nakov and
                  Aline Villavicencio},
  title        = {{GLM:} General Language Model Pretraining with Autoregressive Blank
                  Infilling},
  booktitle    = {Proceedings of the 60th Annual Meeting of the Association for Computational
                  Linguistics (Volume 1: Long Papers), {ACL} 2022, Dublin, Ireland,
                  May 22-27, 2022},
  pages        = {320--335},
  publisher    = {Association for Computational Linguistics},
  year         = {2022},
  url          = {https://doi.org/10.18653/v1/2022.acl-long.26},
  doi          = {10.18653/V1/2022.ACL-LONG.26},
  timestamp    = {Mon, 04 Sep 2023 20:40:36 +0200},
  biburl       = {https://dblp.org/rec/conf/acl/DuQLDQY022.bib},
  bibsource    = {dblp computer science bibliography, https://dblp.org}
}

@article{mbart,
  author    = {Yinhan Liu and
               Jiatao Gu and
               Naman Goyal and
               Xian Li and
               Sergey Edunov and
               Marjan Ghazvininejad and
               Mike Lewis and
               Luke Zettlemoyer},
  title     = {Multilingual Denoising Pre-training for Neural Machine Translation},
  journal   = {TACL},
  volume    = {8},
  pages     = {726--742},
  year      = {2020},
}


@inproceedings{adam,
  author    = {Diederik P. Kingma and
               Jimmy Ba},
  title     = {Adam: {A} Method for Stochastic Optimization},
  booktitle = {ICLR 2015},
  year      = {2015},
}

@inproceedings{cot,
  author       = {Jason Wei and
                  Xuezhi Wang and
                  Dale Schuurmans and
                  Maarten Bosma and
                  Brian Ichter and
                  Fei Xia and
                  Ed H. Chi and
                  Quoc V. Le and
                  Denny Zhou},
  title        = {Chain-of-Thought Prompting Elicits Reasoning in Large Language Models},
  booktitle    = {NeurIPS},
  year         = {2022},
  url          = {http://papers.nips.cc/paper\_files/paper/2022/hash/9d5609613524ecf4f15af0f7b31abca4-Abstract-Conference.html},
  timestamp    = {Thu, 11 May 2023 17:08:21 +0200},
  biburl       = {https://dblp.org/rec/conf/nips/Wei0SBIXCLZ22.bib},
  bibsource    = {dblp computer science bibliography, https://dblp.org}
}

@inproceedings{zeroshot_cot,
  author       = {Takeshi Kojima and
                  Shixiang Shane Gu and
                  Machel Reid and
                  Yutaka Matsuo and
                  Yusuke Iwasawa},
  title        = {Large Language Models are Zero-Shot Reasoners},
  booktitle    = {NeurIPS},
  year         = {2022},
  url          = {http://papers.nips.cc/paper\_files/paper/2022/hash/8bb0d291acd4acf06ef112099c16f326-Abstract-Conference.html},
  timestamp    = {Thu, 11 May 2023 17:08:21 +0200},
  biburl       = {https://dblp.org/rec/conf/nips/KojimaGRMI22.bib},
  bibsource    = {dblp computer science bibliography, https://dblp.org}
}

@article{multimodal_cot,
  author       = {Zhuosheng Zhang and
                  Aston Zhang and
                  Mu Li and
                  Hai Zhao and
                  George Karypis and
                  Alex Smola},
  title        = {Multimodal Chain-of-Thought Reasoning in Language Models},
  journal      = {CoRR},
  volume       = {abs/2302.00923},
  year         = {2023},
  url          = {https://doi.org/10.48550/arXiv.2302.00923},
  doi          = {10.48550/ARXIV.2302.00923},
  eprinttype    = {arXiv},
  eprint       = {2302.00923},
  timestamp    = {Thu, 09 Feb 2023 16:11:17 +0100},
  biburl       = {https://dblp.org/rec/journals/corr/abs-2302-00923.bib},
  bibsource    = {dblp computer science bibliography, https://dblp.org}
}


@article{HuggingFacesTS,
  title={{HuggingFace}'s {Transformers}: State-of-the-art Natural Language Processing},
  author={Thomas Wolf and Lysandre Debut and Victor Sanh and Julien Chaumond and Clement Delangue and Anthony Moi and Pierric Cistac and Tim Rault and R'emi Louf and Morgan Funtowicz and Jamie Brew},
  journal={ArXiv},
  year={2019},
  volume={abs/1910.03771}
}

@article{webqa,
  title={Dataset and neural recurrent sequence labeling model for open-domain factoid question answering},
  author={Li, Peng and Li, Wei and He, Zhengyan and Wang, Xuguang and Cao, Ying and Zhou, Jie and Xu, Wei},
  journal={arXiv preprint arXiv:1607.06275},
  year={2016}
}

@inproceedings{xlnet,
  author    = {Zhilin Yang and
               Zihang Dai and
               Yiming Yang and
               Jaime G. Carbonell and
               Ruslan Salakhutdinov and
               Quoc V. Le},
  title     = {{XLNet}: Generalized Autoregressive Pretraining for Language Understanding},
  booktitle = {NeurIPS 2019},
  pages     = {5754--5764},
  year      = {2019},
}

@inproceedings{zhang-qg-2019,
  author    = {Shiyue Zhang and
               Mohit Bansal},
  title     = {Addressing Semantic Drift in Question Generation for Semi-Supervised
               Question Answering},
  booktitle = {EMNLP 2019},
  pages     = {2495--2509},
  year      = {2019},
}

@article{erniegen,
  author    = {Dongling Xiao and
               Han Zhang and
               Yu{-}Kun Li and
               Yu Sun and
               Hao Tian and
               Hua Wu and
               Haifeng Wang},
  title     = {{ERNIE-GEN:} {An} Enhanced Multi-Flow Pre-training and Fine-tuning Framework
               for Natural Language Generation},
  journal   = {CoRR},
  volume    = {abs/2001.11314},
  year      = {2020},
}

@article{pnet,
  author    = {Yu Yan and
               Weizhen Qi and
               Yeyun Gong and
               Dayiheng Liu and
               Nan Duan and
               Jiusheng Chen and
               Ruofei Zhang and
               Ming Zhou},
  title     = {{ProphetNet}: Predicting Future N-gram for Sequence-to-Sequence Pre-training},
  journal   = {CoRR},
  volume    = {abs/2001.04063},
  year      = {2020},

}

@inproceedings{PEGASUS,
  author    = {Jingqing Zhang and
               Yao Zhao and
               Mohammad Saleh and
               Peter J. Liu},
  title     = {{PEGASUS:} Pre-training with Extracted Gap-sentences for Abstractive
               Summarization},
  booktitle = {Proceedings of the 37th International Conference on Machine Learning,
               {ICML} 2020, 13-18 July 2020, Virtual Event},
  series    = {Proceedings of Machine Learning Research},
  volume    = {119},
  pages     = {11328--11339},
  publisher = {{PMLR}},
  year      = {2020},
}

@inproceedings{meteor,
    title = "{METEOR}: {A}n Automatic Metric for {MT} Evaluation with Improved Correlation with Human Judgments",
    author = "Banerjee, Satanjeev  and
      Lavie, Alon",
    booktitle = "Proceedings of the {ACL} Workshop on Intrinsic and Extrinsic Evaluation Measures for Machine Translation and/or Summarization",
    month = jun,
    year = "2005",
    address = "Ann Arbor, Michigan",
    publisher = "Association for Computational Linguistics",
    url = "https://www.aclweb.org/anthology/W05-0909",
    pages = "65--72",
}

@inproceedings{bleu,
    title = "{BLEU}: {A} Method for Automatic Evaluation of Machine Translation",
    author = "Papineni, Kishore and
      Roukos, Salim  and
      Ward, Todd  and
      Zhu, Wei-Jing",
    booktitle = "ACL 2002",
    month = jul,
    year = "2002",
}

@article{layernorm,
  author    = {Lei Jimmy Ba and
               Jamie Ryan Kiros and
               Geoffrey E. Hinton},
  title     = {Layer Normalization},
  journal   = {CoRR},
  volume    = {abs/1607.06450},
  year      = {2016},
  url       = {http://arxiv.org/abs/1607.06450},
  archivePrefix = {arXiv},
  eprint    = {1607.06450},
  timestamp = {Tue, 23 Jul 2019 17:33:23 +0200},
  biburl    = {https://dblp.org/rec/journals/corr/BaKH16.bib},
  bibsource = {dblp computer science bibliography, https://dblp.org}
}

@article{roberta,
  author    = {Yinhan Liu and
               Myle Ott and
               Naman Goyal and
               Jingfei Du and
               Mandar Joshi and
               Danqi Chen and
               Omer Levy and
               Mike Lewis and
               Luke Zettlemoyer and
               Veselin Stoyanov},
  title     = {RoBERTa: {A} Robustly Optimized {BERT} Pretraining Approach},
  journal   = {CoRR},
  volume    = {abs/1907.11692},
  year      = {2019},
}

@inproceedings{xnlg,
  author    = {Zewen Chi and
               Li Dong and
               Furu Wei and
               Wenhui Wang and
               Xian{-}Ling Mao and
               Heyan Huang},
  title     = {Cross-Lingual Natural Language Generation via Pre-Training},
  booktitle = {AAAI 2020},
  pages     = {7570--7577},
  year      = {2020},
}

@InProceedings{xsum,
  author    = {Shashi Narayan and
               Shay B. Cohen and
               Mirella Lapata},
  title     = {Don't Give Me the Details, Just the Summary! Topic-Aware Convolutional
               Neural Networks for Extreme Summarization},
  booktitle = {EMNLP 2018},
  pages     = {1797--1807},
  year      = {2018},
}

@article{wikilingua,
  author    = {Faisal Ladhak and
               Esin Durmus and
               Claire Cardie and
               Kathleen R. McKeown},
  title     = {WikiLingua: {A} New Benchmark Dataset for Cross-Lingual Abstractive
               Summarization},
  journal   = {CoRR},
  volume    = {abs/2010.03093},
  year      = {2020},
}

@inproceedings{2018generating,
    title={Generating Wikipedia by Summarizing Long Sequences},
    author={Peter J. Liu* and Mohammad Saleh* and Etienne Pot and Ben Goodrich and Ryan Sepassi and Lukasz Kaiser and Noam Shazeer},
    booktitle={International Conference on Learning Representations},
    year={2018},
    url={https://openreview.net/forum?id=Hyg0vbWC-},
}

@article{t5,
  author    = {Colin Raffel and
               Noam Shazeer and
               Adam Roberts and
               Katherine Lee and
               Sharan Narang and
               Michael Matena and
               Yanqi Zhou and
               Wei Li and
               Peter J. Liu},
  title     = {Exploring the Limits of Transfer Learning with a Unified Text-to-Text
               Transformer},
  journal   = {JMLR},
  volume    = {21},
  pages     = {140:1--140:67},
  year      = {2020},
}

@article{taylor1953cloze,
  title={Cloze procedure: A new tool for measuring readability},
  author={Taylor, Wilson L},
  journal={Journalism Bulletin},
  volume={30},
  number={4},
  pages={415--433},
  year={1953},
  publisher={SAGE Publications Sage CA: Los Angeles, CA}
}

@article{gao2019neural,
  title={Neural approaches to conversational AI},
  author={Gao, Jianfeng and Galley, Michel and Li, Lihong and others},
  journal={Foundations and Trends in Information Retrieval},
  volume={13},
  number={2-3},
  pages={127--298},
  year={2019},
  publisher={Now Publishers, Inc.}
}

@article{gnmt,
  author    = {Yonghui Wu and
               Mike Schuster and
               Zhifeng Chen and
               Quoc V. Le and
               Mohammad Norouzi and
               Wolfgang Macherey and
               Maxim Krikun and
               Yuan Cao and
               Qin Gao and
               Klaus Macherey and
               Jeff Klingner and
               Apurva Shah and
               Melvin Johnson and
               Xiaobing Liu and
               Lukasz Kaiser and
               Stephan Gouws and
               Yoshikiyo Kato and
               Taku Kudo and
               Hideto Kazawa and
               Keith Stevens and
               George Kurian and
               Nishant Patil and
               Wei Wang and
               Cliff Young and
               Jason Smith and
               Jason Riesa and
               Alex Rudnick and
               Oriol Vinyals and
               Greg Corrado and
               Macduff Hughes and
               Jeffrey Dean},
  title     = {Google's Neural Machine Translation System: Bridging the Gap between Human and Machine Translation},
  journal   = {CoRR},
  volume    = {abs/1609.08144},
  year      = {2016},
}

@InProceedings{semi_seq,
	title = {Semi-supervised Sequence Learning},
	author = {Dai, Andrew M and Le, Quoc V},
	booktitle = {Advances in Neural Information Processing Systems 28},
	pages = {3079--3087},
	year = {2015},
	publisher = {Curran Associates, Inc.},
	url = {http://papers.nips.cc/paper/5949-semi-supervised-sequence-learning.pdf}
}

@inproceedings{ulmfit,
	title = "Universal Language Model Fine-tuning for Text Classification",
	author = "Howard, Jeremy  and
	Ruder, Sebastian",
	booktitle = "Proceedings of the 56th Annual Meeting of the Association for Computational Linguistics (Volume 1: Long Papers)",
	month = jul,
	year = "2018",
	address = "Melbourne, Australia",
	publisher = "Association for Computational Linguistics",
	url = "https://www.aclweb.org/anthology/P18-1031",
	pages = "328--339"
}

@inproceedings{bert,
  author    = {Jacob Devlin and
               Ming{-}Wei Chang and
               Kenton Lee and
               Kristina Toutanova},
  editor    = {Jill Burstein and
               Christy Doran and
               Thamar Solorio},
  title     = {{BERT:} {P}re-training of Deep Bidirectional Transformers for Language
               Understanding},
  booktitle = {NAACL 2019},
  pages     = {4171--4186},
  year      = {2019},
}


@article{bert_mouth,
  author    = {Alex Wang and
               Kyunghyun Cho},
  title     = {{BERT} has a Mouth, and It Must Speak: {BERT} as a Markov Random Field
               Language Model},
  journal   = {CoRR},
  volume    = {abs/1902.04094},
  year      = {2019},
}

@inproceedings{transformer,
  author    = {Ashish Vaswani and
               Noam Shazeer and
               Niki Parmar and
               Jakob Uszkoreit and
               Llion Jones and
               Aidan N. Gomez and
               Lukasz Kaiser and
               Illia Polosukhin},
  title     = {Attention is All you Need},
  booktitle = {NIPS 2017},
  pages     = {5998--6008},
  year      = {2017},
}

@InProceedings{elmo,
  author    = {Peters, Matthew  and  Neumann, Mark  and  Iyyer, Mohit  and  Gardner, Matt  and  Clark, Christopher  and  Lee, Kenton  and  Zettlemoyer, Luke},
  title     = {Deep Contextualized Word Representations},
  booktitle = {NAACL 2018},
  year      = {2018},
  pages     = {2227--2237},
}


@inproceedings{ptrnet,
  author    = {Abigail See and
               Peter J. Liu and
               Christopher D. Manning},
  title     = {Get To The Point: Summarization with Pointer-Generator Networks},
  booktitle = {ACL 2017},
  pages     = {1073--1083},
  year      = {2017},
}

@inproceedings{zhou-etal-2017-selective,
    title = "Selective Encoding for Abstractive Sentence Summarization",
    author = "Zhou, Qingyu  and
      Yang, Nan  and
      Wei, Furu  and
      Zhou, Ming",
    booktitle = "Proceedings of the 55th Annual Meeting of the Association for Computational Linguistics (Volume 1: Long Papers)",
    month = jul,
    year = "2017",
    address = "Vancouver, Canada",
    publisher = "Association for Computational Linguistics",
    url = "https://www.aclweb.org/anthology/P17-1101",
    doi = "10.18653/v1/P17-1101",
    pages = "1095--1104"
}

@inproceedings{zhou-etal-2018-neural-document,
    title = "Neural Document Summarization by Jointly Learning to Score and Select Sentences",
    author = "Zhou, Qingyu  and
      Yang, Nan  and
      Wei, Furu  and
      Huang, Shaohan  and
      Zhou, Ming  and
      Zhao, Tiejun",
    booktitle = "Proceedings of the 56th Annual Meeting of the Association for Computational Linguistics (Volume 1: Long Papers)",
    month = jul,
    year = "2018",
    address = "Melbourne, Australia",
    publisher = "Association for Computational Linguistics",
    url = "https://www.aclweb.org/anthology/P18-1061",
    pages = "654--663"
}

@article{Edunov2019PretrainedLM,
  title={Pre-trained Language Model Representations for Language Generation},
  author={Sergey Edunov and Alexei Baevski and Michael Auli},
  journal={CoRR},
  year={2019},
  volume={abs/1903.09722}
}

@article{Paulus2018ADR,
  title={A Deep Reinforced Model for Abstractive Summarization},
  author={Romain Paulus and Caiming Xiong and Richard Socher},
  journal={CoRR},
  year={2018},
  volume={abs/1705.04304}
}

@inproceedings{rouge,
    title = "{ROUGE}: A Package for Automatic Evaluation of Summaries",
    author = "Lin, Chin-Yew",
    booktitle = "ACL 2004",
    year = "2004",
    pages = "74--81",
}

@inproceedings{gehrmann-etal-2018-bottom,
    title = "Bottom-Up Abstractive Summarization",
    author = "Gehrmann, Sebastian  and
      Deng, Yuntian  and
      Rush, Alexander",
    booktitle = "Proceedings of the 2018 Conference on Empirical Methods in Natural Language Processing",
    month = oct # "-" # nov,
    year = "2018",
    address = "Brussels, Belgium",
    publisher = "Association for Computational Linguistics",
    url = "https://www.aclweb.org/anthology/D18-1443",
    pages = "4098--4109",
}


@inproceedings{effectiveness:bert,
    booktitle = "Proceedings of the 2019 Conference on Empirical Methods in Natural Language Processing",
    address = "Hongkong, China",
    publisher = "Association for Computational Linguistics",
    title={Visualizing and Understanding the Effectiveness of BERT},
    author={Yaru Hao and Li Dong and Furu Wei and Ke Xu},
    year={2019}
}

@inproceedings{bookcorpus,
  title={Aligning books and movies: Towards story-like visual explanations by watching movies and reading books},
  author={Zhu, Yukun and Kiros, Ryan and Zemel, Rich and Salakhutdinov, Ruslan and Urtasun, Raquel and Torralba, Antonio and Fidler, Sanja},
  booktitle={Proceedings of the IEEE international conference on computer vision},
  pages={19--27},
  year={2015}
}

@article{general:ling:intell,
  title={Learning and evaluating general linguistic intelligence},
  author={Yogatama, Dani and d'Autume, Cyprien de Masson and Connor, Jerome and Kocisky, Tomas and Chrzanowski, Mike and Kong, Lingpeng and Lazaridou, Angeliki and Ling, Wang and Yu, Lei and Dyer, Chris and Blunsom, Phil},
  journal={arXiv preprint arXiv:1901.11373},
  year={2019}
}

@article{bertsum,
  author    = {Yang Liu},
  title     = {Fine-tune {BERT} for Extractive Summarization},
  journal   = {CoRR},
  volume    = {abs/1903.10318},
  year      = {2019},
}

@inproceedings{squad1,
    title = "{SQ}u{AD}: 100,000+ Questions for Machine Comprehension of Text",
    author = "Rajpurkar, Pranav  and
      Zhang, Jian  and
      Lopyrev, Konstantin  and
      Liang, Percy",
    booktitle = "Proceedings of the 2016 Conference on Empirical Methods in Natural Language Processing",
    month = nov,
    year = "2016",
    address = "Austin, Texas",
    publisher = "Association for Computational Linguistics",
    url = "https://www.aclweb.org/anthology/D16-1264",
    doi = "10.18653/v1/D16-1264",
    pages = "2383--2392",
}

@inproceedings{squad2,
  author    = {Pranav Rajpurkar and
               Robin Jia and
               Percy Liang},
  title     = {Know What You Don't Know: Unanswerable Questions for {SQuAD}},
  booktitle = {Proceedings of the 56th Annual Meeting of the Association for Computational
               Linguistics, {ACL} 2018, Melbourne, Australia, July 15-20, 2018, Volume
               2: Short Papers},
  pages     = {784--789},
  year      = {2018}
}

@article{song-qg-2017,
  author    = {Linfeng Song and
               Zhiguo Wang and
               Wael Hamza},
  title     = {A Unified Query-based Generative Model for Question Generation and
               Question Answering},
  journal   = {CoRR},
  volume    = {abs/1709.01058},
  year      = {2017},
  url       = {http://arxiv.org/abs/1709.01058},
  archivePrefix = {arXiv},
  eprint    = {1709.01058}
}

@inproceedings{zhao-qg-2018,
    title = "Paragraph-level Neural Question Generation with Maxout Pointer and Gated Self-attention Networks",
    author = "Zhao, Yao  and
      Ni, Xiaochuan  and
      Ding, Yuanyuan  and
      Ke, Qifa",
    booktitle = "Proceedings of the 2018 Conference on Empirical Methods in Natural Language Processing",
    month = oct # "-" # nov,
    year = "2018",
    address = "Brussels, Belgium",
    publisher = "Association for Computational Linguistics",
    url = "https://www.aclweb.org/anthology/D18-1424",
    pages = "3901--3910"
}

@article{hu-mrc-2018,
  author    = {Minghao Hu and
               Furu Wei and
               Yuxing Peng and
               Zhen Huang and
               Nan Yang and
               Ming Zhou},
  title     = {Read + Verify: Machine Reading Comprehension with Unanswerable Questions},
  journal   = {CoRR},
  volume    = {abs/1808.05759},
  year      = {2018},
  url       = {http://arxiv.org/abs/1808.05759},
  archivePrefix = {arXiv},
  eprint    = {1808.05759}
}

@article{coqa,
  author    = {Siva Reddy and
               Danqi Chen and
               Christopher D. Manning},
  title     = {{CoQA}: {A} Conversational Question Answering Challenge},
  journal   = {CoRR},
  volume    = {abs/1808.07042},
  year      = {2018},
  url       = {http://arxiv.org/abs/1808.07042},
  archivePrefix = {arXiv},
  eprint    = {1808.07042}
}

@inproceedings{rush15summ,
    title = "A Neural Attention Model for Abstractive Sentence Summarization",
    author = "Rush, Alexander M.  and
      Chopra, Sumit  and
      Weston, Jason",
    booktitle = "Proceedings of the 2015 Conference on Empirical Methods in Natural Language Processing",
    month = sep,
    year = "2015",
    address = "Lisbon, Portugal",
    publisher = "Association for Computational Linguistics",
    url = "https://www.aclweb.org/anthology/D15-1044",
    doi = "10.18653/v1/D15-1044",
    pages = "379--389",
}

@inproceedings{nallapati-etal-2016-abstractive,
    title = "Abstractive Text Summarization using Sequence-to-sequence {RNN}s and Beyond",
    author = "Nallapati, Ramesh  and
      Zhou, Bowen  and
      dos Santos, Cicero  and
      GuÌ‡l{\c{c}}ehre, {\c{C}}a{\u{g}}lar  and
      Xiang, Bing",
    booktitle = "Proceedings of The 20th {SIGNLL} Conference on Computational Natural Language Learning",
    month = aug,
    year = "2016",
    address = "Berlin, Germany",
    publisher = "Association for Computational Linguistics",
    url = "https://www.aclweb.org/anthology/K16-1028",
    doi = "10.18653/v1/K16-1028",
    pages = "280--290",
}

@inproceedings{chopra16summ,
    title = "Abstractive Sentence Summarization with Attentive Recurrent Neural Networks",
    author = "Chopra, Sumit  and
      Auli, Michael  and
      Rush, Alexander M.",
    booktitle = "Proceedings of the 2016 Conference of the North {A}merican Chapter of the Association for Computational Linguistics: Human Language Technologies",
    month = jun,
    year = "2016",
    address = "San Diego, California",
    publisher = "Association for Computational Linguistics",
    url = "https://www.aclweb.org/anthology/N16-1012",
    doi = "10.18653/v1/N16-1012",
    pages = "93--98",
}

@inproceedings{nallapati16summ,
    title = "Abstractive Text Summarization using Sequence-to-sequence {RNN}s and Beyond",
    author = "Nallapati, Ramesh  and
      Zhou, Bowen  and
      dos Santos, Cicero  and
      Gulcehre, Caglar  and
      Xiang, Bing",
    booktitle = "Proceedings of The 20th {SIGNLL} Conference on Computational Natural Language Learning",
    month = aug,
    year = "2016",
    address = "Berlin, Germany",
    publisher = "Association for Computational Linguistics",
    url = "https://www.aclweb.org/anthology/K16-1028",
    doi = "10.18653/v1/K16-1028",
    pages = "280--290",
}

@article{clozepretrain19,
  title={Cloze-driven Pretraining of Self-attention Networks},
  author={Baevski, Alexei and Edunov, Sergey and Liu, Yinhan and Zettlemoyer, Luke and Auli, Michael},
  journal={arXiv preprint arXiv:1903.07785},
  year={2019}
}

@article{hierdoc19,
  title={Language Model Pre-training for Hierarchical Document Representations},
  author={Chang, Ming-Wei and Toutanova, Kristina and Lee, Kenton and Devlin, Jacob},
  journal={arXiv preprint arXiv:1901.09128},
  year={2019}
}

@article{mt-dnn,
  author    = {Xiaodong Liu and
               Pengcheng He and
               Weizhu Chen and
               Jianfeng Gao},
  title     = {Multi-Task Deep Neural Networks for Natural Language Understanding},
  journal   = {CoRR},
  volume    = {abs/1901.11504},
  year      = {2019},
  url       = {http://arxiv.org/abs/1901.11504},
  archivePrefix = {arXiv},
  eprint    = {1901.11504}
}

@misc{bert-ppt,
  author    = {Jacob Devlin},
  title     = {{BERT}: Pre-training of Deep Bidirectional Transformers for Language
               Understanding},
  url       = {https://nlp.stanford.edu/seminar/details/jdevlin.pdf?fbclid=IwAR2TBFCJOeZ9cGhxB-z5cJJ17vHN4W25oWsjI8NqJoTEmlYIYEKG7oh4tlY},
  year      = {2019}
}

@article{kingma2014adam,
  title={Adam: A method for stochastic optimization},
  author={Kingma, Diederik and Ba, Jimmy},
  journal={arXiv preprint arXiv:1412.6980},
  year={2014}
}

@inproceedings{wang2018glue,
title={{GLUE}: A Multi-Task Benchmark and Analysis Platform for Natural Language Understanding},
author={Alex Wang and Amanpreet Singh and Julian Michael and Felix Hill and Omer Levy and Samuel R. Bowman},
booktitle={International Conference on Learning Representations},
year={2019},
url={https://openreview.net/forum?id=rJ4km2R5t7},
}


@article{cola2018,
  title={Neural Network Acceptability Judgments},
  author={Warstadt, Alex and Singh, Amanpreet and Bowman, Samuel R},
  journal={arXiv preprint arXiv:1805.12471},
  year={2018}
}

@inproceedings{sst2013,
  title={Recursive deep models for semantic compositionality over a sentiment treebank},
  author={Socher, Richard and Perelygin, Alex and Wu, Jean and Chuang, Jason and Manning, Christopher D and Ng, Andrew and Potts, Christopher},
  booktitle={Proceedings of the 2013 conference on empirical methods in natural language processing},
  pages={1631--1642},
  year={2013}
}

@inproceedings{mrpc2005,
  title={Automatically constructing a corpus of sentential paraphrases},
  author={Dolan, William B and Brockett, Chris},
  booktitle={Proceedings of the Third International Workshop on Paraphrasing (IWP2005)},
  year={2005}
}

@inproceedings{winograd2012,
  title={The winograd schema challenge},
  author={Levesque, Hector and Davis, Ernest and Morgenstern, Leora},
  booktitle={Thirteenth International Conference on the Principles of Knowledge Representation and Reasoning},
  year={2012}
}

@article{sts-b2017,
  title={SemEval-2017 Task 1: Semantic Textual Similarity-Multilingual and Cross-lingual Focused Evaluation},
  author={Cer, Daniel and Diab, Mona and Agirre, Eneko and Lopez-Gazpio, Inigo and Specia, Lucia},
  journal={arXiv preprint arXiv:1708.00055},
  year={2017}
}

@article{gelu,
  title={Gaussian Error Linear Units ({GELU}s)},
  author={Hendrycks, Dan and Gimpel, Kevin},
  journal={arXiv preprint arXiv:1606.08415},
  year={2016}
}

@inproceedings{mnli2017,
    title = "A Broad-Coverage Challenge Corpus for Sentence Understanding through Inference",
    author = "Williams, Adina  and
      Nangia, Nikita  and
      Bowman, Samuel",
    booktitle = "Proceedings of the 2018 Conference of the North {A}merican Chapter of the Association for Computational Linguistics: Human Language Technologies, Volume 1 (Long Papers)",
    month = jun,
    year = "2018",
    address = "New Orleans, Louisiana",
    publisher = "Association for Computational Linguistics",
    url = "https://www.aclweb.org/anthology/N18-1101",
    doi = "10.18653/v1/N18-1101",
    pages = "1112--1122"
}

@article{chen2018quora,
  title={Quora question pairs},
  author={Z. Chen and H. Zhang and X. Zhang and L. Zhao},
  year={2018}
}

@article{liu2019mt-dnn,
  title={Multi-Task Deep Neural Networks for Natural Language Understanding},
  author={Liu, Xiaodong and He, Pengcheng and Chen, Weizhu and Gao, Jianfeng},
  journal={arXiv preprint arXiv:1901.11504},
  year={2019}
}

@inproceedings{du-qg-2018,
  author    = {Xinya Du and
               Claire Cardie},
  editor    = {Iryna Gurevych and
               Yusuke Miyao},
  title     = {Harvesting Paragraph-level Question-Answer Pairs from Wikipedia},
  booktitle = {Proceedings of the 56th Annual Meeting of the Association for Computational
               Linguistics, {ACL} 2018, Melbourne, Australia, July 15-20, 2018, Volume
               1: Long Papers},
  pages     = {1907--1917},
  publisher = {Association for Computational Linguistics},
  year      = {2018},
  url       = {https://www.aclweb.org/anthology/P18-1177/},
  doi       = {10.18653/v1/P18-1177},
  timestamp = {Sat, 30 May 2020 20:02:24 +0200},
  biburl    = {https://dblp.org/rec/conf/acl/CardieD18.bib},
  bibsource = {dblp computer science bibliography, https://dblp.org}
}

@InProceedings{label:smoothing,
  author    = {Szegedy, Christian and Vanhoucke, Vincent and Ioffe, Sergey and Shlens, Jon and Wojna, Zbigniew},
  title     = {Rethinking the inception architecture for computer vision},
  booktitle = {Proceedings of the IEEE Conference on Computer Vision and Pattern Recognition},
  year      = {2016},
  pages     = {2818--2826},
  doi       = {10.1109/cvpr.2016.308},
}

@inproceedings{rte1,
 author = {Dagan, Ido and Glickman, Oren and Magnini, Bernardo},
 title = {The PASCAL Recognising Textual Entailment Challenge},
 booktitle = {Proceedings of the First International Conference on Machine Learning Challenges: Evaluating Predictive Uncertainty Visual Object Classification, and Recognizing Textual Entailment},
 series = {MLCW'05},
 year = {2006},
 isbn = {3-540-33427-0, 978-3-540-33427-9},
 location = {Southampton, UK},
 pages = {177--190},
 numpages = {14},
 url = {http://dx.doi.org/10.1007/11736790_9},
 doi = {10.1007/11736790_9},
 acmid = {2100054},
 publisher = {Springer-Verlag},
 address = {Berlin, Heidelberg},
} 

@inproceedings{rte2,
author = {Bar-Haim, Roy and Dagan, Ido and Dolan, Bill and Ferro, Lisa and Giampiccolo, Danilo},
year = {2006},
month = {01},
title = {The second {PASCAL} recognising textual entailment challenge},
booktitle = {Proceedings of the Second {PASCAL} Challenges Workshop on Recognising Textual Entailment}
}

@inproceedings{rte3,
    title = "The Third {PASCAL} Recognizing Textual Entailment Challenge",
    author = "Giampiccolo, Danilo  and
      Magnini, Bernardo  and
      Dagan, Ido  and
      Dolan, Bill",
    booktitle = "Proceedings of the {ACL}-{PASCAL} Workshop on Textual Entailment and Paraphrasing",
    month = jun,
    year = "2007",
    address = "Prague",
    publisher = "Association for Computational Linguistics",
    url = "https://www.aclweb.org/anthology/W07-1401",
    pages = "1--9",
}

@INPROCEEDINGS{rte5,
    author = {Luisa Bentivogli and Ido Dagan and Hoa Trang Dang and Danilo Giampiccolo and Bernardo Magnini},
    title = {The Fifth PASCAL Recognizing Textual Entailment Challenge},
    booktitle = {In Proc Text Analysis Conference (TAC’09},
    year = {2009}
}

@inproceedings{mass,
  author    = {Kaitao Song and
               Xu Tan and
               Tao Qin and
               Jianfeng Lu and
               Tie{-}Yan Liu},
  title     = {{MASS:} Masked Sequence to Sequence Pre-training for Language Generation},
  booktitle = {ICML 2019},
  volume    = {97},
  pages     = {5926--5936},
  year      = {2019},
}

@inproceedings{re3sum,
    title = "Retrieve, Rerank and Rewrite: Soft Template Based Neural Summarization",
    author = "Cao, Ziqiang  and
      Li, Wenjie  and
      Li, Sujian  and
      Wei, Furu",
    booktitle = "Proceedings of the 56th Annual Meeting of the Association for Computational Linguistics (Volume 1: Long Papers)",
    month = jul,
    year = "2018",
    address = "Melbourne, Australia",
    publisher = "Association for Computational Linguistics",
    url = "https://www.aclweb.org/anthology/P18-1015",
    pages = "152--161"
}

@inproceedings{opennmt,
    title = "{O}pen{NMT}: Open-Source Toolkit for Neural Machine Translation",
    author = "Klein, Guillaume  and
      Kim, Yoon  and
      Deng, Yuntian  and
      Senellart, Jean  and
      Rush, Alexander",
    booktitle = "Proceedings of {ACL} 2017, System Demonstrations",
    month = jul,
    year = "2017",
    address = "Vancouver, Canada",
    publisher = "Association for Computational Linguistics",
    url = "https://www.aclweb.org/anthology/P17-4012",
    pages = "67--72",
}

@inproceedings{abs,
    title = "A Neural Attention Model for Abstractive Sentence Summarization",
    author = "Rush, Alexander M.  and
      Chopra, Sumit  and
      Weston, Jason",
    booktitle = "Proceedings of the 2015 Conference on Empirical Methods in Natural Language Processing",
    month = sep,
    year = "2015",
    address = "Lisbon, Portugal",
    publisher = "Association for Computational Linguistics",
    url = "https://www.aclweb.org/anthology/D15-1044",
    doi = "10.18653/v1/D15-1044",
    pages = "379--389",
}

@inproceedings{unilm,
  author    = {Li Dong and
               Nan Yang and
               Wenhui Wang and
               Furu Wei and
               Xiaodong Liu and
               Yu Wang and
               Jianfeng Gao and
               Ming Zhou and
               Hsiao{-}Wuen Hon},
  title     = {Unified Language Model Pre-training for Natural Language Understanding
               and Generation},
  booktitle = {NeurIPS 2019},
  pages     = {13042--13054},
  year      = {2019},
}

@article{spanbert,
  title={SpanBERT: Improving pre-training by representing and predicting spans},
  author={Joshi, Mandar and Chen, Danqi and Liu, Yinhan and Weld, Daniel S and Zettlemoyer, Luke and Levy, Omer},
  journal={arXiv preprint arXiv:1907.10529},
  year={2019}
}

@inproceedings{ernie:thu,
    title = "{ERNIE}: Enhanced Language Representation with Informative Entities",
    author = "Zhang, Zhengyan  and
      Han, Xu  and
      Liu, Zhiyuan  and
      Jiang, Xin  and
      Sun, Maosong  and
      Liu, Qun",
    booktitle = "Proceedings of the 57th Annual Meeting of the Association for Computational Linguistics",
    month = jul,
    year = "2019",
    address = "Florence, Italy",
    publisher = "Association for Computational Linguistics",
    url = "https://www.aclweb.org/anthology/P19-1139",
    doi = "10.18653/v1/P19-1139",
    pages = "1441--1451"
}

@article{ernie:baidu,
  title={{ERNIE}: Enhanced Representation through Knowledge Integration},
  author={Yu Sun and Shuohuan Wang and Yukun Li and Shikun Feng and Xuyi Chen and Han Zhang and Xin Tian and Danxiang Zhu and Hao Tian and Hua Wu},
  journal={ArXiv},
  year={2019},
  volume={abs/1904.09223}
}

@inproceedings{block:decoding,
 author = {Stern, Mitchell and Shazeer, Noam and Uszkoreit, Jakob},
 title = {Blockwise Parallel Decoding for Deep Autoregressive Models},
 booktitle = {Proceedings of the 32Nd International Conference on Neural Information Processing Systems},
 series = {NIPS'18},
 year = {2018},
 location = {Montr\&\#233;al, Canada},
 pages = {10107--10116},
 numpages = {10},
 url = {http://dl.acm.org/citation.cfm?id=3327546.3327673},
 acmid = {3327673},
 publisher = {Curran Associates Inc.},
 address = {USA},
}

@inproceedings{context2vec,
    title = "context2vec: Learning Generic Context Embedding with Bidirectional {LSTM}",
    author = "Melamud, Oren  and
      Goldberger, Jacob  and
      Dagan, Ido",
    booktitle = "Proceedings of The 20th {SIGNLL} Conference on Computational Natural Language Learning",
    month = aug,
    year = "2016",
    address = "Berlin, Germany",
    publisher = "Association for Computational Linguistics",
    doi = "10.18653/v1/K16-1006",
    pages = "51--61",
}

@article{albert,
  title={{ALBERT}: A Lite BERT for Self-supervised Learning of Language Representations},
  author={Zhenzhong Lan and Mingda Chen and Sebastian Goodman and Kevin Gimpel and Piyush Sharma and Radu Soricut},
  journal={ArXiv},
  year={2019},
  volume={abs/1909.11942}
}

@article{xnli,
  title={Xnli: Evaluating cross-lingual sentence representations},
  author={Conneau, Alexis and Lample, Guillaume and Rinott, Ruty and Williams, Adina and Bowman, Samuel R and Schwenk, Holger and Stoyanov, Veselin},
  journal={arXiv preprint arXiv:1809.05053},
  year={2018}
}

@inproceedings{cls,
  title={Cross-language text classification using structural correspondence learning},
  author={Prettenhofer, Peter and Stein, Benno},
  booktitle={Proceedings of the 48th annual meeting of the association for computational linguistics},
  pages={1118--1127},
  year={2010}
}

@inproceedings{liu-text,
    title = "Text Summarization with Pretrained Encoders",
    author = "Liu, Yang  and
      Lapata, Mirella",
    booktitle = "Proceedings of the 2019 Conference on Empirical Methods in Natural Language Processing and the 9th International Joint Conference on Natural Language Processing (EMNLP-IJCNLP)",
    month = nov,
    year = "2019",
    address = "Hong Kong, China",
    publisher = "Association for Computational Linguistics",
    url = "https://www.aclweb.org/anthology/D19-1387",
    doi = "10.18653/v1/D19-1387",
    pages = "3728--3738",
}

@inproceedings{bart,
  author    = {Mike Lewis and
               Yinhan Liu and
               Naman Goyal and
               Marjan Ghazvininejad and
               Abdelrahman Mohamed and
               Omer Levy and
               Veselin Stoyanov and
               Luke Zettlemoyer},
  title     = {{BART:} Denoising Sequence-to-Sequence Pre-training for Natural Language
               Generation, Translation, and Comprehension},
  booktitle = {ACL 2020},
  pages     = {7871--7880},
  year      = {2020},
}

@article{bertmarkovlm,
  author    = {Alex Wang and
               Kyunghyun Cho},
  title     = {{BERT} has a Mouth, and It Must Speak: {BERT} as a Markov Random Field
               Language Model},
  journal   = {CoRR},
  volume    = {abs/1902.04094},
  year      = {2019},
  url       = {http://arxiv.org/abs/1902.04094},
  archivePrefix = {arXiv},
  eprint    = {1902.04094},
  timestamp = {Tue, 21 May 2019 18:03:40 +0200},
  biburl    = {https://dblp.org/rec/journals/corr/abs-1902-04094.bib},
  bibsource = {dblp computer science bibliography, https://dblp.org}
}

@incollection{cnndm,
    title = {Teaching Machines to Read and Comprehend},
    author = {Hermann, Karl Moritz and Kocisky, Tomas and Grefenstette, Edward and Espeholt, Lasse and Kay, Will and Suleyman, Mustafa and Blunsom, Phil},
    booktitle = {Advances in Neural Information Processing Systems 28},
    pages = {1693--1701},
    year = {2015},
}

@article{bertshared,
  author    = {Sascha Rothe and
               Shashi Narayan and
               Aliaksei Severyn},
  title     = {Leveraging Pre-trained Checkpoints for Sequence Generation Tasks},
  journal   = {TACL},
  volume    = {8},
  pages     = {264--280},
  year      = {2020},
}

@inproceedings{unilmv2,
  author    = {Hangbo Bao and
               Li Dong and
               Furu Wei and
               Wenhui Wang and
               Nan Yang and
               Xiaodong Liu and
               Yu Wang and
               Jianfeng Gao and
               Songhao Piao and
               Ming Zhou and
               Hsiao{-}Wuen Hon},
  title     = {UniLMv2: Pseudo-Masked Language Models for Unified Language Model
               Pre-Training},
  booktitle = {ICML 2020},
  volume    = {119},
  pages     = {642--652},
  year      = {2020},
}

@inproceedings{electra,
  title = {{ELECTRA}: Pre-training Text Encoders as Discriminators Rather Than Generators},
  author = {Kevin Clark and Minh-Thang Luong and Quoc V. Le and Christopher D. Manning},
  booktitle = {ICLR},
  year = {2020},
}

@inproceedings{xlmr,
  author    = {Alexis Conneau and
               Kartikay Khandelwal and
               Naman Goyal and
               Vishrav Chaudhary and
               Guillaume Wenzek and
               Francisco Guzm{\'{a}}n and
               Edouard Grave and
               Myle Ott and
               Luke Zettlemoyer and
               Veselin Stoyanov},
  title     = {Unsupervised Cross-lingual Representation Learning at Scale},
  booktitle = {ACL 2020},
  pages     = {8440--8451},
  year      = {2020},
}

@inproceedings{xlm,
  author    = {Alexis Conneau and
               Guillaume Lample},
  title     = {Cross-lingual Language Model Pretraining},
  booktitle = {NeurIPS 2019},
  pages     = {7057--7067},
  year      = {2019},
}


@inproceedings{zcode,
  author    = {Yiren Wang and
               ChengXiang Zhai and
               Hany Hassan},
  title     = {Multi-task Learning for Multilingual Neural Machine Translation},
  booktitle = {EMNLP 2020},
  pages     = {1022--1034},
  year      = {2020},
}


@inproceedings{csp,
  author    = {Zhen Yang and
               Bojie Hu and
               Ambyera Han and
               Shen Huang and
               Qi Ju},
  title     = {{CSP:} Code-Switching Pre-training for Neural Machine Translation},
  booktitle = {EMNLP 2020},
  pages     = {2624--2636},
  year      = {2020},
}

@inproceedings{maskgan,
  author    = {William Fedus and
               Ian J. Goodfellow and
               Andrew M. Dai},
  title     = {MaskGAN: Better Text Generation via Filling in the {\_}{\_}{\_}{\_}{\_}{\_}{\_}},
  booktitle = {ICLR 2018},
  year      = {2018},
}

@inproceedings{webnlg,
  author    = {Claire Gardent and
               Anastasia Shimorina and
               Shashi Narayan and
               Laura Perez{-}Beltrachini},
  title     = {The WebNLG Challenge: Generating Text from {RDF} Data},
  booktitle = {{INLG} 2017},
  pages     = {124--133},
  year      = {2017},
}


@article{gem,
  author    = {Sebastian Gehrmann and
               Tosin P. Adewumi and
               Karmanya Aggarwal and
               Pawan Sasanka Ammanamanchi and
               Aremu Anuoluwapo and
               Antoine Bosselut and
               Khyathi Raghavi Chandu and
               Miruna{-}Adriana Clinciu and
               Dipanjan Das and
               Kaustubh D. Dhole and
               Wanyu Du and
               Esin Durmus and
               Ondrej Dusek and
               Chris Emezue and
               Varun Gangal and
               Cristina Garbacea and
               Tatsunori Hashimoto and
               Yufang Hou and
               Yacine Jernite and
               Harsh Jhamtani and
               Yangfeng Ji and
               Shailza Jolly and
               Dhruv Kumar and
               Faisal Ladhak and
               Aman Madaan and
               Mounica Maddela and
               Khyati Mahajan and
               Saad Mahamood and
               Bodhisattwa Prasad Majumder and
               Pedro Henrique Martins and
               Angelina McMillan{-}Major and
               Simon Mille and
               Emiel van Miltenburg and
               Moin Nadeem and
               Shashi Narayan and
               Vitaly Nikolaev and
               Rubungo Andre Niyongabo and
               Salomey Osei and
               Ankur P. Parikh and
               Laura Perez{-}Beltrachini and
               Niranjan Ramesh Rao and
               Vikas Raunak and
               Juan Diego Rodriguez and
               Sashank Santhanam and
               Jo{\~{a}}o Sedoc and
               Thibault Sellam and
               Samira Shaikh and
               Anastasia Shimorina and
               Marco Antonio Sobrevilla Cabezudo and
               Hendrik Strobelt and
               Nishant Subramani and
               Wei Xu and
               Diyi Yang and
               Akhila Yerukola and
               Jiawei Zhou},
  title     = {The {GEM} Benchmark: Natural Language Generation, its Evaluation and
               Metrics},
  journal   = {CoRR},
  volume    = {abs/2102.01672},
  year      = {2021},
}


@inproceedings{scaling_transformer,
  author    = {Mitchell A. Gordon and
               Kevin Duh and
               Jared Kaplan},
  title     = {Data and Parameter Scaling Laws for Neural Machine Translation},
  booktitle = {EMNLP 2021},
  pages     = {5915--5922},
  publisher = {Association for Computational Linguistics},
  year      = {2021},
}



@inproceedings{mtl,
  author    = {Yiren Wang and
               ChengXiang Zhai and
               Hany Hassan},
  title     = {Multi-task Learning for Multilingual Neural Machine Translation},
  booktitle = {EMNLP 2020},
  pages     = {1022--1034},
  year      = {2020},
}

@inproceedings{sentencepiece,
  author    = {Taku Kudo and
               John Richardson},
  title     = {SentencePiece: {A} simple and language independent subword tokenizer
               and detokenizer for Neural Text Processing},
  booktitle = {EMNLP 2018},
  pages     = {66--71},
  year      = {2018},
}



@article{mnmt_challenges,
  author    = {Naveen Arivazhagan and
               Ankur Bapna and
               Orhan Firat and
               Dmitry Lepikhin and
               Melvin Johnson and
               Maxim Krikun and
               Mia Xu Chen and
               Yuan Cao and
               George F. Foster and
               Colin Cherry and
               Wolfgang Macherey and
               Zhifeng Chen and
               Yonghui Wu},
  title     = {Massively Multilingual Neural Machine Translation in the Wild: Findings
               and Challenges},
  journal   = {CoRR},
  volume    = {abs/1907.05019},
  year      = {2019},
}


@article{s2s_ft,
  author    = {Hangbo Bao and
               Li Dong and
               Wenhui Wang and
               Nan Yang and
               Furu Wei},
  title     = {s2s-ft: Fine-Tuning Pretrained Transformer Encoders for Sequence-to-Sequence
               Learning},
  journal   = {CoRR},
  volume    = {abs/2110.13640},
  year      = {2021},
}


@article{mbart50,
  author    = {Yuqing Tang and
               Chau Tran and
               Xian Li and
               Peng{-}Jen Chen and
               Naman Goyal and
               Vishrav Chaudhary and
               Jiatao Gu and
               Angela Fan},
  title     = {Multilingual Translation with Extensible Multilingual Pretraining
               and Finetuning},
  journal   = {CoRR},
  volume    = {abs/2008.00401},
  year      = {2020},
}


@inproceedings{mt5,
  author    = {Linting Xue and
               Noah Constant and
               Adam Roberts and
               Mihir Kale and
               Rami Al{-}Rfou and
               Aditya Siddhant and
               Aditya Barua and
               Colin Raffel},
  title     = {mT5: {A} Massively Multilingual Pre-trained Text-to-Text Transformer},
  booktitle = {NAACL 2021},
  pages     = {483--498},
  year      = {2021},
}


@article{deltalm,
  author    = {Shuming Ma and
               Li Dong and
               Shaohan Huang and
               Dongdong Zhang and
               Alexandre Muzio and
               Saksham Singhal and
               Hany Hassan Awadalla and
               Xia Song and
               Furu Wei},
  title     = {DeltaLM: Encoder-Decoder Pre-training for Language Generation and
               Translation by Augmenting Pretrained Multilingual Encoders},
  journal   = {CoRR},
  volume    = {abs/2106.13736},
  year      = {2021},
}



@inproceedings{mt6,
  author    = {Zewen Chi and
               Li Dong and
               Shuming Ma and
               Shaohan Huang and
               Saksham Singhal and
               Xian{-}Ling Mao and
               Heyan Huang and
               Xia Song and
               Furu Wei},
  title     = {{mT6}: Multilingual Pretrained Text-to-Text Transformer with Translation
               Pairs},
  booktitle = {EMNLP 2021},
  pages     = {1671--1683},
  year      = {2021},
}


@inproceedings{infoxlm,
  author    = {Zewen Chi and
               Li Dong and
               Furu Wei and
               Nan Yang and
               Saksham Singhal and
               Wenhui Wang and
               Xia Song and
               Xian{-}Ling Mao and
               Heyan Huang and
               Ming Zhou},
  title     = {InfoXLM: An Information-Theoretic Framework for Cross-Lingual Language
               Model Pre-Training},
  booktitle = {NAACL 2021},
  pages     = {3576--3588},
  year      = {2021},
}


@inproceedings{xlme,
  author    = {Zewen Chi and
               Shaohan Huang and
               Li Dong and
               Shuming Ma and
               Bo Zheng and
               Saksham Singhal and
               Payal Bajaj and
               Xia Song and
               Xian{-}Ling Mao and
               Heyan Huang and
               Furu Wei},
  title     = {{XLM-E:} Cross-lingual Language Model Pre-training via {ELECTRA}},
  booktitle = {ACL 2022},
  pages     = {6170--6182},
  year      = {2022},
}

@article{xlmt,
  author    = {Shuming Ma and
               Jian Yang and
               Haoyang Huang and
               Zewen Chi and
               Li Dong and
               Dongdong Zhang and
               Hany Hassan Awadalla and
               Alexandre Muzio and
               Akiko Eriguchi and
               Saksham Singhal and
               Xia Song and
               Arul Menezes and
               Furu Wei},
  title     = {{XLM-T:} Scaling up Multilingual Machine Translation with Pretrained
               Cross-lingual Transformer Encoders},
  journal   = {CoRR},
  volume    = {abs/2012.15547},
  year      = {2020},
}


@article{flores,
  author    = {Naman Goyal and
               Cynthia Gao and
               Vishrav Chaudhary and
               Peng{-}Jen Chen and
               Guillaume Wenzek and
               Da Ju and
               Sanjana Krishnan and
               Marc'Aurelio Ranzato and
               Francisco Guzm{\'{a}}n and
               Angela Fan},
  title     = {The {FLORES-101} Evaluation Benchmark for Low-Resource and Multilingual
               Machine Translation},
  journal   = {CoRR},
  volume    = {abs/2106.03193},
  year      = {2021},
}

@inproceedings{hlt_mt,
  author       = {Jian Yang and
                  Yuwei Yin and
                  Shuming Ma and
                  Dongdong Zhang and
                  Zhoujun Li and
                  Furu Wei},
  title        = {High-resource Language-specific Training for Multilingual Neural Machine
                  Translation},
  booktitle    = {IJCAI 2022},
  pages        = {4461--4467},
  year         = {2022},
}

@ARTICLE{multiple,
  author={Cassano, Federico and Gouwar, John and Nguyen, Daniel and Nguyen, Sydney and Phipps-Costin, Luna and Pinckney, Donald and Yee, Ming-Ho and Zi, Yangtian and Anderson, Carolyn Jane and Feldman, Molly Q and Guha, Arjun and Greenberg, Michael and Jangda, Abhinav},
  journal={IEEE Transactions on Software Engineering}, 
  title={MultiPL-E: A Scalable and Polyglot Approach to Benchmarking Neural Code Generation}, 
  year={2023},
  volume={49},
  number={7},
  pages={3675-3691},
  doi={10.1109/TSE.2023.3267446}
}
@inproceedings{um4,
  author       = {Jian Yang and
                  Yuwei Yin and
                  Shuming Ma and
                  Dongdong Zhang and
                  Shuangzhi Wu and
                  Hongcheng Guo and
                  Zhoujun Li and
                  Furu Wei},
  editor       = {Luc De Raedt},
  title        = {{UM4:} Unified Multilingual Multiple Teacher-Student Model for Zero-Resource
                  Neural Machine Translation},
  booktitle    = {IJCAI 2022},
  pages        = {4454--4460},
  year         = {2022},
}

@inproceedings{microsoft_wmt2021,
  author    = {Jian Yang and
               Shuming Ma and
               Haoyang Huang and
               Dongdong Zhang and
               Li Dong and
               Shaohan Huang and
               Alexandre Muzio and
               Saksham Singhal and
               Hany Hassan and
               Xia Song and
               Furu Wei},
  title     = {Multilingual Machine Translation Systems from Microsoft for {WMT21}
               Shared Task},
  booktitle = {WMT 2021},
  pages     = {446--455},
  publisher = {Association for Computational Linguistics},
  year      = {2021},
}


@article{t_SNE,
  title={Visualizing data using t-SNE},
  author={Maaten, Laurens van der and Hinton, Geoffrey},
  journal={JMLR},
  volume={9},
  number={Nov},
  pages={2579--2605},
  year={2008}
}

@article{gpt,
  title={Improving language understanding by generative pre-training},
  author={Radford, Alec and Narasimhan, Karthik and Salimans, Tim and Sutskever, Ilya and others},
  year={2018}
}

@article{gpt2,
  title={Language models are unsupervised multitask learners},
  author={Radford, Alec and Wu, Jeffrey and Child, Rewon and Luan, David and Amodei, Dario and Sutskever, Ilya and others},
  year={2019}
}

@inproceedings{gpt3,
  author    = {Timo Schick and
               Hinrich Sch{\"{u}}tze},
  title     = {It's Not Just Size That Matters: Small Language Models Are Also Few-Shot Learners},
  booktitle = {NAACL 2021},
  pages     = {2339--2352},
  year      = {2021},
}


@inproceedings{ccalign,
  author    = {Ahmed El{-}Kishky and
               Vishrav Chaudhary and
               Francisco Guzm{\'{a}}n and
               Philipp Koehn},
  title     = {CCAligned: {A} Massive Collection of Cross-Lingual Web-Document Pairs},
  booktitle = {EMNLP 2020},
  pages     = {5960--5969},
  year      = {2020},
}


@inproceedings{opus_100,
  author    = {Biao Zhang and
               Philip Williams and
               Ivan Titov and
               Rico Sennrich},
  title     = {Improving Massively Multilingual Neural Machine Translation and Zero-Shot
               Translation},
  booktitle = {ACL 2020},
  pages     = {1628--1639},
  year      = {2020},
}

@inproceedings{jw300,
  author    = {Zeljko Agic and
               Ivan Vulic},
  title     = {{JW300:} {A} Wide-Coverage Parallel Corpus for Low-Resource Languages},
  booktitle = {ACL 2019},
  pages     = {3204--3210},
  year      = {2019},
 }
 
 @inproceedings{ccmatrix,
  author    = {Holger Schwenk and
               Guillaume Wenzek and
               Sergey Edunov and
               Edouard Grave and
               Armand Joulin and
               Angela Fan},
  title     = {CCMatrix: Mining Billions of High-Quality Parallel Sentences on the
               Web},
  booktitle = {ACL 2021},
  pages     = {6490--6500},
  year      = {2021},
}


@inproceedings{tatoeba,
  author    = {J{\"{o}}rg Tiedemann},
  title     = {Parallel Data, Tools and Interfaces in {OPUS}},
  booktitle = {LREC 2012},
  pages     = {2214--2218},
  year      = {2012},
}
  
 
 
@article{gan,
  author    = {Ian J. Goodfellow and
               Jean Pouget{-}Abadie and
               Mehdi Mirza and
               Bing Xu and
               David Warde{-}Farley and
               Sherjil Ozair and
               Aaron C. Courville and
               Yoshua Bengio},
  title     = {Generative Adversarial Networks},
  journal   = {CoRR},
  volume    = {abs/1406.2661},
  year      = {2014},
}

@inproceedings{glue,
  author    = {Alex Wang and
               Amanpreet Singh and
               Julian Michael and
               Felix Hill and
               Omer Levy and
               Samuel R. Bowman},
  title     = {{GLUE:} {A} Multi-Task Benchmark and Analysis Platform for Natural
               Language Understanding},
  booktitle = {ICLR 2019},
  publisher = {OpenReview.net},
  year      = {2019},
}


@inproceedings{macbert,
  author    = {Yiming Cui and
               Wanxiang Che and
               Ting Liu and
               Bing Qin and
               Shijin Wang and
               Guoping Hu},
  title     = {Revisiting Pre-Trained Models for Chinese Natural Language Processing},
  booktitle = {EMNLP 2020},
  pages     = {657--668},
  year      = {2020},
}

@inproceedings{multi30k,
  author    = {Desmond Elliott and
               Stella Frank and
               Khalil Sima'an and
               Lucia Specia},
  title     = {Multi30K: Multilingual English-German Image Descriptions},
  booktitle = {VL@ACL 2016},
  year      = {2016},
}


@inproceedings{alm,
  author       = {Jian Yang and
                  Shuming Ma and
                  Dongdong Zhang and
                  Shuangzhi Wu and
                  Zhoujun Li and
                  Ming Zhou},
  title        = {Alternating Language Modeling for Cross-Lingual Pre-Training},
  booktitle    = {AAAI 2020},
  pages        = {9386--9393},
  year         = {2020},
}

@inproceedings{crop,
  author       = {Jian Yang and
                  Shaohan Huang and
                  Shuming Ma and
                  Yuwei Yin and
                  Li Dong and
                  Dongdong Zhang and
                  Hongcheng Guo and
                  Zhoujun Li and
                  Furu Wei},
  title        = {{CROP:} Zero-shot Cross-lingual Named Entity Recognition with Multilingual
                  Labeled Sequence Translation},
  booktitle    = {Findings of EMNLP 2022},
  pages        = {486--496},
  year         = {2022},
}


@article{kojima2022large,
  title={Large language models are zero-shot reasoners},
  author={Kojima, Takeshi and Gu, Shixiang Shane and Reid, Machel and Matsuo, Yutaka and Iwasawa, Yusuke},
  journal={Advances in neural information processing systems},
  volume={35},
  pages={22199--22213},
  year={2022}
}

@article{wei2022chain,
  title={Chain-of-thought prompting elicits reasoning in large language models},
  author={Wei, Jason and Wang, Xuezhi and Schuurmans, Dale and Bosma, Maarten and Xia, Fei and Chi, Ed and Le, Quoc V and Zhou, Denny and others},
  journal={Advances in Neural Information Processing Systems},
  volume={35},
  pages={24824--24837},
  year={2022}
}

@article{ho2022large,
  title={Large language models are reasoning teachers},
  author={Ho, Namgyu and Schmid, Laura and Yun, Se-Young},
  journal={arXiv preprint arXiv:2212.10071},
  year={2022}
}

@article{
wei2022emergent,
title={Emergent Abilities of Large Language Models},
author={Jason Wei and Yi Tay and Rishi Bommasani and Colin Raffel and Barret Zoph and Sebastian Borgeaud and Dani Yogatama and Maarten Bosma and Denny Zhou and Donald Metzler and Ed H. Chi and Tatsunori Hashimoto and Oriol Vinyals and Percy Liang and Jeff Dean and William Fedus},
journal={Transactions on Machine Learning Research},
issn={2835-8856},
year={2022},
url={https://openreview.net/forum?id=yzkSU5zdwD},
note={Survey Certification}
}

@inproceedings{zhu-etal-2023-solving,
    title = "Solving Math Word Problems via Cooperative Reasoning induced Language Models",
    author = "Zhu, Xinyu  and
      Wang, Junjie  and
      Zhang, Lin  and
      Zhang, Yuxiang  and
      Huang, Yongfeng  and
      Gan, Ruyi  and
      Zhang, Jiaxing  and
      Yang, Yujiu",
    booktitle = "Proceedings of the 61st Annual Meeting of the Association for Computational Linguistics (Volume 1: Long Papers)",
    month = jul,
    year = "2023",
    address = "Toronto, Canada",
    publisher = "Association for Computational Linguistics",
    url = "https://aclanthology.org/2023.acl-long.245",
    doi = "10.18653/v1/2023.acl-long.245",
    pages = "4471--4485",
}

@article{touvron2023llama,
  title={Llama 2: Open foundation and fine-tuned chat models},
  author={Touvron, Hugo and Martin, Louis and Stone, Kevin and Albert, Peter and Almahairi, Amjad and Babaei, Yasmine and Bashlykov, Nikolay and Batra, Soumya and Bhargava, Prajjwal and Bhosale, Shruti and others},
  journal={arXiv preprint arXiv:2307.09288},
  year={2023}
}
@inproceedings{yang-etal-2023-ganlm,
    title = "{G}an{LM}: Encoder-Decoder Pre-training with an Auxiliary Discriminator",
    author = "Yang, Jian  and
      Ma, Shuming  and
      Dong, Li  and
      Huang, Shaohan  and
      Huang, Haoyang  and
      Yin, Yuwei  and
      Zhang, Dongdong  and
      Yang, Liqun  and
      Wei, Furu  and
      Li, Zhoujun",
    booktitle = "Proceedings of the 61st Annual Meeting of the Association for Computational Linguistics (Volume 1: Long Papers)",
    month = jul,
    year = "2023",
    address = "Toronto, Canada",
    publisher = "Association for Computational Linguistics",
    url = "https://aclanthology.org/2023.acl-long.522",
    doi = "10.18653/v1/2023.acl-long.522",
    pages = "9394--9412",
  
}

@article{scao2022bloom,
  title={Bloom: A 176b-parameter open-access multilingual language model},
  author={Scao, Teven Le and Fan, Angela and Akiki, Christopher and Pavlick, Ellie and Ili{\'c}, Suzana and Hesslow, Daniel and Castagn{\'e}, Roman and Luccioni, Alexandra Sasha and Yvon, Fran{\c{c}}ois and Gall{\'e}, Matthias and others},
  journal={arXiv preprint arXiv:2211.05100},
  year={2022}
}

@article{muennighoff2022crosslingual,
  title={Crosslingual generalization through multitask finetuning},
  author={Muennighoff, Niklas and Wang, Thomas and Sutawika, Lintang and Roberts, Adam and Biderman, Stella and Scao, Teven Le and Bari, M Saiful and Shen, Sheng and Yong, Zheng-Xin and Schoelkopf, Hailey and others},
  journal={arXiv preprint arXiv:2211.01786},
  year={2022}
}


@inproceedings{cross_sum,
  author       = {Abhik Bhattacharjee and
                  Tahmid Hasan and
                  Wasi Uddin Ahmad and
                  Yuan{-}Fang Li and
                  Yong{-}Bin Kang and
                  Rifat Shahriyar},
  editor       = {Anna Rogers and
                  Jordan L. Boyd{-}Graber and
                  Naoaki Okazaki},
  title        = {CrossSum: Beyond English-Centric Cross-Lingual Summarization for 1,
                  500+ Language Pairs},
  booktitle    = {Proceedings of the 61st Annual Meeting of the Association for Computational
                  Linguistics (Volume 1: Long Papers), {ACL} 2023, Toronto, Canada,
                  July 9-14, 2023},
  pages        = {2541--2564},
  publisher    = {Association for Computational Linguistics},
  year         = {2023},
  url          = {https://aclanthology.org/2023.acl-long.143},
  timestamp    = {Thu, 13 Jul 2023 16:47:40 +0200},
  biburl       = {https://dblp.org/rec/conf/acl/BhattacharjeeHA23.bib},
  bibsource    = {dblp computer science bibliography, https://dblp.org}
}

@inproceedings{wu2020Unitrans,
  author       = {Qianhui Wu and
                  Zijia Lin and
                  B{\"{o}}rje F. Karlsson and
                  Biqing Huang and
                  Jianguang Lou},
  editor       = {Christian Bessiere},
  title        = {UniTrans : Unifying Model Transfer and Data Transfer for Cross-Lingual
                  Named Entity Recognition with Unlabeled Data},
  booktitle    = {Proceedings of the Twenty-Ninth International Joint Conference on
                  Artificial Intelligence, {IJCAI} 2020},
  pages        = {3926--3932},
  publisher    = {ijcai.org},
  year         = {2020},
  url          = {https://doi.org/10.24963/ijcai.2020/543},
  doi          = {10.24963/ijcai.2020/543},
  timestamp    = {Mon, 20 Jul 2020 12:38:52 +0200},
  biburl       = {https://dblp.org/rec/conf/ijcai/WuLKHL20.bib},
  bibsource    = {dblp computer science bibliography, https://dblp.org}
}


@inproceedings{cluster_mnmt,
  author       = {Xu Tan and
                  Jiale Chen and
                  Di He and
                  Yingce Xia and
                  Tao Qin and
                  Tie{-}Yan Liu},
  editor       = {Kentaro Inui and
                  Jing Jiang and
                  Vincent Ng and
                  Xiaojun Wan},
  title        = {Multilingual Neural Machine Translation with Language Clustering},
  booktitle    = {Proceedings of the 2019 Conference on Empirical Methods in Natural
                  Language Processing and the 9th International Joint Conference on
                  Natural Language Processing, {EMNLP-IJCNLP} 2019, Hong Kong, China,
                  November 3-7, 2019},
  pages        = {963--973},
  publisher    = {Association for Computational Linguistics},
  year         = {2019},
  url          = {https://doi.org/10.18653/v1/D19-1089},
  doi          = {10.18653/v1/D19-1089},
  timestamp    = {Thu, 07 Apr 2022 09:14:07 +0200},
  biburl       = {https://dblp.org/rec/conf/emnlp/TanCHXQL19.bib},
  bibsource    = {dblp computer science bibliography, https://dblp.org}
}

@inproceedings{con_ner,
  author       = {Ran Zhou and
                  Xin Li and
                  Lidong Bing and
                  Erik Cambria and
                  Luo Si and
                  Chunyan Miao},
  editor       = {Yoav Goldberg and
                  Zornitsa Kozareva and
                  Yue Zhang},
  title        = {ConNER: Consistency Training for Cross-lingual Named Entity Recognition},
  booktitle    = {Proceedings of the 2022 Conference on Empirical Methods in Natural
                  Language Processing, {EMNLP} 2022, Abu Dhabi, United Arab Emirates,
                  December 7-11, 2022},
  pages        = {8438--8449},
  publisher    = {Association for Computational Linguistics},
  year         = {2022},
  url          = {https://aclanthology.org/2022.emnlp-main.577},
  timestamp    = {Wed, 22 Mar 2023 16:00:41 +0100},
  biburl       = {https://dblp.org/rec/conf/emnlp/ZhouLBCSM22.bib},
  bibsource    = {dblp computer science bibliography, https://dblp.org}
}


@inproceedings{svamp,
  author       = {Arkil Patel and
                  Satwik Bhattamishra and
                  Navin Goyal},
  editor       = {Kristina Toutanova and
                  Anna Rumshisky and
                  Luke Zettlemoyer and
                  Dilek Hakkani{-}T{\"{u}}r and
                  Iz Beltagy and
                  Steven Bethard and
                  Ryan Cotterell and
                  Tanmoy Chakraborty and
                  Yichao Zhou},
  title        = {Are {NLP} Models really able to Solve Simple Math Word Problems?},
  booktitle    = {Proceedings of the 2021 Conference of the North American Chapter of
                  the Association for Computational Linguistics: Human Language Technologies,
                  {NAACL-HLT} 2021, Online, June 6-11, 2021},
  pages        = {2080--2094},
  publisher    = {Association for Computational Linguistics},
  year         = {2021},
  url          = {https://doi.org/10.18653/v1/2021.naacl-main.168},
  doi          = {10.18653/V1/2021.NAACL-MAIN.168},
  timestamp    = {Fri, 06 Aug 2021 00:41:31 +0200},
  biburl       = {https://dblp.org/rec/conf/naacl/PatelBG21.bib},
  bibsource    = {dblp computer science bibliography, https://dblp.org}
}

@article{chat_unitest,
  author       = {Zhuokui Xie and
                  Yinghao Chen and
                  Chen Zhi and
                  Shuiguang Deng and
                  Jianwei Yin},
  title        = {ChatUniTest: a ChatGPT-based automated unit test generation tool},
  journal      = {CoRR},
  volume       = {abs/2305.04764},
  year         = {2023},
  url          = {https://doi.org/10.48550/arXiv.2305.04764},
  doi          = {10.48550/ARXIV.2305.04764},
  eprinttype    = {arXiv},
  eprint       = {2305.04764},
  timestamp    = {Fri, 12 May 2023 16:06:58 +0200},
  biburl       = {https://dblp.org/rec/journals/corr/abs-2305-04764.bib},
  bibsource    = {dblp computer science bibliography, https://dblp.org}
}

@article{code_llama,
  author       = {Baptiste Rozi{\`{e}}re and
                  Jonas Gehring and
                  Fabian Gloeckle and
                  Sten Sootla and
                  Itai Gat and
                  Xiaoqing Ellen Tan and
                  Yossi Adi and
                  Jingyu Liu and
                  Tal Remez and
                  J{\'{e}}r{\'{e}}my Rapin and
                  Artyom Kozhevnikov and
                  Ivan Evtimov and
                  Joanna Bitton and
                  Manish Bhatt and
                  Cristian Canton{-}Ferrer and
                  Aaron Grattafiori and
                  Wenhan Xiong and
                  Alexandre D{\'{e}}fossez and
                  Jade Copet and
                  Faisal Azhar and
                  Hugo Touvron and
                  Louis Martin and
                  Nicolas Usunier and
                  Thomas Scialom and
                  Gabriel Synnaeve},
  title        = {Code Llama: Open Foundation Models for Code},
  journal      = {CoRR},
  volume       = {abs/2308.12950},
  year         = {2023},
  url          = {https://doi.org/10.48550/arXiv.2308.12950},
  doi          = {10.48550/ARXIV.2308.12950},
  eprinttype    = {arXiv},
  eprint       = {2308.12950},
  timestamp    = {Wed, 30 Aug 2023 17:27:54 +0200},
  biburl       = {https://dblp.org/rec/journals/corr/abs-2308-12950.bib},
  bibsource    = {dblp computer science bibliography, https://dblp.org}
}

@article{chen2023breaking,
  title={Breaking language barriers in multilingual mathematical reasoning: Insights and observations},
  author={Chen, Nuo and Zheng, Zinan and Wu, Ning and Shou, Linjun and Gong, Ming and Song, Yangqiu and Zhang, Dongmei and Li, Jia},
  journal={arXiv preprint arXiv:2310.20246},
  year={2023}
}
@article{yuan2023scaling,
  title={Scaling relationship on learning mathematical reasoning with large language models},
  author={Yuan, Zheng and Yuan, Hongyi and Li, Chengpeng and Dong, Guanting and Tan, Chuanqi and Zhou, Chang},
  journal={arXiv preprint arXiv:2308.01825},
  year={2023}
}

@article{yue2023mammoth,
  title={Mammoth: Building math generalist models through hybrid instruction tuning},
  author={Yue, Xiang and Qu, Xingwei and Zhang, Ge and Fu, Yao and Huang, Wenhao and Sun, Huan and Su, Yu and Chen, Wenhu},
  journal={arXiv preprint arXiv:2309.05653},
  year={2023}
}

@article{luo2023wizardmath,
  title={Wizardmath: Empowering mathematical reasoning for large language models via reinforced evol-instruct},
  author={Luo, Haipeng and Sun, Qingfeng and Xu, Can and Zhao, Pu and Lou, Jianguang and Tao, Chongyang and Geng, Xiubo and Lin, Qingwei and Chen, Shifeng and Zhang, Dongmei},
  journal={arXiv preprint arXiv:2308.09583},
  year={2023}
}

@article{llama_adapter,
  author       = {Renrui Zhang and
                  Jiaming Han and
                  Aojun Zhou and
                  Xiangfei Hu and
                  Shilin Yan and
                  Pan Lu and
                  Hongsheng Li and
                  Peng Gao and
                  Yu Qiao},
  title        = {LLaMA-Adapter: Efficient Fine-tuning of Language Models with Zero-init
                  Attention},
  journal      = {CoRR},
  volume       = {abs/2303.16199},
  year         = {2023},
  url          = {https://doi.org/10.48550/arXiv.2303.16199},
  doi          = {10.48550/ARXIV.2303.16199},
  eprinttype    = {arXiv},
  eprint       = {2303.16199},
  timestamp    = {Fri, 30 Jun 2023 12:49:01 +0200},
  biburl       = {https://dblp.org/rec/journals/corr/abs-2303-16199.bib},
  bibsource    = {dblp computer science bibliography, https://dblp.org}
}

@inproceedings{self_instructions,
  author       = {Yizhong Wang and
                  Yeganeh Kordi and
                  Swaroop Mishra and
                  Alisa Liu and
                  Noah A. Smith and
                  Daniel Khashabi and
                  Hannaneh Hajishirzi},
  editor       = {Anna Rogers and
                  Jordan L. Boyd{-}Graber and
                  Naoaki Okazaki},
  title        = {Self-Instruct: Aligning Language Models with Self-Generated Instructions},
  booktitle    = {Proceedings of the 61st Annual Meeting of the Association for Computational
                  Linguistics (Volume 1: Long Papers), {ACL} 2023, Toronto, Canada,
                  July 9-14, 2023},
  pages        = {13484--13508},
  publisher    = {Association for Computational Linguistics},
  year         = {2023},
  url          = {https://doi.org/10.18653/v1/2023.acl-long.754},
  doi          = {10.18653/V1/2023.ACL-LONG.754},
  timestamp    = {Thu, 10 Aug 2023 12:35:44 +0200},
  biburl       = {https://dblp.org/rec/conf/acl/WangKMLSKH23.bib},
  bibsource    = {dblp computer science bibliography, https://dblp.org}
}

@article{codearena,
  title={Evaluating and Aligning CodeLLMs on Human Preference},
  author={Yang, Jian and Yang, Jiaxi and Jin, Ke and Miao, Yibo and Zhang, Lei and Yang, Liqun and Cui, Zeyu and Zhang, Yichang and Hui, Binyuan and Lin, Junyang},
  journal={arXiv preprint arXiv:2412.05210},
  year={2024}
}


@misc{codealpaca,
  author = {Sahil Chaudhary},
  title = {Code Alpaca: An Instruction-following LLaMA model for code generation},
  year = {2023},
  publisher = {GitHub},
  journal = {GitHub repository},
  howpublished = {\url{https://github.com/sahil280114/codealpaca}},
}

@article{DBLP:journals/corr/abs-2107-03374,
  author       = {Mark Chen and
                  Jerry Tworek and
                  Heewoo Jun and
                  Qiming Yuan and
                  Henrique Pond{\'{e}} de Oliveira Pinto and
                  Jared Kaplan and
                  Harrison Edwards and
                  Yuri Burda and
                  Nicholas Joseph and
                  Greg Brockman and
                  Alex Ray and
                  Raul Puri and
                  Gretchen Krueger and
                  Michael Petrov and
                  Heidy Khlaaf and
                  Girish Sastry and
                  Pamela Mishkin and
                  Brooke Chan and
                  Scott Gray and
                  Nick Ryder and
                  Mikhail Pavlov and
                  Alethea Power and
                  Lukasz Kaiser and
                  Mohammad Bavarian and
                  Clemens Winter and
                  Philippe Tillet and
                  Felipe Petroski Such and
                  Dave Cummings and
                  Matthias Plappert and
                  Fotios Chantzis and
                  Elizabeth Barnes and
                  Ariel Herbert{-}Voss and
                  William Hebgen Guss and
                  Alex Nichol and
                  Alex Paino and
                  Nikolas Tezak and
                  Jie Tang and
                  Igor Babuschkin and
                  Suchir Balaji and
                  Shantanu Jain and
                  William Saunders and
                  Christopher Hesse and
                  Andrew N. Carr and
                  Jan Leike and
                  Joshua Achiam and
                  Vedant Misra and
                  Evan Morikawa and
                  Alec Radford and
                  Matthew Knight and
                  Miles Brundage and
                  Mira Murati and
                  Katie Mayer and
                  Peter Welinder and
                  Bob McGrew and
                  Dario Amodei and
                  Sam McCandlish and
                  Ilya Sutskever and
                  Wojciech Zaremba},
  title        = {Evaluating Large Language Models Trained on Code},
  journal      = {CoRR},
  volume       = {abs/2107.03374},
  year         = {2021},
  url          = {https://arxiv.org/abs/2107.03374},
  eprinttype    = {arXiv},
  eprint       = {2107.03374},
  timestamp    = {Thu, 25 May 2023 10:38:31 +0200},
  biburl       = {https://dblp.org/rec/journals/corr/abs-2107-03374.bib},
  bibsource    = {dblp computer science bibliography, https://dblp.org}
}

@article{mbpp,
  author       = {Jacob Austin and
                  Augustus Odena and
                  Maxwell I. Nye and
                  Maarten Bosma and
                  Henryk Michalewski and
                  David Dohan and
                  Ellen Jiang and
                  Carrie J. Cai and
                  Michael Terry and
                  Quoc V. Le and
                  Charles Sutton},
  title        = {Program Synthesis with Large Language Models},
  journal      = {CoRR},
  volume       = {abs/2108.07732},
  year         = {2021},
  url          = {https://arxiv.org/abs/2108.07732},
  eprinttype    = {arXiv},
  eprint       = {2108.07732},
  timestamp    = {Fri, 29 Apr 2022 17:42:58 +0200},
  biburl       = {https://dblp.org/rec/journals/corr/abs-2108-07732.bib},
  bibsource    = {dblp computer science bibliography, https://dblp.org}
}

@article{phi_1.5,
  author       = {Yuanzhi Li and
                  S{\'{e}}bastien Bubeck and
                  Ronen Eldan and
                  Allie Del Giorno and
                  Suriya Gunasekar and
                  Yin Tat Lee},
  title        = {Textbooks Are All You Need {II:} phi-1.5 technical report},
  journal      = {CoRR},
  volume       = {abs/2309.05463},
  year         = {2023},
  url          = {https://doi.org/10.48550/arXiv.2309.05463},
  doi          = {10.48550/ARXIV.2309.05463},
  eprinttype    = {arXiv},
  eprint       = {2309.05463},
  timestamp    = {Fri, 15 Sep 2023 12:26:52 +0200},
  biburl       = {https://dblp.org/rec/journals/corr/abs-2309-05463.bib},
  bibsource    = {dblp computer science bibliography, https://dblp.org}
}

@article{phi_1,
  author       = {Suriya Gunasekar and
                  Yi Zhang and
                  Jyoti Aneja and
                  Caio C{\'{e}}sar Teodoro Mendes and
                  Allie Del Giorno and
                  Sivakanth Gopi and
                  Mojan Javaheripi and
                  Piero Kauffmann and
                  Gustavo de Rosa and
                  Olli Saarikivi and
                  Adil Salim and
                  Shital Shah and
                  Harkirat Singh Behl and
                  Xin Wang and
                  S{\'{e}}bastien Bubeck and
                  Ronen Eldan and
                  Adam Tauman Kalai and
                  Yin Tat Lee and
                  Yuanzhi Li},
  title        = {Textbooks Are All You Need},
  journal      = {CoRR},
  volume       = {abs/2306.11644},
  year         = {2023},
  url          = {https://doi.org/10.48550/arXiv.2306.11644},
  doi          = {10.48550/ARXIV.2306.11644},
  eprinttype    = {arXiv},
  eprint       = {2306.11644},
  timestamp    = {Mon, 28 Aug 2023 21:26:20 +0200},
  biburl       = {https://dblp.org/rec/journals/corr/abs-2306-11644.bib},
  bibsource    = {dblp computer science bibliography, https://dblp.org}
}

@inproceedings{codegen,
  author       = {Erik Nijkamp and
                  Bo Pang and
                  Hiroaki Hayashi and
                  Lifu Tu and
                  Huan Wang and
                  Yingbo Zhou and
                  Silvio Savarese and
                  Caiming Xiong},
  title        = {CodeGen: An Open Large Language Model for Code with Multi-Turn Program
                  Synthesis},
  booktitle    = {The Eleventh International Conference on Learning Representations,
                  {ICLR} 2023, Kigali, Rwanda, May 1-5, 2023},
  publisher    = {OpenReview.net},
  year         = {2023},
  url          = {https://openreview.net/pdf?id=iaYcJKpY2B\_},
  timestamp    = {Fri, 30 Jun 2023 14:55:53 +0200},
  biburl       = {https://dblp.org/rec/conf/iclr/NijkampPHTWZSX23.bib},
  bibsource    = {dblp computer science bibliography, https://dblp.org}
}

@article{owl,
  author       = {Hongcheng Guo and
                  Jian Yang and
                  Jiaheng Liu and
                  Liqun Yang and
                  Linzheng Chai and
                  Jiaqi Bai and
                  Junran Peng and
                  Xiaorong Hu and
                  Chao Chen and
                  Dongfeng Zhang and
                  Xu Shi and
                  Tieqiao Zheng and
                  Liangfan Zheng and
                  Bo Zhang and
                  Ke Xu and
                  Zhoujun Li},
  title        = {{OWL:} {A} Large Language Model for {IT} Operations},
  journal      = {CoRR},
  volume       = {abs/2309.09298},
  year         = {2023},
  url          = {https://doi.org/10.48550/arXiv.2309.09298},
  doi          = {10.48550/ARXIV.2309.09298},
  eprinttype    = {arXiv},
  eprint       = {2309.09298},
  timestamp    = {Fri, 22 Sep 2023 12:57:22 +0200},
  biburl       = {https://dblp.org/rec/journals/corr/abs-2309-09298.bib},
  bibsource    = {dblp computer science bibliography, https://dblp.org}
}

@misc{guo2024deepseekcoder,
      title={DeepSeek-Coder: When the Large Language Model Meets Programming -- The Rise of Code Intelligence}, 
      author={Daya Guo and Qihao Zhu and Dejian Yang and Zhenda Xie and Kai Dong and Wentao Zhang and Guanting Chen and Xiao Bi and Y. Wu and Y. K. Li and Fuli Luo and Yingfei Xiong and Wenfeng Liang},
      year={2024},
      eprint={2401.14196},
      archivePrefix={arXiv},
      primaryClass={cs.SE}
}

@article{wavecoder,
  author       = {Zhaojian Yu and
                  Xin Zhang and
                  Ning Shang and
                  Yangyu Huang and
                  Can Xu and
                  Yishujie Zhao and
                  Wenxiang Hu and
                  Qiufeng Yin},
  title        = {WaveCoder: Widespread And Versatile Enhanced Instruction Tuning with
                  Refined Data Generation},
  journal      = {CoRR},
  volume       = {abs/2312.14187},
  year         = {2023},
  url          = {https://doi.org/10.48550/arXiv.2312.14187},
  doi          = {10.48550/ARXIV.2312.14187},
  eprinttype    = {arXiv},
  eprint       = {2312.14187},
  timestamp    = {Wed, 17 Jan 2024 17:14:38 +0100},
  biburl       = {https://dblp.org/rec/journals/corr/abs-2312-14187.bib},
  bibsource    = {dblp computer science bibliography, https://dblp.org}
}

@article{Tunstall2023starchat-alpha,
  author = {Tunstall, Lewis and Lambert, Nathan and Rajani, Nazneen and Beeching, Edward and Le Scao, Teven and von Werra, Leandro and Han, Sheon and Schmid, Philipp and Rush, Alexander},
  title = {Creating a Coding Assistant with StarCoder},
  journal = {Hugging Face Blog},
  year = {2023},
  note = {https://huggingface.co/blog/starchat-alpha},
}

@article{autonomous_agents_survey,
  author       = {Lei Wang and
                  Chen Ma and
                  Xueyang Feng and
                  Zeyu Zhang and
                  Hao Yang and
                  Jingsen Zhang and
                  Zhiyuan Chen and
                  Jiakai Tang and
                  Xu Chen and
                  Yankai Lin and
                  Wayne Xin Zhao and
                  Zhewei Wei and
                  Ji{-}Rong Wen},
  title        = {A Survey on Large Language Model based Autonomous Agents},
  journal      = {CoRR},
  volume       = {abs/2308.11432},
  year         = {2023},
  url          = {https://doi.org/10.48550/arXiv.2308.11432},
  doi          = {10.48550/ARXIV.2308.11432},
  eprinttype    = {arXiv},
  eprint       = {2308.11432},
  timestamp    = {Mon, 18 Sep 2023 11:09:28 +0200},
  biburl       = {https://dblp.org/rec/journals/corr/abs-2308-11432.bib},
  bibsource    = {dblp computer science bibliography, https://dblp.org}
}

@article{starchat-alpha,
  author = {Tunstall, Lewis and Lambert, Nathan and Rajani, Nazneen and Beeching, Edward and Le Scao, Teven and von Werra, Leandro and Han, Sheon and Schmid, Philipp and Rush, Alexander},
  title = {Creating a Coding Assistant with StarCoder},
  journal = {Hugging Face Blog},
  year = {2023},
  note = {https://huggingface.co/blog/starchat-alpha},
  url = {https://huggingface.co/blog/starchat-alpha},
}

@article{codegeex,
  author       = {Qinkai Zheng and
                  Xiao Xia and
                  Xu Zou and
                  Yuxiao Dong and
                  Shan Wang and
                  Yufei Xue and
                  Zihan Wang and
                  Lei Shen and
                  Andi Wang and
                  Yang Li and
                  Teng Su and
                  Zhilin Yang and
                  Jie Tang},
  title        = {CodeGeeX: {A} Pre-Trained Model for Code Generation with Multilingual
                  Evaluations on HumanEval-X},
  journal      = {arXiv preprint arXiv:2303.17568},
  volume       = {abs/2303.17568},
  year         = {2023},
  url          = {https://doi.org/10.48550/arXiv.2303.17568},
  doi          = {10.48550/ARXIV.2303.17568},
  eprinttype    = {arXiv},
  eprint       = {2303.17568},
}

@article{multi_agents_survey,
  author       = {Taicheng Guo and
                  Xiuying Chen and
                  Yaqi Wang and
                  Ruidi Chang and
                  Shichao Pei and
                  Nitesh V. Chawla and
                  Olaf Wiest and
                  Xiangliang Zhang},
  title        = {Large Language Model based Multi-Agents: {A} Survey of Progress and
                  Challenges},
  journal      = {CoRR},
  volume       = {abs/2402.01680},
  year         = {2024},
  url          = {https://doi.org/10.48550/arXiv.2402.01680},
  doi          = {10.48550/ARXIV.2402.01680},
  eprinttype    = {arXiv},
  eprint       = {2402.01680},
  timestamp    = {Fri, 09 Feb 2024 12:18:48 +0100},
  biburl       = {https://dblp.org/rec/journals/corr/abs-2402-01680.bib},
  bibsource    = {dblp computer science bibliography, https://dblp.org}
}


@inproceedings{codet5plus,
  author       = {Yue Wang and
                  Hung Le and
                  Akhilesh Gotmare and
                  Nghi D. Q. Bui and
                  Junnan Li and
                  Steven C. H. Hoi},
  editor       = {Houda Bouamor and
                  Juan Pino and
                  Kalika Bali},
  title        = {CodeT5+: Open Code Large Language Models for Code Understanding and
                  Generation},
  booktitle    = {Proceedings of the 2023 Conference on Empirical Methods in Natural
                  Language Processing, {EMNLP} 2023, Singapore, December 6-10, 2023},
  pages        = {1069--1088},
  publisher    = {Association for Computational Linguistics},
  year         = {2023},
  url          = {https://aclanthology.org/2023.emnlp-main.68},
  timestamp    = {Wed, 13 Dec 2023 17:20:20 +0100},
  biburl       = {https://dblp.org/rec/conf/emnlp/WangLGB0H23.bib},
  bibsource    = {dblp computer science bibliography, https://dblp.org}
}
@article{octopack,
  author       = {Niklas Muennighoff and
                  Qian Liu and
                  Armel Zebaze and
                  Qinkai Zheng and
                  Binyuan Hui and
                  Terry Yue Zhuo and
                  Swayam Singh and
                  Xiangru Tang and
                  Leandro von Werra and
                  Shayne Longpre},
  title        = {{OctoPack}: Instruction Tuning Code Large Language Models},
  journal      = {CoRR},
  volume       = {abs/2308.07124},
  year         = {2023},
}

@article{humaneval,
  author       = {Mark Chen and
                  Jerry Tworek and
                  Heewoo Jun and
                  Qiming Yuan and
                  Henrique Pond{\'{e}} de Oliveira Pinto and
                  Jared Kaplan and
                  Harrison Edwards and
                  Yuri Burda and
                  Nicholas Joseph and
                  Greg Brockman and
                  Alex Ray and
                  Raul Puri and
                  Gretchen Krueger and
                  Michael Petrov and
                  Heidy Khlaaf and
                  Girish Sastry and
                  Pamela Mishkin and
                  Brooke Chan and
                  Scott Gray and
                  Nick Ryder and
                  Mikhail Pavlov and
                  Alethea Power and
                  Lukasz Kaiser and
                  Mohammad Bavarian and
                  Clemens Winter and
                  Philippe Tillet and
                  Felipe Petroski Such and
                  Dave Cummings and
                  Matthias Plappert and
                  Fotios Chantzis and
                  Elizabeth Barnes and
                  Ariel Herbert{-}Voss and
                  William Hebgen Guss and
                  Alex Nichol and
                  Alex Paino and
                  Nikolas Tezak and
                  Jie Tang and
                  Igor Babuschkin and
                  Suchir Balaji and
                  Shantanu Jain and
                  William Saunders and
                  Christopher Hesse and
                  Andrew N. Carr and
                  Jan Leike and
                  Joshua Achiam and
                  Vedant Misra and
                  Evan Morikawa and
                  Alec Radford and
                  Matthew Knight and
                  Miles Brundage and
                  Mira Murati and
                  Katie Mayer and
                  Peter Welinder and
                  Bob McGrew and
                  Dario Amodei and
                  Sam McCandlish and
                  Ilya Sutskever and
                  Wojciech Zaremba},
  title        = {Evaluating Large Language Models Trained on Code},
  volume       = {abs/2107.03374},
  year         = {2021},
}
