@inproceedings{CodeBERT,
  author       = {Zhangyin Feng and
                  Daya Guo and
                  Duyu Tang and
                  Nan Duan and
                  Xiaocheng Feng and
                  Ming Gong and
                  Linjun Shou and
                  Bing Qin and
                  Ting Liu and
                  Daxin Jiang and
                  Ming Zhou},
  editor       = {Trevor Cohn and
                  Yulan He and
                  Yang Liu},
  title        = {CodeBERT: {A} Pre-Trained Model for Programming and Natural Languages},
  booktitle    = {Findings of the Association for Computational Linguistics: {EMNLP}
                  2020, Online Event, 16-20 November 2020},
  series       = {Findings of {ACL}},
  volume       = {{EMNLP} 2020},
  pages        = {1536--1547},
  publisher    = {Association for Computational Linguistics},
  year         = {2020},
  url          = {https://doi.org/10.18653/v1/2020.findings-emnlp.139},
  doi          = {10.18653/V1/2020.FINDINGS-EMNLP.139},
  timestamp    = {Wed, 23 Mar 2022 10:11:55 +0100},
  biburl       = {https://dblp.org/rec/conf/emnlp/FengGTDFGS0LJZ20.bib},
  bibsource    = {dblp computer science bibliography, https://dblp.org}
}

@inproceedings{CodeT5,
  author       = {Yue Wang and
                  Weishi Wang and
                  Shafiq R. Joty and
                  Steven C. H. Hoi},
  editor       = {Marie{-}Francine Moens and
                  Xuanjing Huang and
                  Lucia Specia and
                  Scott Wen{-}tau Yih},
  title        = {CodeT5: Identifier-aware Unified Pre-trained Encoder-Decoder Models
                  for Code Understanding and Generation},
  booktitle    = {Proceedings of the 2021 Conference on Empirical Methods in Natural
                  Language Processing, {EMNLP} 2021, Virtual Event / Punta Cana, Dominican
                  Republic, 7-11 November, 2021},
  pages        = {8696--8708},
  publisher    = {Association for Computational Linguistics},
  year         = {2021},
  url          = {https://doi.org/10.18653/v1/2021.emnlp-main.685},
  doi          = {10.18653/V1/2021.EMNLP-MAIN.685},
  timestamp    = {Sat, 30 Sep 2023 09:40:14 +0200},
  biburl       = {https://dblp.org/rec/conf/emnlp/0034WJH21.bib},
  bibsource    = {dblp computer science bibliography, https://dblp.org}
}

@inproceedings{CodeTransOcean,
  author       = {Weixiang Yan and
                  Yuchen Tian and
                  Yunzhe Li and
                  Qian Chen and
                  Wen Wang},
  editor       = {Houda Bouamor and
                  Juan Pino and
                  Kalika Bali},
  title        = {CodeTransOcean: {A} Comprehensive Multilingual Benchmark for Code
                  Translation},
  booktitle    = {Findings of the Association for Computational Linguistics: {EMNLP}
                  2023, Singapore, December 6-10, 2023},
  pages        = {5067--5089},
  publisher    = {Association for Computational Linguistics},
  year         = {2023},
  url          = {https://aclanthology.org/2023.findings-emnlp.337},
  timestamp    = {Wed, 13 Dec 2023 17:20:20 +0100},
  biburl       = {https://dblp.org/rec/conf/emnlp/YanTLCW23.bib},
  bibsource    = {dblp computer science bibliography, https://dblp.org}
}

@inproceedings{CodeXGLUE,
  author       = {Shuai Lu and
                  Daya Guo and
                  Shuo Ren and
                  Junjie Huang and
                  Alexey Svyatkovskiy and
                  Ambrosio Blanco and
                  Colin B. Clement and
                  Dawn Drain and
                  Daxin Jiang and
                  Duyu Tang and
                  Ge Li and
                  Lidong Zhou and
                  Linjun Shou and
                  Long Zhou and
                  Michele Tufano and
                  Ming Gong and
                  Ming Zhou and
                  Nan Duan and
                  Neel Sundaresan and
                  Shao Kun Deng and
                  Shengyu Fu and
                  Shujie Liu},
  editor       = {Joaquin Vanschoren and
                  Sai{-}Kit Yeung},
  title        = {CodeXGLUE: {A} Machine Learning Benchmark Dataset for Code Understanding
                  and Generation},
  booktitle    = {Proceedings of the Neural Information Processing Systems Track on
                  Datasets and Benchmarks 1, NeurIPS Datasets and Benchmarks 2021, December
                  2021, virtual},
  year         = {2021},
  url          = {https://datasets-benchmarks-proceedings.neurips.cc/paper/2021/hash/c16a5320fa475530d9583c34fd356ef5-Abstract-round1.html},
  timestamp    = {Wed, 06 Jul 2022 08:37:30 +0200},
  biburl       = {https://dblp.org/rec/conf/nips/LuGRHSBCDJTLZSZ21.bib},
  bibsource    = {dblp computer science bibliography, https://dblp.org}
}

@article{autonomous_agents_survey,
  author       = {Lei Wang and
                  Chen Ma and
                  Xueyang Feng and
                  Zeyu Zhang and
                  Hao Yang and
                  Jingsen Zhang and
                  Zhiyuan Chen and
                  Jiakai Tang and
                  Xu Chen and
                  Yankai Lin and
                  Wayne Xin Zhao and
                  Zhewei Wei and
                  Ji{-}Rong Wen},
  title        = {A Survey on Large Language Model based Autonomous Agents},
  journal      = {CoRR},
  volume       = {abs/2308.11432},
  year         = {2023},
  url          = {https://doi.org/10.48550/arXiv.2308.11432},
  doi          = {10.48550/ARXIV.2308.11432},
  eprinttype    = {arXiv},
  eprint       = {2308.11432},
  timestamp    = {Mon, 18 Sep 2023 11:09:28 +0200},
  biburl       = {https://dblp.org/rec/journals/corr/abs-2308-11432.bib},
  bibsource    = {dblp computer science bibliography, https://dblp.org}
}

@article{bigcodebench,
  title={Bigcodebench: Benchmarking code generation with diverse function calls and complex instructions},
  author={Zhuo, Terry Yue and Vu, Minh Chien and Chim, Jenny and Hu, Han and Yu, Wenhao and Widyasari, Ratnadira and Yusuf, Imam Nur Bani and Zhan, Haolan and He, Junda and Paul, Indraneil and others},
  journal={arXiv preprint arXiv:2406.15877},
  year={2024}
}

@article{chat_unitest,
  author       = {Zhuokui Xie and
                  Yinghao Chen and
                  Chen Zhi and
                  Shuiguang Deng and
                  Jianwei Yin},
  title        = {ChatUniTest: a ChatGPT-based automated unit test generation tool},
  journal      = {CoRR},
  volume       = {abs/2305.04764},
  year         = {2023},
  url          = {https://doi.org/10.48550/arXiv.2305.04764},
  doi          = {10.48550/ARXIV.2305.04764},
  eprinttype    = {arXiv},
  eprint       = {2305.04764},
  timestamp    = {Fri, 12 May 2023 16:06:58 +0200},
  biburl       = {https://dblp.org/rec/journals/corr/abs-2305-04764.bib},
  bibsource    = {dblp computer science bibliography, https://dblp.org}
}

@article{code_llama,
  author       = {Baptiste Rozi{\`{e}}re and
                  Jonas Gehring and
                  Fabian Gloeckle and
                  Sten Sootla and
                  Itai Gat and
                  Xiaoqing Ellen Tan and
                  Yossi Adi and
                  Jingyu Liu and
                  Tal Remez and
                  J{\'{e}}r{\'{e}}my Rapin and
                  Artyom Kozhevnikov and
                  Ivan Evtimov and
                  Joanna Bitton and
                  Manish Bhatt and
                  Cristian Canton{-}Ferrer and
                  Aaron Grattafiori and
                  Wenhan Xiong and
                  Alexandre D{\'{e}}fossez and
                  Jade Copet and
                  Faisal Azhar and
                  Hugo Touvron and
                  Louis Martin and
                  Nicolas Usunier and
                  Thomas Scialom and
                  Gabriel Synnaeve},
  title        = {Code Llama: Open Foundation Models for Code},
  journal      = {CoRR},
  volume       = {abs/2308.12950},
  year         = {2023},
  url          = {https://doi.org/10.48550/arXiv.2308.12950},
  doi          = {10.48550/ARXIV.2308.12950},
  eprinttype    = {arXiv},
  eprint       = {2308.12950},
  timestamp    = {Wed, 30 Aug 2023 17:27:54 +0200},
  biburl       = {https://dblp.org/rec/journals/corr/abs-2308-12950.bib},
  bibsource    = {dblp computer science bibliography, https://dblp.org}
}

@misc{codealpaca,
  author = {Sahil Chaudhary},
  title = {Code Alpaca: An Instruction-following LLaMA model for code generation},
  year = {2023},
  publisher = {GitHub},
  journal = {GitHub repository},
  howpublished = {\url{https://github.com/sahil280114/codealpaca}},
}

@article{codearena,
  title={Evaluating and Aligning CodeLLMs on Human Preference},
  author={Yang, Jian and Yang, Jiaxi and Jin, Ke and Miao, Yibo and Zhang, Lei and Yang, Liqun and Cui, Zeyu and Zhang, Yichang and Hui, Binyuan and Lin, Junyang},
  journal={arXiv preprint arXiv:2412.05210},
  year={2024}
}

@inproceedings{codegen,
  author       = {Erik Nijkamp and
                  Bo Pang and
                  Hiroaki Hayashi and
                  Lifu Tu and
                  Huan Wang and
                  Yingbo Zhou and
                  Silvio Savarese and
                  Caiming Xiong},
  title        = {CodeGen: An Open Large Language Model for Code with Multi-Turn Program
                  Synthesis},
  booktitle    = {The Eleventh International Conference on Learning Representations,
                  {ICLR} 2023, Kigali, Rwanda, May 1-5, 2023},
  publisher    = {OpenReview.net},
  year         = {2023},
  url          = {https://openreview.net/pdf?id=iaYcJKpY2B\_},
  timestamp    = {Fri, 30 Jun 2023 14:55:53 +0200},
  biburl       = {https://dblp.org/rec/conf/iclr/NijkampPHTWZSX23.bib},
  bibsource    = {dblp computer science bibliography, https://dblp.org}
}

@article{execrepobench,
  title={ExecRepoBench: Multi-level Executable Code Completion Evaluation},
  author={Yang, Jian and Zhang, Jiajun and Yang, Jiaxi and Jin, Ke and Zhang, Lei and Peng, Qiyao and Deng, Ken and Miao, Yibo and Liu, Tianyu and Cui, Zeyu and others},
  journal={arXiv preprint arXiv:2412.11990},
  year={2024}
}

@article{fullstack,
  title={FullStack Bench: Evaluating LLMs as Full Stack Coder},
  author={Liu, Siyao and Zhu, He and Liu, Jerry and Xin, Shulin and Li, Aoyan and Long, Rui and Chen, Li and Yang, Jack and Xia, Jinxiang and Peng, ZY and others},
  journal={arXiv preprint arXiv:2412.00535},
  year={2024}
}

@misc{guo2024deepseekcoder,
      title={DeepSeek-Coder: When the Large Language Model Meets Programming -- The Rise of Code Intelligence}, 
      author={Daya Guo and Qihao Zhu and Dejian Yang and Zhenda Xie and Kai Dong and Wentao Zhang and Guanting Chen and Xiao Bi and Y. Wu and Y. K. Li and Fuli Luo and Yingfei Xiong and Wenfeng Liang},
      year={2024},
      eprint={2401.14196},
      archivePrefix={arXiv},
      primaryClass={cs.SE}
}

@inproceedings{instructGPT,
  author       = {Long Ouyang and
                  Jeffrey Wu and
                  Xu Jiang and
                  Diogo Almeida and
                  Carroll L. Wainwright and
                  Pamela Mishkin and
                  Chong Zhang and
                  Sandhini Agarwal and
                  Katarina Slama and
                  Alex Ray and
                  John Schulman and
                  Jacob Hilton and
                  Fraser Kelton and
                  Luke Miller and
                  Maddie Simens and
                  Amanda Askell and
                  Peter Welinder and
                  Paul F. Christiano and
                  Jan Leike and
                  Ryan Lowe},
  editor       = {Sanmi Koyejo and
                  S. Mohamed and
                  A. Agarwal and
                  Danielle Belgrave and
                  K. Cho and
                  A. Oh},
  title        = {Training language models to follow instructions with human feedback},
  booktitle    = {Advances in Neural Information Processing Systems 35: Annual Conference
                  on Neural Information Processing Systems 2022, NeurIPS 2022, New Orleans,
                  LA, USA, November 28 - December 9, 2022},
  year         = {2022},
  url          = {http://papers.nips.cc/paper\_files/paper/2022/hash/b1efde53be364a73914f58805a001731-Abstract-Conference.html},
  timestamp    = {Mon, 08 Jan 2024 16:31:36 +0100},
  biburl       = {https://dblp.org/rec/conf/nips/Ouyang0JAWMZASR22.bib},
  bibsource    = {dblp computer science bibliography, https://dblp.org}
}

@article{llama_adapter,
  author       = {Renrui Zhang and
                  Jiaming Han and
                  Aojun Zhou and
                  Xiangfei Hu and
                  Shilin Yan and
                  Pan Lu and
                  Hongsheng Li and
                  Peng Gao and
                  Yu Qiao},
  title        = {LLaMA-Adapter: Efficient Fine-tuning of Language Models with Zero-init
                  Attention},
  journal      = {CoRR},
  volume       = {abs/2303.16199},
  year         = {2023},
  url          = {https://doi.org/10.48550/arXiv.2303.16199},
  doi          = {10.48550/ARXIV.2303.16199},
  eprinttype    = {arXiv},
  eprint       = {2303.16199},
  timestamp    = {Fri, 30 Jun 2023 12:49:01 +0200},
  biburl       = {https://dblp.org/rec/journals/corr/abs-2303-16199.bib},
  bibsource    = {dblp computer science bibliography, https://dblp.org}
}

@article{magicoder,
  author       = {Yuxiang Wei and
                  Zhe Wang and
                  Jiawei Liu and
                  Yifeng Ding and
                  Lingming Zhang},
  title        = {Magicoder: Source Code Is All You Need},
  journal      = {CoRR},
  volume       = {abs/2312.02120},
  year         = {2023},
  url          = {https://doi.org/10.48550/arXiv.2312.02120},
  doi          = {10.48550/ARXIV.2312.02120},
  eprinttype    = {arXiv},
  eprint       = {2312.02120},
  timestamp    = {Tue, 12 Dec 2023 16:18:22 +0100},
  biburl       = {https://dblp.org/rec/journals/corr/abs-2312-02120.bib},
  bibsource    = {dblp computer science bibliography, https://dblp.org}
}

@article{mceval,
  title={McEval: Massively Multilingual Code Evaluation},
  author={Chai, Linzheng and Liu, Shukai and Yang, Jian and Yin, Yuwei and Jin, Ke and Liu, Jiaheng and Sun, Tao and Zhang, Ge and Ren, Changyu and Guo, Hongcheng and others},
  journal={arXiv preprint arXiv:2406.07436},
  year={2024}
}

@article{mdeval,
  title={Mdeval: Massively multilingual code debugging},
  author={Liu, Shukai and Chai, Linzheng and Yang, Jian and Shi, Jiajun and Zhu, He and Wang, Liran and Jin, Ke and Zhang, Wei and Zhu, Hualei and Guo, Shuyue and others},
  journal={arXiv preprint arXiv:2411.02310},
  year={2024}
}

@article{multi_agents_survey,
  author       = {Taicheng Guo and
                  Xiuying Chen and
                  Yaqi Wang and
                  Ruidi Chang and
                  Shichao Pei and
                  Nitesh V. Chawla and
                  Olaf Wiest and
                  Xiangliang Zhang},
  title        = {Large Language Model based Multi-Agents: {A} Survey of Progress and
                  Challenges},
  journal      = {CoRR},
  volume       = {abs/2402.01680},
  year         = {2024},
  url          = {https://doi.org/10.48550/arXiv.2402.01680},
  doi          = {10.48550/ARXIV.2402.01680},
  eprinttype    = {arXiv},
  eprint       = {2402.01680},
  timestamp    = {Fri, 09 Feb 2024 12:18:48 +0100},
  biburl       = {https://dblp.org/rec/journals/corr/abs-2402-01680.bib},
  bibsource    = {dblp computer science bibliography, https://dblp.org}
}

@article{multipl_e,
  title={MultiPL-E: a scalable and polyglot approach to benchmarking neural code generation},
  author={Cassano, Federico and Gouwar, John and Nguyen, Daniel and Nguyen, Sydney and Phipps-Costin, Luna and Pinckney, Donald and Yee, Ming-Ho and Zi, Yangtian and Anderson, Carolyn Jane and Feldman, Molly Q and others},
  journal={IEEE Transactions on Software Engineering},
  year={2023},
  publisher={IEEE}
}

@article{refine_gpt,
  author       = {Yue Liu and
                  Thanh Le{-}Cong and
                  Ratnadira Widyasari and
                  Chakkrit Tantithamthavorn and
                  Li Li and
                  Xuan{-}Bach Dinh Le and
                  David Lo},
  title        = {Refining ChatGPT-Generated Code: Characterizing and Mitigating Code
                  Quality Issues},
  journal      = {CoRR},
  volume       = {abs/2307.12596},
  year         = {2023},
  url          = {https://doi.org/10.48550/arXiv.2307.12596},
  doi          = {10.48550/ARXIV.2307.12596},
  eprinttype    = {arXiv},
  eprint       = {2307.12596},
  timestamp    = {Tue, 01 Aug 2023 14:49:51 +0200},
  biburl       = {https://dblp.org/rec/journals/corr/abs-2307-12596.bib},
  bibsource    = {dblp computer science bibliography, https://dblp.org}
}

@inproceedings{self_instructions,
  author       = {Yizhong Wang and
                  Yeganeh Kordi and
                  Swaroop Mishra and
                  Alisa Liu and
                  Noah A. Smith and
                  Daniel Khashabi and
                  Hannaneh Hajishirzi},
  editor       = {Anna Rogers and
                  Jordan L. Boyd{-}Graber and
                  Naoaki Okazaki},
  title        = {Self-Instruct: Aligning Language Models with Self-Generated Instructions},
  booktitle    = {Proceedings of the 61st Annual Meeting of the Association for Computational
                  Linguistics (Volume 1: Long Papers), {ACL} 2023, Toronto, Canada,
                  July 9-14, 2023},
  pages        = {13484--13508},
  publisher    = {Association for Computational Linguistics},
  year         = {2023},
  url          = {https://doi.org/10.18653/v1/2023.acl-long.754},
  doi          = {10.18653/V1/2023.ACL-LONG.754},
  timestamp    = {Thu, 10 Aug 2023 12:35:44 +0200},
  biburl       = {https://dblp.org/rec/conf/acl/WangKMLSKH23.bib},
  bibsource    = {dblp computer science bibliography, https://dblp.org}
}

@article{starcoder,
  author       = {Raymond Li and
                  Loubna Ben Allal and
                  Yangtian Zi and
                  Niklas Muennighoff and
                  Denis Kocetkov and
                  Chenghao Mou and
                  Marc Marone and
                  Christopher Akiki and
                  Jia Li and
                  Jenny Chim and
                  Qian Liu and
                  Evgenii Zheltonozhskii and
                  Terry Yue Zhuo and
                  Thomas Wang and
                  Olivier Dehaene and
                  Mishig Davaadorj and
                  Joel Lamy{-}Poirier and
                  Jo{\~{a}}o Monteiro and
                  Oleh Shliazhko and
                  Nicolas Gontier and
                  Nicholas Meade and
                  Armel Zebaze and
                  Ming{-}Ho Yee and
                  Logesh Kumar Umapathi and
                  Jian Zhu and
                  Benjamin Lipkin and
                  Muhtasham Oblokulov and
                  Zhiruo Wang and
                  Rudra Murthy V and
                  Jason Stillerman and
                  Siva Sankalp Patel and
                  Dmitry Abulkhanov and
                  Marco Zocca and
                  Manan Dey and
                  Zhihan Zhang and
                  Nour Moustafa{-}Fahmy and
                  Urvashi Bhattacharyya and
                  Wenhao Yu and
                  Swayam Singh and
                  Sasha Luccioni and
                  Paulo Villegas and
                  Maxim Kunakov and
                  Fedor Zhdanov and
                  Manuel Romero and
                  Tony Lee and
                  Nadav Timor and
                  Jennifer Ding and
                  Claire Schlesinger and
                  Hailey Schoelkopf and
                  Jan Ebert and
                  Tri Dao and
                  Mayank Mishra and
                  Alex Gu and
                  Jennifer Robinson and
                  Carolyn Jane Anderson and
                  Brendan Dolan{-}Gavitt and
                  Danish Contractor and
                  Siva Reddy and
                  Daniel Fried and
                  Dzmitry Bahdanau and
                  Yacine Jernite and
                  Carlos Mu{\~{n}}oz Ferrandis and
                  Sean Hughes and
                  Thomas Wolf and
                  Arjun Guha and
                  Leandro von Werra and
                  Harm de Vries},
  title        = {StarCoder: may the source be with you!},
  journal      = {CoRR},
  volume       = {abs/2305.06161},
  year         = {2023},
  url          = {https://doi.org/10.48550/arXiv.2305.06161},
  doi          = {10.48550/ARXIV.2305.06161},
  eprinttype    = {arXiv},
  eprint       = {2305.06161},
  timestamp    = {Sat, 30 Sep 2023 10:10:39 +0200},
  biburl       = {https://dblp.org/rec/journals/corr/abs-2305-06161.bib},
  bibsource    = {dblp computer science bibliography, https://dblp.org}
}

@article{wavecoder,
  author       = {Zhaojian Yu and
                  Xin Zhang and
                  Ning Shang and
                  Yangyu Huang and
                  Can Xu and
                  Yishujie Zhao and
                  Wenxiang Hu and
                  Qiufeng Yin},
  title        = {WaveCoder: Widespread And Versatile Enhanced Instruction Tuning with
                  Refined Data Generation},
  journal      = {CoRR},
  volume       = {abs/2312.14187},
  year         = {2023},
  url          = {https://doi.org/10.48550/arXiv.2312.14187},
  doi          = {10.48550/ARXIV.2312.14187},
  eprinttype    = {arXiv},
  eprint       = {2312.14187},
  timestamp    = {Wed, 17 Jan 2024 17:14:38 +0100},
  biburl       = {https://dblp.org/rec/journals/corr/abs-2312-14187.bib},
  bibsource    = {dblp computer science bibliography, https://dblp.org}
}

@article{wizardcoder,
  author       = {Ziyang Luo and
                  Can Xu and
                  Pu Zhao and
                  Qingfeng Sun and
                  Xiubo Geng and
                  Wenxiang Hu and
                  Chongyang Tao and
                  Jing Ma and
                  Qingwei Lin and
                  Daxin Jiang},
  title        = {WizardCoder: Empowering Code Large Language Models with Evol-Instruct},
  journal      = {CoRR},
  volume       = {abs/2306.08568},
  year         = {2023},
  url          = {https://doi.org/10.48550/arXiv.2306.08568},
  doi          = {10.48550/ARXIV.2306.08568},
  eprinttype    = {arXiv},
  eprint       = {2306.08568},
  timestamp    = {Sun, 18 Jun 2023 16:10:59 +0200},
  biburl       = {https://dblp.org/rec/journals/corr/abs-2306-08568.bib},
  bibsource    = {dblp computer science bibliography, https://dblp.org}
}

