@inproceedings{amos2017input,
  title={Input convex neural networks},
  author={Amos, Brandon and Xu, Lei and Kolter, J Zico},
  booktitle={International conference on machine learning},
  pages={146--155},
  year={2017},
  organization={PMLR}
}

@inproceedings{amos2017optnet,
  title={Optnet: Differentiable optimization as a layer in neural networks},
  author={Amos, Brandon and Kolter, J Zico},
  booktitle={International conference on machine learning},
  pages={136--145},
  year={2017},
  organization={PMLR}
}

@inproceedings{cristian2023end,
  title={End-to-end learning for optimization via constraint-enforcing approximators},
  author={Cristian, Rares and Harsha, Pavithra and Perakis, Georgia and Quanz, Brian L and Spantidakis, Ioannis},
  booktitle={Proceedings of the AAAI Conference on Artificial Intelligence},
  volume={37},
  number={6},
  pages={7253--7260},
  year={2023}
}

@inproceedings{ding2024resilient,
  title={Resilient Constrained Reinforcement Learning},
  author={Ding, Dongsheng and Huan, Zhengyan and Ribeiro, Alejandro},
  booktitle={International Conference on Artificial Intelligence and Statistics},
  pages={3412--3420},
  year={2024},
  organization={PMLR}
}

@article{donti2021dc3,
  title={DC3: A learning method for optimization with hard constraints},
  author={Donti, Priya L and Rolnick, David and Kolter, J Zico},
  journal={arXiv preprint arXiv:2104.12225},
  year={2021}
}

@article{guha2019machine,
  title={Machine learning for AC optimal power flow},
  author={Guha, Neel and Wang, Zhecheng and Wytock, Matt and Majumdar, Arun},
  journal={arXiv preprint arXiv:1910.08842},
  year={2019}
}

@article{hounie2024resilient,
  title={Resilient constrained learning},
  author={Hounie, Ignacio and Ribeiro, Alejandro and Chamon, Luiz FO},
  journal={Advances in Neural Information Processing Systems},
  volume={36},
  year={2024}
}

@article{huang2021deepopf,
  title={Deepopf-v: Solving ac-opf problems efficiently},
  author={Huang, Wanjun and Pan, Xiang and Chen, Minghua and Low, Steven H},
  journal={IEEE Transactions on Power Systems},
  volume={37},
  number={1},
  pages={800--803},
  year={2021},
  publisher={IEEE}
}

@article{kim2023self,
  title={Self-supervised equality embedded deep lagrange dual for approximate constrained optimization},
  author={Kim, Minsoo and Kim, Hongseok},
  journal={arXiv preprint arXiv:2306.06674},
  year={2023}
}

@article{li2023learning,
  title={Learning to solve optimization problems with hard linear constraints},
  author={Li, Meiyi and Kolouri, Soheil and Mohammadi, Javad},
  journal={IEEE Access},
  volume={11},
  pages={59995--60004},
  year={2023},
  publisher={IEEE}
}

@article{min2024hard,
  title={Hard-Constrained Neural Networks with Universal Approximation Guarantees},
  author={Min, Youngjae and Sonar, Anoopkumar and Azizan, Navid},
  journal={arXiv preprint arXiv:2410.10807},
  year={2024}
}

@article{misra2022learning,
  title={Learning for constrained optimization: Identifying optimal active constraint sets},
  author={Misra, Sidhant and Roald, Line and Ng, Yeesian},
  journal={INFORMS Journal on Computing},
  volume={34},
  number={1},
  pages={463--480},
  year={2022},
  publisher={INFORMS}
}

@article{nandwani2019primal,
  title={A primal dual formulation for deep learning with constraints},
  author={Nandwani, Yatin and Pathak, Abhishek and Singla, Parag},
  journal={Advances in neural information processing systems},
  volume={32},
  year={2019}
}

@article{negiar2022learning,
  title={Learning differentiable solvers for systems with hard constraints},
  author={N{\'e}giar, Geoffrey and Mahoney, Michael W and Krishnapriyan, Aditi S},
  journal={arXiv preprint arXiv:2207.08675},
  year={2022}
}

@inproceedings{park2023self,
  title={Self-supervised primal-dual learning for constrained optimization},
  author={Park, Seonho and Van Hentenryck, Pascal},
  booktitle={Proceedings of the AAAI Conference on Artificial Intelligence},
  volume={37},
  number={4},
  pages={4052--4060},
  year={2023}
}

@article{sun2018learning,
  title={Learning to optimize: Training deep neural networks for interference management},
  author={Sun, Haoran and Chen, Xiangyi and Shi, Qingjiang and Hong, Mingyi and Fu, Xiao and Sidiropoulos, Nicholas D},
  journal={IEEE Transactions on Signal Processing},
  volume={66},
  number={20},
  pages={5438--5453},
  year={2018},
  publisher={IEEE}
}

@inproceedings{xu2018semantic,
  title={A semantic loss function for deep learning with symbolic knowledge},
  author={Xu, Jingyi and Zhang, Zilu and Friedman, Tal and Liang, Yitao and Broeck, Guy},
  booktitle={International conference on machine learning},
  pages={5502--5511},
  year={2018},
  organization={PMLR}
}

@inproceedings{zamzam2020learning,
  title={Learning optimal solutions for extremely fast AC optimal power flow},
  author={Zamzam, Ahmed S and Baker, Kyri},
  booktitle={2020 IEEE international conference on communications, control, and computing technologies for smart grids (SmartGridComm)},
  pages={1--6},
  year={2020},
  organization={IEEE}
}

@article{zhang2024constrained,
  title={Constrained Reinforcement Learning with Smoothed Log Barrier Function},
  author={Zhang, Baohe and Zhang, Yuan and Frison, Lilli and Brox, Thomas and B{\"o}decker, Joschka},
  journal={arXiv preprint arXiv:2403.14508},
  year={2024}
}

@inproceedings{zhao2023ensuring,
  title={Ensuring DNN solution feasibility for optimization problems with linear constraints},
  author={Zhao, Tianyu and Pan, Xiang and Chen, Minghua and Low, Steven},
  booktitle={The Eleventh International Conference on Learning Representations},
  year={2023}
}

@article{zhong2023neural,
  title={Neural fields with hard constraints of arbitrary differential order},
  author={Zhong, Fangcheng and Fogarty, Kyle and Hanji, Param and Wu, Tianhao and Sztrajman, Alejandro and Spielberg, Andrew and Tagliasacchi, Andrea and Bosilj, Petra and Oztireli, Cengiz},
  journal={arXiv preprint arXiv:2306.08943},
  year={2023}
}

