@article{shen2018fractional,
  title={Fractional programming for communication systems—Part I: Power control and beamforming},
  author={Shen, Kaiming and Yu, Wei},
  journal={IEEE Transactions on Signal Processing},
  volume={66},
  number={10},
  pages={2616--2630},
  year={2018},
  publisher={IEEE}
}
% DC3
@article{donti2021dc3,
  title={DC3: A learning method for optimization with hard constraints},
  author={Donti, Priya L and Rolnick, David and Kolter, J Zico},
  journal={arXiv preprint arXiv:2104.12225},
  year={2021}
}
% 闵可夫斯基距离线性约束
@article{li2023learning,
  title={Learning to solve optimization problems with hard linear constraints},
  author={Li, Meiyi and Kolouri, Soheil and Mohammadi, Javad},
  journal={IEEE Access},
  volume={11},
  pages={59995--60004},
  year={2023},
  publisher={IEEE}
}
% DeepLDE 嵌入式对偶，速度更快但是软约束
@article{kim2023self,
  title={Self-supervised equality embedded deep lagrange dual for approximate constrained optimization},
  author={Kim, Minsoo and Kim, Hongseok},
  journal={arXiv preprint arXiv:2306.06674},
  year={2023}
}
% PDL,原始对偶 GT团队
@inproceedings{park2023self,
  title={Self-supervised primal-dual learning for constrained optimization},
  author={Park, Seonho and Van Hentenryck, Pascal},
  booktitle={Proceedings of the AAAI Conference on Artificial Intelligence},
  volume={37},
  number={4},
  pages={4052--4060},
  year={2023}
}
% 基础的监督学习+obj作为目标函数，没有罚项
@inproceedings{zamzam2020learning,
  title={Learning optimal solutions for extremely fast AC optimal power flow},
  author={Zamzam, Ahmed S and Baker, Kyri},
  booktitle={2020 IEEE international conference on communications, control, and computing technologies for smart grids (SmartGridComm)},
  pages={1--6},
  year={2020},
  organization={IEEE}
}

% 冗余约束
@article{misra2022learning,
  title={Learning for constrained optimization: Identifying optimal active constraint sets},
  author={Misra, Sidhant and Roald, Line and Ng, Yeesian},
  journal={INFORMS Journal on Computing},
  volume={34},
  number={1},
  pages={463--480},
  year={2022},
  publisher={INFORMS}
}
% 预防学习，线性约束
@inproceedings{zhao2023ensuring,
  title={Ensuring DNN solution feasibility for optimization problems with linear constraints},
  author={Zhao, Tianyu and Pan, Xiang and Chen, Minghua and Low, Steven},
  booktitle={The Eleventh International Conference on Learning Representations},
  year={2023}
}

% 类似于DC3进行了梯度矫正后处理
@article{huang2021deepopf,
  title={Deepopf-v: Solving ac-opf problems efficiently},
  author={Huang, Wanjun and Pan, Xiang and Chen, Minghua and Low, Steven H},
  journal={IEEE Transactions on Power Systems},
  volume={37},
  number={1},
  pages={800--803},
  year={2021},
  publisher={IEEE}
}

@article{guha2019machine,
  title={Machine learning for AC optimal power flow},
  author={Guha, Neel and Wang, Zhecheng and Wytock, Matt and Majumdar, Arun},
  journal={arXiv preprint arXiv:1910.08842},
  year={2019}
}

% 弹性学习
@article{hounie2024resilient,
  title={Resilient constrained learning},
  author={Hounie, Ignacio and Ribeiro, Alejandro and Chamon, Luiz FO},
  journal={Advances in Neural Information Processing Systems},
  volume={36},
  year={2024}
}
% 弹性学习 RL版本
@inproceedings{ding2024resilient,
  title={Resilient Constrained Reinforcement Learning},
  author={Ding, Dongsheng and Huan, Zhengyan and Ribeiro, Alejandro},
  booktitle={International Conference on Artificial Intelligence and Statistics},
  pages={3412--3420},
  year={2024},
  organization={PMLR}
}
% 对数障碍函数RL，类似于内点法的惩罚思路
@article{zhang2024constrained,
  title={Constrained Reinforcement Learning with Smoothed Log Barrier Function},
  author={Zhang, Baohe and Zhang, Yuan and Frison, Lilli and Brox, Thomas and B{\"o}decker, Joschka},
  journal={arXiv preprint arXiv:2403.14508},
  year={2024}
}
% 特定问题下的硬约束优化
@article{zhong2023neural,
  title={Neural fields with hard constraints of arbitrary differential order},
  author={Zhong, Fangcheng and Fogarty, Kyle and Hanji, Param and Wu, Tianhao and Sztrajman, Alejandro and Spielberg, Andrew and Tagliasacchi, Andrea and Bosilj, Petra and Oztireli, Cengiz},
  journal={arXiv preprint arXiv:2306.08943},
  year={2023}
}
% 隐式微分元老级论文
@inproceedings{amos2017optnet,
  title={Optnet: Differentiable optimization as a layer in neural networks},
  author={Amos, Brandon and Kolter, J Zico},
  booktitle={International conference on machine learning},
  pages={136--145},
  year={2017},
  organization={PMLR}
}

% 有界函数输出
@article{sun2018learning,
  title={Learning to optimize: Training deep neural networks for interference management},
  author={Sun, Haoran and Chen, Xiangyi and Shi, Qingjiang and Hong, Mingyi and Fu, Xiao and Sidiropoulos, Nicholas D},
  journal={IEEE Transactions on Signal Processing},
  volume={66},
  number={20},
  pages={5438--5453},
  year={2018},
  publisher={IEEE}
}

% 离散化网格 
@inproceedings{amos2017input,
  title={Input convex neural networks},
  author={Amos, Brandon and Xu, Lei and Kolter, J Zico},
  booktitle={International conference on machine learning},
  pages={146--155},
  year={2017},
  organization={PMLR}
}
% 投影算法
@inproceedings{cristian2023end,
  title={End-to-end learning for optimization via constraint-enforcing approximators},
  author={Cristian, Rares and Harsha, Pavithra and Perakis, Georgia and Quanz, Brian L and Spantidakis, Ioannis},
  booktitle={Proceedings of the AAAI Conference on Artificial Intelligence},
  volume={37},
  number={6},
  pages={7253--7260},
  year={2023}
}
% 物理网格约束
@article{negiar2022learning,
  title={Learning differentiable solvers for systems with hard constraints},
  author={N{\'e}giar, Geoffrey and Mahoney, Michael W and Krishnapriyan, Aditi S},
  journal={arXiv preprint arXiv:2207.08675},
  year={2022}
}
% primal-dual
@article{nandwani2019primal,
  title={A primal dual formulation for deep learning with constraints},
  author={Nandwani, Yatin and Pathak, Abhishek and Singla, Parag},
  journal={Advances in neural information processing systems},
  volume={32},
  year={2019}
}
% KKT penalty
@inproceedings{xu2018semantic,
  title={A semantic loss function for deep learning with symbolic knowledge},
  author={Xu, Jingyi and Zhang, Zilu and Friedman, Tal and Liang, Yitao and Broeck, Guy},
  booktitle={International conference on machine learning},
  pages={5502--5511},
  year={2018},
  organization={PMLR}
}
% cvxpy
@article{diamond2016cvxpy,
  title={CVXPY: A Python-embedded modeling language for convex optimization},
  author={Diamond, Steven and Boyd, Stephen},
  journal={Journal of Machine Learning Research},
  volume={17},
  number={83},
  pages={1--5},
  year={2016}
}
% scipy
@article{virtanen2020scipy,
  title={SciPy 1.0: fundamental algorithms for scientific computing in Python},
  author={Virtanen, Pauli and Gommers, Ralf and Oliphant, Travis E and Haberland, Matt and Reddy, Tyler and Cournapeau, David and Burovski, Evgeni and Peterson, Pearu and Weckesser, Warren and Bright, Jonathan and others},
  journal={Nature methods},
  volume={17},
  number={3},
  pages={261--272},
  year={2020},
  publisher={Nature Publishing Group}
}
%通信中的优化
@article{liu2024survey,
  title={A survey of recent advances in optimization methods for wireless communications},
  author={Liu, Ya-Feng and Chang, Tsung-Hui and Hong, Mingyi and Wu, Zheyu and So, Anthony Man-Cho and Jorswieck, Eduard A and Yu, Wei},
  journal={IEEE Journal on Selected Areas in Communications},
  year={2024},
  publisher={IEEE}
}
% power优化
@article{abido2002optimal,
  title={Optimal power flow using particle swarm optimization},
  author={Abido, Mohammad A},
  journal={International Journal of Electrical Power \& Energy Systems},
  volume={24},
  number={7},
  pages={563--571},
  year={2002},
  publisher={Elsevier}
}
% 风险优化
@article{rockafellar2013fundamental,
  title={The fundamental risk quadrangle in risk management, optimization and statistical estimation},
  author={Rockafellar, R Tyrrell and Uryasev, Stan},
  journal={Surveys in Operations Research and Management Science},
  volume={18},
  number={1-2},
  pages={33--53},
  year={2013},
  publisher={Elsevier}
}
% 闭式解投影，但是凸问题还是不能完全解决
@article{min2024hard,
  title={Hard-Constrained Neural Networks with Universal Approximation Guarantees},
  author={Min, Youngjae and Sonar, Anoopkumar and Azizan, Navid},
  journal={arXiv preprint arXiv:2410.10807},
  year={2024}
}
% LP范数投影
@article{yang2022towards,
  title={Towards an efficient approach for the nonconvex lp ball projection: algorithm and analysis},
  author={Yang, Xiangyu and Wang, Jiashan and Wang, Hao},
  journal={Journal of Machine Learning Research},
  volume={23},
  number={101},
  pages={1--31},
  year={2022}
}
% TIT lpnorm 问题
@inproceedings{donoho2011compressed,
  title={Compressed sensing over lp-balls: Minimax mean square error},
  author={Donoho, David and Johnstone, Iain and Maleki, Arian and Montanari, Andrea},
  booktitle={2011 IEEE International Symposium on Information Theory Proceedings},
  pages={129--133},
  year={2011},
  organization={IEEE}
}

% QoS-WSR
@article{tang2023energy,
  title={Energy efficiency optimization for a multiuser IRS-aided MISO system with SWIPT},
  author={Tang, Jie and Peng, Ziyao and So, Daniel KC and Zhang, Xiuyin and Wong, Kai-Kit and Chambers, Jonathon A},
  journal={IEEE Transactions on Communications},
  volume={71},
  number={10},
  pages={5950--5962},
  year={2023},
  publisher={IEEE}
}
% QoS-WSR TVT
@article{niu2021qos,
  title={QoS-aware resource allocation for mobile edge networks: User association, precoding and power allocation},
  author={Niu, Guanchong and Cao, Qi and Pun, Man-On},
  journal={IEEE Transactions on Vehicular Technology},
  volume={70},
  number={12},
  pages={12617--12630},
  year={2021},
  publisher={IEEE}
}

% Jacobian det
@book{spivak2018calculus,
  title={Calculus on manifolds: a modern approach to classical theorems of advanced calculus},
  author={Spivak, Michael},
  year={2018},
  publisher={CRC press}
}