@inproceedings{qi2017pointnet,
  title={Pointnet: Deep learning on point sets for 3d classification and segmentation},
  author={Qi, Charles R and Su, Hao and Mo, Kaichun and Guibas, Leonidas J},
  booktitle={Proceedings of the IEEE conference on computer vision and pattern recognition},
  pages={652--660},
  year={2017}
}


@inproceedings{chung2014empirical,
  title={Empirical evaluation of gated recurrent neural networks on sequence modeling},
  author={Chung, Junyoung and Gulcehre, Caglar and Cho, Kyunghyun and Bengio, Yoshua},
  booktitle={NIPS 2014 Workshop on Deep Learning, December 2014},
  year={2014}
}

@article{oord2018representation,
  title={Representation learning with contrastive predictive coding},
  author={Oord, Aaron van den and Li, Yazhe and Vinyals, Oriol},
  journal={arXiv preprint arXiv:1807.03748},
  year={2018}
}

@inproceedings{chen2019text2shape,
  title={Text2shape: Generating shapes from natural language by learning joint embeddings},
  author={Chen, Kevin and Choy, Christopher B and Savva, Manolis and Chang, Angel X and Funkhouser, Thomas and Savarese, Silvio},
  booktitle={Computer Vision--ACCV 2018: 14th Asian Conference on Computer Vision, Perth, Australia, December 2--6, 2018, Revised Selected Papers, Part III 14},
  pages={100--116},
  year={2019},
  organization={Springer}
}

@inproceedings{han2019y2seq2seq,
  title={Y2Seq2Seq: Cross-modal representation learning for 3D shape and text by joint reconstruction and prediction of view and word sequences},
  author={Han, Zhizhong and Shang, Mingyang and Wang, Xiyang and Liu, Yu-Shen and Zwicker, Matthias},
  booktitle={Proceedings of the AAAI Conference on Artificial Intelligence},
  volume={33},
  number={01},
  pages={126--133},
  year={2019}
}

@inproceedings{ruan2024tricolo,
  title={TriCoLo: Trimodal contrastive loss for text to shape retrieval},
  author={Ruan, Yue and Lee, Han-Hung and Zhang, Yiming and Zhang, Ke and Chang, Angel X},
  booktitle={Proceedings of the IEEE/CVF Winter Conference on Applications of Computer Vision},
  pages={5815--5825},
  year={2024}
}

@article{tang2021parts2words_arxiv,
  title={Parts2Words: Learning Joint Embedding of Point Clouds and Texts by Bidirectional Matching between Parts and Words},
  author={Tang, Chuan and Yang, Xi and Wu, Bojian and Han, Zhizhong and Chang, Yi},
  journal={arXiv preprint arXiv:2107.01872},
  year={2021}
}

@INPROCEEDINGS{tang2021parts2words,
  author={Tang, Chuan and Yang, Xi and Wu, Bojian and Han, Zhizhong and Chang, Yi},
  booktitle={2023 IEEE/CVF Conference on Computer Vision and Pattern Recognition (CVPR)}, 
  title={Parts2Words: Learning Joint Embedding of Point Clouds and Texts by Bidirectional Matching Between Parts and Words}, 
  year={2023},
  volume={},
  number={},
  pages={6884-6893},
  doi={10.1109/CVPR52729.2023.00665}}


@INPROCEEDINGS{wu2024com3d,
  author={Wu, Hao and Li, Ruochong and Wang, Hao and Xiong, Hui},
  booktitle={2024 IEEE International Conference on Multimedia and Expo (ICME)}, 
  title={COM3D: Leveraging Cross-View Correspondence and Cross-Modal Mining for 3D Retrieval}, 
  year={2024},
  volume={},
  number={},
  pages={1-6},
 }


@inproceedings{mo2019partnet,
  title={Partnet: A large-scale benchmark for fine-grained and hierarchical part-level 3d object understanding},
  author={Mo, Kaichun and Zhu, Shilin and Chang, Angel X and Yi, Li and Tripathi, Subarna and Guibas, Leonidas J and Su, Hao},
  booktitle={Proceedings of the IEEE/CVF conference on computer vision and pattern recognition},
  pages={909--918},
  year={2019}
}

@article{liu2024visual,
  title={Visual instruction tuning},
  author={Liu, Haotian and Li, Chunyuan and Wu, Qingyang and Lee, Yong Jae},
  journal={Advances in neural information processing systems},
  volume={36},
  year={2024}
}

@inproceedings{KingmaB14,
  author       = {Diederik P. Kingma and
                  Jimmy Ba},
  title        = {Adam: {A} Method for Stochastic Optimization},
  booktitle    = {3rd International Conference on Learning Representations},
  year         = {2015},
}

@article{chang2015shapenet,
  title={Shapenet: An information-rich 3d model repository},
  author={Chang, Angel X and Funkhouser, Thomas and Guibas, Leonidas and Hanrahan, Pat and Huang, Qixing and Li, Zimo and Savarese, Silvio and Savva, Manolis and Song, Shuran and Su, Hao and others},
  journal={arXiv preprint arXiv:1512.03012},
  year={2015}
}

@inproceedings{radford2021learning,
  title={Learning transferable visual models from natural language supervision},
  author={Radford, Alec and Kim, Jong Wook and Hallacy, Chris and Ramesh, Aditya and Goh, Gabriel and Agarwal, Sandhini and Sastry, Girish and Askell, Amanda and Mishkin, Pamela and Clark, Jack and others},
  booktitle={International conference on machine learning},
  pages={8748--8763},
  year={2021},
  organization={PMLR}
}

@inproceedings{li2022blip,
  title={Blip: Bootstrapping language-image pre-training for unified vision-language understanding and generation},
  author={Li, Junnan and Li, Dongxu and Xiong, Caiming and Hoi, Steven},
  booktitle={International conference on machine learning},
  pages={12888--12900},
  year={2022},
  organization={PMLR}
}

@inproceedings{weng2023open,
  title={Open-vclip: Transforming clip to an open-vocabulary video model via interpolated weight optimization},
  author={Weng, Zejia and Yang, Xitong and Li, Ang and Wu, Zuxuan and Jiang, Yu-Gang},
  booktitle={International Conference on Machine Learning},
  pages={36978--36989},
  year={2023},
  organization={PMLR}
}

@inproceedings{schuhmann2021laion,
  title={LAION-400M: Open Dataset of CLIP-Filtered 400 Million Image-Text Pairs},
  author={Schuhmann, Christoph and Kaczmarczyk, Robert and Komatsuzaki, Aran and Katta, Aarush and Vencu, Richard and Beaumont, Romain and Jitsev, Jenia and Coombes, Theo and Mullis, Clayton},
  booktitle={NeurIPS Workshop Datacentric AI},
  number={FZJ-2022-00923},
  year={2021},
  organization={J{\"u}lich Supercomputing Center}
}

@inproceedings{miech2019howto100m,
  title={Howto100m: Learning a text-video embedding by watching hundred million narrated video clips},
  author={Miech, Antoine and Zhukov, Dimitri and Alayrac, Jean-Baptiste and Tapaswi, Makarand and Laptev, Ivan and Sivic, Josef},
  booktitle={Proceedings of the IEEE/CVF international conference on computer vision},
  pages={2630--2640},
  year={2019}
}

@inproceedings{deng2009imagenet,
  title={Imagenet: A large-scale hierarchical image database},
  author={Deng, Jia and Dong, Wei and Socher, Richard and Li, Li-Jia and Li, Kai and Fei-Fei, Li},
  booktitle={2009 IEEE conference on computer vision and pattern recognition},
  pages={248--255},
  year={2009},
  organization={Ieee}
}

@inproceedings{Peng_2024_CVPR,
    author    = {Peng, Wujian and Xie, Sicheng and You, Zuyao and Lan, Shiyi and Wu, Zuxuan},
    title     = {Synthesize Diagnose and Optimize: Towards Fine-Grained Vision-Language Understanding},
    booktitle = {Proceedings of the IEEE/CVF Conference on Computer Vision and Pattern Recognition (CVPR)},
    month     = {June},
    year      = {2024},
    pages     = {13279-13288}
}

@inproceedings{doveh2023teaching,
  title={Teaching structured vision \& language concepts to vision \& language models},
  author={Doveh, Sivan and Arbelle, Assaf and Harary, Sivan and Schwartz, Eli and Herzig, Roei and Giryes, Raja and Feris, Rogerio and Panda, Rameswar and Ullman, Shimon and Karlinsky, Leonid},
  booktitle={Proceedings of the IEEE/CVF Conference on Computer Vision and Pattern Recognition},
  pages={2657--2668},
  year={2023}
}

@article{le2022bloom,
  title={BLOOM: A 176B-Parameter Open-Access Multilingual Language Model},
  author={Le Scao, Teven and Fan, Angela and Akiki, Christopher and Pavlick, Ellie and Ili{\'c}, Suzana and Hesslow, Daniel and Castagn{\'e}, Roman and Sasha Luccioni, Alexandra and Yvon, Fran{\c{c}}ois and Gall{\'e}, Matthias and others},
  journal={arXiv e-prints},
  pages={arXiv--2211},
  year={2022}
}

@inproceedings{podellsdxl,
  title={SDXL: Improving Latent Diffusion Models for High-Resolution Image Synthesis},
  author={Podell, Dustin and English, Zion and Lacey, Kyle and Blattmann, Andreas and Dockhorn, Tim and M{\"u}ller, Jonas and Penna, Joe and Rombach, Robin},
  booktitle={The Twelfth International Conference on Learning Representations},
year={2024}
}

@inproceedings{sajjadi2022scene,
  title={Scene representation transformer: Geometry-free novel view synthesis through set-latent scene representations},
  author={Sajjadi, Mehdi SM and Meyer, Henning and Pot, Etienne and Bergmann, Urs and Greff, Klaus and Radwan, Noha and Vora, Suhani and Lu{\v{c}}i{\'c}, Mario and Duckworth, Daniel and Dosovitskiy, Alexey and others},
  booktitle={Proceedings of the IEEE/CVF Conference on Computer Vision and Pattern Recognition},
  pages={6229--6238},
  year={2022}
}

@inproceedings{zhang2022pointclip,
  title={Pointclip: Point cloud understanding by clip},
  author={Zhang, Renrui and Guo, Ziyu and Zhang, Wei and Li, Kunchang and Miao, Xupeng and Cui, Bin and Qiao, Yu and Gao, Peng and Li, Hongsheng},
  booktitle={Proceedings of the IEEE/CVF conference on computer vision and pattern recognition},
  pages={8552--8562},
  year={2022}
}

@inproceedings{huang2023clip2point,
  title={Clip2point: Transfer clip to point cloud classification with image-depth pre-training},
  author={Huang, Tianyu and Dong, Bowen and Yang, Yunhan and Huang, Xiaoshui and Lau, Rynson WH and Ouyang, Wanli and Zuo, Wangmeng},
  booktitle={Proceedings of the IEEE/CVF International Conference on Computer Vision},
  pages={22157--22167},
  year={2023}
}

@article{jarvelin2002cumulated,
  title={Cumulated gain-based evaluation of IR techniques},
  author={J{\"a}rvelin, Kalervo and Kek{\"a}l{\"a}inen, Jaana},
  journal={ACM Transactions on Information Systems (TOIS)},
  volume={20},
  number={4},
  pages={422--446},
  year={2002},
  publisher={ACM New York, NY, USA}
}

@misc{liu2024llavanext,
    title={LLaVA-NeXT: Improved reasoning, OCR, and world knowledge},
    url={https://llava-vl.github.io/blog/2024-01-30-llava-next/},
    author={Liu, Haotian and Li, Chunyuan and Li, Yuheng and Li, Bo and Zhang, Yuanhan and Shen, Sheng and Lee, Yong Jae},
    month={January},
    year={2024}
}

@inproceedings{huang2024copa,
  title={CoPa: General Robotic Manipulation through Spatial Constraints of Parts with Foundation Models},
  author={Huang, Haoxu and Lin, Fanqi and Hu, Yingdong and Wang, Shengjie and Gao, Yang},
  booktitle={First Workshop on Vision-Language Models for Navigation and Manipulation at ICRA 2024},
year={2024}
}

@inproceedings{hu2024look,
  title={Look Before You Leap: Unveiling the Power of GPT-4V in Robotic Vision-Language Planning},
  author={Hu, Yingdong and Lin, Fanqi and Zhang, Tong and Yi, Li and Gao, Yang},
  booktitle={First Workshop on Vision-Language Models for Navigation and Manipulation at ICRA 2024},
year={2024}
}

@inproceedings{huang2023visual,
  title={Visual language maps for robot navigation},
  author={Huang, Chenguang and Mees, Oier and Zeng, Andy and Burgard, Wolfram},
  booktitle={2023 IEEE International Conference on Robotics and Automation (ICRA)},
  pages={10608--10615},
  year={2023},
  organization={IEEE}
}

@inproceedings{li2024manipllm,
  title={Manipllm: Embodied multimodal large language model for object-centric robotic manipulation},
  author={Li, Xiaoqi and Zhang, Mingxu and Geng, Yiran and Geng, Haoran and Long, Yuxing and Shen, Yan and Zhang, Renrui and Liu, Jiaming and Dong, Hao},
  booktitle={Proceedings of the IEEE/CVF Conference on Computer Vision and Pattern Recognition},
  pages={18061--18070},
  year={2024}
}

@inproceedings{man2024lexicon3d,
title={Lexicon3D: Probing Visual Foundation Models for Complex 3D Scene Understanding},
author={Yunze Man and Shuhong Zheng and Zhipeng Bao and Martial Hebert and Liangyan Gui and Yu-Xiong Wang},
booktitle={The Thirty-eighth Annual Conference on Neural Information Processing Systems},
year={2024},
}

@inproceedings{bakrcot3dref,
  title={CoT3DRef: Chain-of-Thoughts Data-Efficient 3D Visual Grounding},
  author={BAKR, Eslam Mohamed and Mohamed, Mohamed Ayman and Ahmed, Mahmoud and Slim, Habib and Elhoseiny, Mohamed},
  booktitle={The Twelfth International Conference on Learning Representations},
year={2024}

}

@inproceedings{wang2024embodiedscan,
  title={Embodiedscan: A holistic multi-modal 3d perception suite towards embodied ai},
  author={Wang, Tai and Mao, Xiaohan and Zhu, Chenming and Xu, Runsen and Lyu, Ruiyuan and Li, Peisen and Chen, Xiao and Zhang, Wenwei and Chen, Kai and Xue, Tianfan and others},
  booktitle={Proceedings of the IEEE/CVF Conference on Computer Vision and Pattern Recognition},
  pages={19757--19767},
  year={2024}
}

@inproceedings{hsu2023ns3d,
  title={Ns3d: Neuro-symbolic grounding of 3d objects and relations},
  author={Hsu, Joy and Mao, Jiayuan and Wu, Jiajun},
  booktitle={Proceedings of the IEEE/CVF Conference on Computer Vision and Pattern Recognition},
  pages={2614--2623},
  year={2023}
}







@article{song2025gvkf,
  title={GVKF: Gaussian Voxel Kernel Functions for Highly Efficient Surface Reconstruction in Open Scenes},
  author={Song, Gaochao and Cheng, Chong and Wang, Hao},
  journal={Advances in Neural Information Processing Systems},
  volume={37},
  pages={104792--104815},
  year={2025}
}

@inproceedings{
cheng2025graphguided,
title={Graph-Guided Scene Reconstruction from Images with 3D Gaussian Splatting},
author={Chong Cheng and Gaochao Song and Yiyang Yao and Gangjian Zhang and Qinzheng Zhou and Hao Wang},
booktitle={The Thirteenth International Conference on Learning Representations},
year={2025},
}

@article{yu2025rgb,
  title={RGB-Only Gaussian Splatting SLAM for Unbounded Outdoor Scenes},
  author={Yu, Sicheng and Cheng, Chong and Zhou, Yifan and Yang, Xiaojun and Wang, Hao},
  journal={arXiv preprint arXiv:2502.15633},
  year={2025}
}

@article{zhang2024multigo,
  title={MultiGO: Towards Multi-level Geometry Learning for Monocular 3D Textured Human Reconstruction},
  author={Zhang, Gangjian and Yao, Nanjie and Zhang, Shunsi and Zhao, Hanfeng and Pang, Guoliang and Shu, Jian and Wang, Hao},
  journal={arXiv preprint arXiv:2412.03103},
  year={2024}
}