% Use this file for citations not found in the ACL Anthology (contained in "anthology.bib").


@inproceedings{
chen2023codet,
title={CodeT:  Code Generation with Generated Tests},
author={Bei Chen and Fengji Zhang and Anh Nguyen and Daoguang Zan and Zeqi Lin and Jian-Guang Lou and Weizhu Chen},
booktitle={The Eleventh International Conference on Learning Representations },
year={2023},
url={https://openreview.net/forum?id=ktrw68Cmu9c}
}

@article{zhang2024codedpo,
  title={CodeDPO: Aligning Code Models with Self Generated and Verified Source Code},
  author={Zhang, Kechi and Li, Ge and Dong, Yihong and Xu, Jingjing and Zhang, Jun and Su, Jing and Liu, Yongfei and Jin, Zhi},
  journal={arXiv preprint arXiv:2410.05605},
  year={2024}
}



@article{jain2024livecodebench,
  title={Livecodebench: Holistic and contamination free evaluation of large language models for code},
  author={Jain, Naman and Han, King and Gu, Alex and Li, Wen-Ding and Yan, Fanjia and Zhang, Tianjun and Wang, Sida and Solar-Lezama, Armando and Sen, Koushik and Stoica, Ion},
  journal={arXiv preprint arXiv:2403.07974},
  year={2024}
}

@article{quan2025codeelo,
  title={CodeElo: Benchmarking Competition-level Code Generation of LLMs with Human-comparable Elo Ratings},
  author={Quan, Shanghaoran and Yang, Jiaxi and Yu, Bowen and Zheng, Bo and Liu, Dayiheng and Yang, An and Ren, Xuancheng and Gao, Bofei and Miao, Yibo and Feng, Yunlong and others},
  journal={arXiv preprint arXiv:2501.01257},
  year={2025}
}


@article{elo1978rating,
  title={The rating of chessplayers: Past and present},
  author={Elo, Arpad E and Sloan, Sam},
  journal={(No Title)},
  year={1978}
}


@article{wang2025critique,
  title={Critique Fine-Tuning: Learning to Critique is More Effective than Learning to Imitate},
  author={Wang, Yubo and Yue, Xiang and Chen, Wenhu},
  journal={arXiv preprint arXiv:2501.17703},
  year={2025}
}


@article{cassano2022multipl,
  title={Multipl-e: A scalable and extensible approach to benchmarking neural code generation},
  author={Cassano, Federico and Gouwar, John and Nguyen, Daniel and Nguyen, Sydney and Phipps-Costin, Luna and Pinckney, Donald and Yee, Ming-Ho and Zi, Yangtian and Anderson, Carolyn Jane and Feldman, Molly Q and others},
  journal={arXiv preprint arXiv:2208.08227},
  year={2022}
}


@inproceedings{
rafailov2023direct,
title={Direct Preference Optimization: Your Language Model is Secretly a Reward Model},
author={Rafael Rafailov and Archit Sharma and Eric Mitchell and Christopher D Manning and Stefano Ermon and Chelsea Finn},
booktitle={Thirty-seventh Conference on Neural Information Processing Systems},
year={2023},
url={https://openreview.net/forum?id=HPuSIXJaa9}
}


@inproceedings{
yuan2024selfrewarding,
title={Self-Rewarding Language Models},
author={Weizhe Yuan and Richard Yuanzhe Pang and Kyunghyun Cho and Xian Li and Sainbayar Sukhbaatar and Jing Xu and Jason E Weston},
booktitle={Forty-first International Conference on Machine Learning},
year={2024},
url={https://openreview.net/forum?id=0NphYCmgua}
}


@misc{feng2024analyzingunderstandinglimitationsdpo,
      title={Towards Analyzing and Understanding the Limitations of DPO: A Theoretical Perspective}, 
      author={Duanyu Feng and Bowen Qin and Chen Huang and Zheng Zhang and Wenqiang Lei},
      year={2024},
      eprint={2404.04626},
      archivePrefix={arXiv},
      primaryClass={cs.CL},
      url={https://arxiv.org/abs/2404.04626}, 
}


@article{pal2024smaug,
  title={Smaug: Fixing Failure Modes of Preference Optimisation with DPO-Positive},
  author={Pal, Arka and Karkhanis, Deep and Dooley, Samuel and Roberts, Manley and Naidu, Siddartha and White, Colin},
  journal={arXiv preprint arXiv:2402.13228},
  year={2024}
}




@inproceedings{hong-etal-2024-orpo,
    title = "{ORPO}: Monolithic Preference Optimization without Reference Model",
    author = "Hong, Jiwoo  and
      Lee, Noah  and
      Thorne, James",
    editor = "Al-Onaizan, Yaser  and
      Bansal, Mohit  and
      Chen, Yun-Nung",
    booktitle = "Proceedings of the 2024 Conference on Empirical Methods in Natural Language Processing",
    month = nov,
    year = "2024",
    address = "Miami, Florida, USA",
    publisher = "Association for Computational Linguistics",
    url = "https://aclanthology.org/2024.emnlp-main.626/",
    doi = "10.18653/v1/2024.emnlp-main.626",
    pages = "11170--11189"
}


@article{huang2023agentcoder,
  title={Agentcoder: Multi-agent-based code generation with iterative testing and optimisation},
  author={Huang, Dong and Bu, Qingwen and Zhang, Jie M and Luck, Michael and Cui, Heming},
  journal={arXiv preprint arXiv:2312.13010},
  year={2023}
}

@inproceedings{
chen2024teaching,
title={Teaching Large Language Models to Self-Debug},
author={Xinyun Chen and Maxwell Lin and Nathanael Sch{\"a}rli and Denny Zhou},
booktitle={The Twelfth International Conference on Learning Representations},
year={2024},
url={https://openreview.net/forum?id=KuPixIqPiq}
}


@inproceedings{zhong-etal-2024-debug,
    title = "Debug like a Human: A Large Language Model Debugger via Verifying Runtime Execution Step by Step",
    author = "Zhong, Li  and
      Wang, Zilong  and
      Shang, Jingbo",
    editor = "Ku, Lun-Wei  and
      Martins, Andre  and
      Srikumar, Vivek",
    booktitle = "Findings of the Association for Computational Linguistics: ACL 2024",
    month = aug,
    year = "2024",
    address = "Bangkok, Thailand",
    publisher = "Association for Computational Linguistics",
    url = "https://aclanthology.org/2024.findings-acl.49/",
    doi = "10.18653/v1/2024.findings-acl.49",
    pages = "851--870"
}

@inproceedings{
madaan2023selfrefine,
title={Self-Refine: Iterative Refinement with Self-Feedback},
author={Aman Madaan and Niket Tandon and Prakhar Gupta and Skyler Hallinan and Luyu Gao and Sarah Wiegreffe and Uri Alon and Nouha Dziri and Shrimai Prabhumoye and Yiming Yang and Shashank Gupta and Bodhisattwa Prasad Majumder and Katherine Hermann and Sean Welleck and Amir Yazdanbakhsh and Peter Clark},
booktitle={Thirty-seventh Conference on Neural Information Processing Systems},
year={2023},
url={https://openreview.net/forum?id=S37hOerQLB}
}



@inproceedings{wang-etal-2024-code,
    title = "How Do Your Code {LLM}s perform? Empowering Code Instruction Tuning with Really Good Data",
    author = "Wang, Yejie  and
      He, Keqing  and
      Fu, Dayuan  and
      GongQue, Zhuoma  and
      Xu, Heyang  and
      Chen, Yanxu  and
      Wang, Zhexu  and
      Fu, Yujia  and
      Dong, Guanting  and
      Diao, Muxi  and
      Wang, Jingang  and
      Zhang, Mengdi  and
      Cai, Xunliang  and
      Xu, Weiran",
    editor = "Al-Onaizan, Yaser  and
      Bansal, Mohit  and
      Chen, Yun-Nung",
    booktitle = "Proceedings of the 2024 Conference on Empirical Methods in Natural Language Processing",
    month = nov,
    year = "2024",
    address = "Miami, Florida, USA",
    publisher = "Association for Computational Linguistics",
    url = "https://aclanthology.org/2024.emnlp-main.777/",
    doi = "10.18653/v1/2024.emnlp-main.777",
    pages = "14027--14043"
}


@inproceedings{
dong2024self,
title={Self-Boosting Large Language Models with  Synthetic Preference Data},
author={Qingxiu Dong and Li Dong and Xingxing Zhang and Zhifang Sui and Furu Wei},
booktitle={The Thirteenth International Conference on Learning Representations},
year={2025},
url={https://openreview.net/forum?id=7visV100Ms}
}


@InProceedings{pmlr-v162-zhong22a,
  title = 	 {Describing Differences between Text Distributions with Natural Language},
  author =       {Zhong, Ruiqi and Snell, Charlie and Klein, Dan and Steinhardt, Jacob},
  booktitle = 	 {Proceedings of the 39th International Conference on Machine Learning},
  pages = 	 {27099--27116},
  year = 	 {2022},
  editor = 	 {Chaudhuri, Kamalika and Jegelka, Stefanie and Song, Le and Szepesvari, Csaba and Niu, Gang and Sabato, Sivan},
  volume = 	 {162},
  series = 	 {Proceedings of Machine Learning Research},
  month = 	 {17--23 Jul},
  publisher =    {PMLR},
  pdf = 	 {https://proceedings.mlr.press/v162/zhong22a/zhong22a.pdf},
  url = 	 {https://proceedings.mlr.press/v162/zhong22a.html}}



@article{chen2021evaluating,
  title={Evaluating large language models trained on code},
  author={Chen, Mark and Tworek, Jerry and Jun, Heewoo and Yuan, Qiming and Pinto, Henrique Ponde De Oliveira and Kaplan, Jared and Edwards, Harri and Burda, Yuri and Joseph, Nicholas and Brockman, Greg and others},
  journal={arXiv preprint arXiv:2107.03374},
  year={2021}
}

@article{gulwani2017program,
  title={Program synthesis},
  author={Gulwani, Sumit and Polozov, Oleksandr and Singh, Rishabh and others},
  journal={Foundations and Trends{\textregistered} in Programming Languages},
  volume={4},
  number={1-2},
  pages={1--119},
  year={2017},
  publisher={Now Publishers, Inc.}
}


@article{guo2024deepseek,
  title={DeepSeek-Coder: When the Large Language Model Meets Programming--The Rise of Code Intelligence},
  author={Guo, Daya and Zhu, Qihao and Yang, Dejian and Xie, Zhenda and Dong, Kai and Zhang, Wentao and Chen, Guanting and Bi, Xiao and Wu, Yu and Li, YK and others},
  journal={arXiv preprint arXiv:2401.14196},
  year={2024}
}

@article{hui2024qwen2,
  title={Qwen2.5-Coder Technical Report},
  author={Hui, Binyuan and Yang, Jian and Cui, Zeyu and Yang, Jiaxi and Liu, Dayiheng and Zhang, Lei and Liu, Tianyu and Zhang, Jiajun and Yu, Bowen and Dang, Kai and others},
  journal={arXiv preprint arXiv:2409.12186},
  year={2024}
}

@article{roziere2023code,
  title={Code llama: Open foundation models for code},
  author={Roziere, Baptiste and Gehring, Jonas and Gloeckle, Fabian and Sootla, Sten and Gat, Itai and Tan, Xiaoqing Ellen and Adi, Yossi and Liu, Jingyu and Sauvestre, Romain and Remez, Tal and others},
  journal={arXiv preprint arXiv:2308.12950},
  year={2023}
}


@article{wei2021finetuned,
  title={Finetuned language models are zero-shot learners},
  author={Wei, Jason and Bosma, Maarten and Zhao, Vincent Y and Guu, Kelvin and Yu, Adams Wei and Lester, Brian and Du, Nan and Dai, Andrew M and Le, Quoc V},
  journal={arXiv preprint arXiv:2109.01652},
  year={2021}
}

@misc{codealpaca,
  author = {Sahil Chaudhary},
  title = {Code Alpaca: An Instruction-following LLaMA model for code generation},
  year = {2023},
  publisher = {GitHub},
  journal = {GitHub repository},
  howpublished = {\url{https://github.com/sahil280114/codealpaca}},
}


@inproceedings{wang-etal-2023-self-instruct,
    title = "Self-Instruct: Aligning Language Models with Self-Generated Instructions",
    author = "Wang, Yizhong  and
      Kordi, Yeganeh  and
      Mishra, Swaroop  and
      Liu, Alisa  and
      Smith, Noah A.  and
      Khashabi, Daniel  and
      Hajishirzi, Hannaneh",
    editor = "Rogers, Anna  and
      Boyd-Graber, Jordan  and
      Okazaki, Naoaki",
    booktitle = "Proceedings of the 61st Annual Meeting of the Association for Computational Linguistics (Volume 1: Long Papers)",
    month = jul,
    year = "2023",
    address = "Toronto, Canada",
    publisher = "Association for Computational Linguistics",
    url = "https://aclanthology.org/2023.acl-long.754/",
    doi = "10.18653/v1/2023.acl-long.754",
    pages = "13484--13508"
}

@article{touvron2023llama,
  title={Llama: Open and efficient foundation language models},
  author={Touvron, Hugo and Lavril, Thibaut and Izacard, Gautier and Martinet, Xavier and Lachaux, Marie-Anne and Lacroix, Timoth{\'e}e and Rozi{\`e}re, Baptiste and Goyal, Naman and Hambro, Eric and Azhar, Faisal and others},
  journal={arXiv preprint arXiv:2302.13971},
  year={2023}
}

@inproceedings{
luo2024wizardcoder,
title={WizardCoder: Empowering Code Large Language Models with Evol-Instruct},
author={Ziyang Luo and Can Xu and Pu Zhao and Qingfeng Sun and Xiubo Geng and Wenxiang Hu and Chongyang Tao and Jing Ma and Qingwei Lin and Daxin Jiang},
booktitle={The Twelfth International Conference on Learning Representations},
year={2024},
url={https://openreview.net/forum?id=UnUwSIgK5W}
}


@inproceedings{
xu2024wizardlm,
title={Wizard{LM}: Empowering Large Pre-Trained Language Models to Follow Complex Instructions},
author={Can Xu and Qingfeng Sun and Kai Zheng and Xiubo Geng and Pu Zhao and Jiazhan Feng and Chongyang Tao and Qingwei Lin and Daxin Jiang},
booktitle={The Twelfth International Conference on Learning Representations},
year={2024},
url={https://openreview.net/forum?id=CfXh93NDgH}
}


@article{kocetkov2022stack,
  title={The stack: 3 tb of permissively licensed source code},
  author={Kocetkov, Denis and Li, Raymond and Allal, Loubna Ben and Li, Jia and Mou, Chenghao and Ferrandis, Carlos Mu{\~n}oz and Jernite, Yacine and Mitchell, Margaret and Hughes, Sean and Wolf, Thomas and others},
  journal={arXiv preprint arXiv:2211.15533},
  year={2022}
}

@inproceedings{
wei2024magicoder,
title={Magicoder: Empowering Code Generation with {OSS}-Instruct},
author={Yuxiang Wei and Zhe Wang and Jiawei Liu and Yifeng Ding and LINGMING ZHANG},
booktitle={Forty-first International Conference on Machine Learning},
year={2024},
url={https://openreview.net/forum?id=XUeoOBid3x}
}


@inproceedings{yu-etal-2024-wavecoder,
    title = "{W}ave{C}oder: Widespread And Versatile Enhancement For Code Large Language Models By Instruction Tuning",
    author = "Yu, Zhaojian  and
      Zhang, Xin  and
      Shang, Ning  and
      Huang, Yangyu  and
      Xu, Can  and
      Zhao, Yishujie  and
      Hu, Wenxiang  and
      Yin, Qiufeng",
    editor = "Ku, Lun-Wei  and
      Martins, Andre  and
      Srikumar, Vivek",
    booktitle = "Proceedings of the 62nd Annual Meeting of the Association for Computational Linguistics (Volume 1: Long Papers)",
    month = aug,
    year = "2024",
    address = "Bangkok, Thailand",
    publisher = "Association for Computational Linguistics",
    url = "https://aclanthology.org/2024.acl-long.280/",
    doi = "10.18653/v1/2024.acl-long.280",
    pages = "5140--5153"
}





@inproceedings{zheng-etal-2024-opencodeinterpreter,
    title = "{O}pen{C}ode{I}nterpreter: Integrating Code Generation with Execution and Refinement",
    author = "Zheng, Tianyu  and
      Zhang, Ge  and
      Shen, Tianhao  and
      Liu, Xueling  and
      Lin, Bill Yuchen  and
      Fu, Jie  and
      Chen, Wenhu  and
      Yue, Xiang",
    editor = "Ku, Lun-Wei  and
      Martins, Andre  and
      Srikumar, Vivek",
    booktitle = "Findings of the Association for Computational Linguistics: ACL 2024",
    month = aug,
    year = "2024",
    address = "Bangkok, Thailand",
    publisher = "Association for Computational Linguistics",
    url = "https://aclanthology.org/2024.findings-acl.762/",
    doi = "10.18653/v1/2024.findings-acl.762",
    pages = "12834--12859"
}


@article{kumar2024training,
  title={Training language models to self-correct via reinforcement learning},
  author={Kumar, Aviral and Zhuang, Vincent and Agarwal, Rishabh and Su, Yi and Co-Reyes, John D and Singh, Avi and Baumli, Kate and Iqbal, Shariq and Bishop, Colton and Roelofs, Rebecca and others},
  journal={arXiv preprint arXiv:2409.12917},
  year={2024}
}



@article{kim2024aligning,
  title={Aligning Large Language Models with Self-generated Preference Data},
  author={Kim, Dongyoung and Lee, Kimin and Shin, Jinwoo and Kim, Jaehyung},
  journal={arXiv preprint arXiv:2406.04412},
  year={2024}
}


@article{team2023gemini,
  title={Gemini: a family of highly capable multimodal models},
  author={Team, Gemini and Anil, Rohan and Borgeaud, Sebastian and Alayrac, Jean-Baptiste and Yu, Jiahui and Soricut, Radu and Schalkwyk, Johan and Dai, Andrew M and Hauth, Anja and Millican, Katie and others},
  journal={arXiv preprint arXiv:2312.11805},
  year={2023}
}

@article{achiam2023gpt,
  title={Gpt-4 technical report},
  author={Achiam, Josh and Adler, Steven and Agarwal, Sandhini and Ahmad, Lama and Akkaya, Ilge and Aleman, Florencia Leoni and Almeida, Diogo and Altenschmidt, Janko and Altman, Sam and Anadkat, Shyamal and others},
  journal={arXiv preprint arXiv:2303.08774},
  year={2023}
}


@inproceedings{
anonymous2024longpo,
title={Long{PO}: Long Context Self-Evolution of Large Language Models through Short-to-Long Preference Optimization},
author={Anonymous},
booktitle={Submitted to The Thirteenth International Conference on Learning Representations},
year={2024},
url={https://openreview.net/forum?id=qTrEq31Shm},
note={under review}
}


@article{tao2024codelutra,
  title={CodeLutra: Boosting LLM Code Generation via Preference-Guided Refinement},
  author={Tao, Leitian and Chen, Xiang and Yu, Tong and Mai, Tung and Rossi, Ryan and Li, Yixuan and Mitra, Saayan},
  journal={arXiv preprint arXiv:2411.05199},
  year={2024}
}

@article{wang2024self,
  title={Self-Evolutionary Large Language Models through Uncertainty-Enhanced Preference Optimization},
  author={Wang, Jianing and Zhou, Yang and Zhang, Xiaocheng and Bao, Mengjiao and Yan, Peng},
  journal={arXiv preprint arXiv:2409.11212},
  year={2024}
}


@article{wu2024self,
  title={Self-play preference optimization for language model alignment},
  author={Wu, Yue and Sun, Zhiqing and Yuan, Huizhuo and Ji, Kaixuan and Yang, Yiming and Gu, Quanquan},
  journal={arXiv preprint arXiv:2405.00675},
  year={2024}
}


@misc{zhang2024unifyingpe,
      title={Unifying the Perspectives of NLP and Software Engineering: A Survey on Language Models for Code}, 
      author={Ziyin Zhang and Chaoyu Chen and Bingchang Liu and Cong Liao and Zi Gong and Hang Yu and Jianguo Li and Rui Wang},
      year={2024},
      eprint={2311.07989},
      archivePrefix={arXiv},
      primaryClass={cs.CL},
      url={https://arxiv.org/abs/2311.07989}, 
}

@article{li2024llmasajudge,
      title   = {From Generation to Judgment: Opportunities and Challenges of LLM-as-a-judge},
      author  = {Dawei Li and Bohan Jiang and Liangjie Huang and Alimohammad Beigi and Chengshuai Zhao and Zhen Tan and Amrita Bhattacharjee and Yuxuan Jiang and Canyu Chen and Tianhao Wu and Kai Shu and Lu Cheng and Huan Liu},
      year    = {2024},
      journal = {arXiv preprint arXiv: 2411.16594}
    }


@misc{austin2021programsynthesislargelanguage,
      title={Program Synthesis with Large Language Models}, 
      author={Jacob Austin and Augustus Odena and Maxwell Nye and Maarten Bosma and Henryk Michalewski and David Dohan and Ellen Jiang and Carrie Cai and Michael Terry and Quoc Le and Charles Sutton},
      year={2021},
      eprint={2108.07732},
      archivePrefix={arXiv},
      primaryClass={cs.PL},
      url={https://arxiv.org/abs/2108.07732}, 
}



@inproceedings{
liu2023is,
title={Is Your Code Generated by Chat{GPT} Really Correct? Rigorous Evaluation of Large Language Models for Code Generation},
author={Jiawei Liu and Chunqiu Steven Xia and Yuyao Wang and LINGMING ZHANG},
booktitle={Thirty-seventh Conference on Neural Information Processing Systems},
year={2023},
url={https://openreview.net/forum?id=1qvx610Cu7}
}


@article{zhuo2024bigcodebench,
  title={BigCodeBench: Benchmarking Code Generation with Diverse Function Calls and Complex Instructions},
  author={Zhuo, Terry Yue and Vu, Minh Chien and Chim, Jenny and Hu, Han and Yu, Wenhao and Widyasari, Ratnadira and Yusuf, Imam Nur Bani and Zhan, Haolan and He, Junda and Paul, Indraneil and others},
  journal={arXiv preprint arXiv:2406.15877},
  year={2024}
}


@misc{o1-blog,
  author = {OpenAI},
  title = {Learning to reason with LLMs},
  year = {2024},
  howpublished = {\url{https://openai.com/index/learning-to-reason-with-llms/}}
}


@misc{gpt4o-blog,
  author = {OpenAI},
  title = {Hello GPT-4o},
  year = {2024},
  howpublished = {\url{https://openai.com/index/hello-gpt-4o/}}
}

@misc{gemini-blog,
  author = {Google},
  title = {Gemini},
  year = {2024},
  howpublished = {\url{https://deepmind.google/technologies/gemini/}}
}

@misc{claude3p5-blog,
  author = {Anthropic},
  title = {Introducing computer use, a new Claude 3.5 Sonnet, and Claude 3.5 Haiku},
  year = {2024},
  howpublished = {\url{https://www.anthropic.com/news/3-5-models-and-computer-use}}
}







@misc{wu2024inversecoders,
      title={InverseCoder: Self-improving Instruction-Tuned Code LLMs with Inverse-Instruct}, 
      author={Yutong Wu and Di Huang and Wenxuan Shi and Wei Wang and Lingzhe Gao and Shihao Liu and Ziyuan Nan and Kaizhao Yuan and Rui Zhang and Xishan Zhang and Zidong Du and Qi Guo and Yewen Pu and Dawei Yin and Xing Hu and Yunji Chen},
      year={2024},
      eprint={2407.05700},
      archivePrefix={arXiv},
      primaryClass={cs.CL},
      url={https://arxiv.org/abs/2407.05700}, 
}



@misc{deepseekai2024deepseekv3technicalreport,
      title={DeepSeek-V3 Technical Report}, 
      author={DeepSeek-AI},
      year={2024},
      eprint={2412.19437},
      archivePrefix={arXiv},
      primaryClass={cs.CL},
      url={https://arxiv.org/abs/2412.19437}, 
}

@misc{grattafiori2024llama3herdmodels,
      title={The Llama 3 Herd of Models}, 
      author={Aaron Grattafiori and Abhimanyu Dubey and Abhinav Jauhri and Abhinav Pandey and Abhishek Kadian and Ahmad Al-Dahle and Aiesha Letman and Akhil Mathur and Alan Schelten and Alex Vaughan and et al.},
      year={2024},
      eprint={2407.21783},
      archivePrefix={arXiv},
      primaryClass={cs.AI},
      url={https://arxiv.org/abs/2407.21783}, 
}


@inproceedings{
wei2024selfcodealign,
title={SelfCodeAlign: Self-Alignment for Code Generation},
author={Yuxiang Wei and Federico Cassano and Jiawei Liu and Yifeng Ding and Naman Jain and Zachary Mueller and Harm de Vries and Leandro Von Werra and Arjun Guha and LINGMING ZHANG},
booktitle={The Thirty-eighth Annual Conference on Neural Information Processing Systems},
year={2024},
url={https://openreview.net/forum?id=xXRnUU7xTL}
}

@inproceedings{zheng2024llamafactory,
  title={LlamaFactory: Unified Efficient Fine-Tuning of 100+ Language Models},
  author={Yaowei Zheng and Richong Zhang and Junhao Zhang and Yanhan Ye and Zheyan Luo and Zhangchi Feng and Yongqiang Ma},
  booktitle={Proceedings of the 62nd Annual Meeting of the Association for Computational Linguistics (Volume 3: System Demonstrations)},
  address={Bangkok, Thailand},
  publisher={Association for Computational Linguistics},
  year={2024},
  url={http://arxiv.org/abs/2403.13372}
}



@misc{chen2025revisitselfdebuggingselfgeneratedtests,
      title={Revisit Self-Debugging with Self-Generated Tests for Code Generation}, 
      author={Xiancai Chen and Zhengwei Tao and Kechi Zhang and Changzhi Zhou and Wanli Gu and Yuanpeng He and Mengdi Zhang and Xunliang Cai and Haiyan Zhao and Zhi Jin},
      year={2025},
      eprint={2501.12793},
      archivePrefix={arXiv},
      primaryClass={cs.SE},
      url={https://arxiv.org/abs/2501.12793}, 
}



@misc{2025deepseekr1,
      title={DeepSeek-R1: Incentivizing Reasoning Capability in LLMs via Reinforcement Learning}, 
      author={DeepSeek-AI},
      year={2025},
      eprint={2501.12948},
      archivePrefix={arXiv},
      primaryClass={cs.CL},
      url={https://arxiv.org/abs/2501.12948}, 
}




@inproceedings{
kim2025spread,
title={Spread Preference Annotation: Direct Preference Judgment for Efficient {LLM} Alignment},
author={Dongyoung Kim and Jaehyung Kim and Kimin Lee and Jinwoo Shin},
booktitle={The Thirteenth International Conference on Learning Representations},
year={2025},
url={https://openreview.net/forum?id=BPgK5XW1Nb}
}


@inproceedings{huang-etal-2023-large,
    title = "Large Language Models Can Self-Improve",
    author = "Huang, Jiaxin  and
      Gu, Shixiang  and
      Hou, Le  and
      Wu, Yuexin  and
      Wang, Xuezhi  and
      Yu, Hongkun  and
      Han, Jiawei",
    editor = "Bouamor, Houda  and
      Pino, Juan  and
      Bali, Kalika",
    booktitle = "Proceedings of the 2023 Conference on Empirical Methods in Natural Language Processing",
    month = dec,
    year = "2023",
    address = "Singapore",
    publisher = "Association for Computational Linguistics",
    url = "https://aclanthology.org/2023.emnlp-main.67/",
    doi = "10.18653/v1/2023.emnlp-main.67",
    pages = "1051--1068"
}



@inproceedings{hu-etal-2024-teaching,
    title = "Teaching Language Models to Self-Improve by Learning from Language Feedback",
    author = "Hu, Chi  and
      Hu, Yimin  and
      Cao, Hang  and
      Xiao, Tong  and
      Zhu, JingBo",
    editor = "Ku, Lun-Wei  and
      Martins, Andre  and
      Srikumar, Vivek",
    booktitle = "Findings of the Association for Computational Linguistics: ACL 2024",
    month = aug,
    year = "2024",
    address = "Bangkok, Thailand",
    publisher = "Association for Computational Linguistics",
    url = "https://aclanthology.org/2024.findings-acl.364/",
    doi = "10.18653/v1/2024.findings-acl.364",
    pages = "6090--6101"
}



@misc{wang2024selftaughtevaluators,
      title={Self-Taught Evaluators}, 
      author={Tianlu Wang and Ilia Kulikov and Olga Golovneva and Ping Yu and Weizhe Yuan and Jane Dwivedi-Yu and Richard Yuanzhe Pang and Maryam Fazel-Zarandi and Jason Weston and Xian Li},
      year={2024},
      eprint={2408.02666},
      archivePrefix={arXiv},
      primaryClass={cs.CL},
      url={https://arxiv.org/abs/2408.02666}, 
}



@inproceedings{
zelikman2022star,
title={{ST}aR: Bootstrapping Reasoning With Reasoning},
author={Eric Zelikman and Yuhuai Wu and Jesse Mu and Noah Goodman},
booktitle={Advances in Neural Information Processing Systems},
editor={Alice H. Oh and Alekh Agarwal and Danielle Belgrave and Kyunghyun Cho},
year={2022},
url={https://openreview.net/forum?id=_3ELRdg2sgI}
}