@misc{2025deepseekr1,
      title={DeepSeek-R1: Incentivizing Reasoning Capability in LLMs via Reinforcement Learning}, 
      author={DeepSeek-AI},
      year={2025},
      eprint={2501.12948},
      archivePrefix={arXiv},
      primaryClass={cs.CL},
      url={https://arxiv.org/abs/2501.12948}, 
}

@misc{claude3p5-blog,
  author = {Anthropic},
  title = {Introducing computer use, a new Claude 3.5 Sonnet, and Claude 3.5 Haiku},
  year = {2024},
  howpublished = {\url{https://www.anthropic.com/news/3-5-models-and-computer-use}}
}

@misc{codealpaca,
  author = {Sahil Chaudhary},
  title = {Code Alpaca: An Instruction-following LLaMA model for code generation},
  year = {2023},
  publisher = {GitHub},
  journal = {GitHub repository},
  howpublished = {\url{https://github.com/sahil280114/codealpaca}},
}

@misc{gemini-blog,
  author = {Google},
  title = {Gemini},
  year = {2024},
  howpublished = {\url{https://deepmind.google/technologies/gemini/}}
}

@misc{gpt4o-blog,
  author = {OpenAI},
  title = {Hello GPT-4o},
  year = {2024},
  howpublished = {\url{https://openai.com/index/hello-gpt-4o/}}
}

@article{guo2024deepseek,
  title={DeepSeek-Coder: When the Large Language Model Meets Programming--The Rise of Code Intelligence},
  author={Guo, Daya and Zhu, Qihao and Yang, Dejian and Xie, Zhenda and Dong, Kai and Zhang, Wentao and Chen, Guanting and Bi, Xiao and Wu, Yu and Li, YK and others},
  journal={arXiv preprint arXiv:2401.14196},
  year={2024}
}

@inproceedings{hu-etal-2024-teaching,
    title = "Teaching Language Models to Self-Improve by Learning from Language Feedback",
    author = "Hu, Chi  and
      Hu, Yimin  and
      Cao, Hang  and
      Xiao, Tong  and
      Zhu, JingBo",
    editor = "Ku, Lun-Wei  and
      Martins, Andre  and
      Srikumar, Vivek",
    booktitle = "Findings of the Association for Computational Linguistics: ACL 2024",
    month = aug,
    year = "2024",
    address = "Bangkok, Thailand",
    publisher = "Association for Computational Linguistics",
    url = "https://aclanthology.org/2024.findings-acl.364/",
    doi = "10.18653/v1/2024.findings-acl.364",
    pages = "6090--6101"
}

@inproceedings{huang-etal-2023-large,
    title = "Large Language Models Can Self-Improve",
    author = "Huang, Jiaxin  and
      Gu, Shixiang  and
      Hou, Le  and
      Wu, Yuexin  and
      Wang, Xuezhi  and
      Yu, Hongkun  and
      Han, Jiawei",
    editor = "Bouamor, Houda  and
      Pino, Juan  and
      Bali, Kalika",
    booktitle = "Proceedings of the 2023 Conference on Empirical Methods in Natural Language Processing",
    month = dec,
    year = "2023",
    address = "Singapore",
    publisher = "Association for Computational Linguistics",
    url = "https://aclanthology.org/2023.emnlp-main.67/",
    doi = "10.18653/v1/2023.emnlp-main.67",
    pages = "1051--1068"
}

@article{hui2024qwen2,
  title={Qwen2.5-Coder Technical Report},
  author={Hui, Binyuan and Yang, Jian and Cui, Zeyu and Yang, Jiaxi and Liu, Dayiheng and Zhang, Lei and Liu, Tianyu and Zhang, Jiajun and Yu, Bowen and Dang, Kai and others},
  journal={arXiv preprint arXiv:2409.12186},
  year={2024}
}

@misc{o1-blog,
  author = {OpenAI},
  title = {Learning to reason with LLMs},
  year = {2024},
  howpublished = {\url{https://openai.com/index/learning-to-reason-with-llms/}}
}

@article{tao2024codelutra,
  title={CodeLutra: Boosting LLM Code Generation via Preference-Guided Refinement},
  author={Tao, Leitian and Chen, Xiang and Yu, Tong and Mai, Tung and Rossi, Ryan and Li, Yixuan and Mitra, Saayan},
  journal={arXiv preprint arXiv:2411.05199},
  year={2024}
}

@inproceedings{wang-etal-2023-self-instruct,
    title = "Self-Instruct: Aligning Language Models with Self-Generated Instructions",
    author = "Wang, Yizhong  and
      Kordi, Yeganeh  and
      Mishra, Swaroop  and
      Liu, Alisa  and
      Smith, Noah A.  and
      Khashabi, Daniel  and
      Hajishirzi, Hannaneh",
    editor = "Rogers, Anna  and
      Boyd-Graber, Jordan  and
      Okazaki, Naoaki",
    booktitle = "Proceedings of the 61st Annual Meeting of the Association for Computational Linguistics (Volume 1: Long Papers)",
    month = jul,
    year = "2023",
    address = "Toronto, Canada",
    publisher = "Association for Computational Linguistics",
    url = "https://aclanthology.org/2023.acl-long.754/",
    doi = "10.18653/v1/2023.acl-long.754",
    pages = "13484--13508"
}

@misc{wu2024inversecoders,
      title={InverseCoder: Self-improving Instruction-Tuned Code LLMs with Inverse-Instruct}, 
      author={Yutong Wu and Di Huang and Wenxuan Shi and Wei Wang and Lingzhe Gao and Shihao Liu and Ziyuan Nan and Kaizhao Yuan and Rui Zhang and Xishan Zhang and Zidong Du and Qi Guo and Yewen Pu and Dawei Yin and Xing Hu and Yunji Chen},
      year={2024},
      eprint={2407.05700},
      archivePrefix={arXiv},
      primaryClass={cs.CL},
      url={https://arxiv.org/abs/2407.05700}, 
}

@inproceedings{yu-etal-2024-wavecoder,
    title = "{W}ave{C}oder: Widespread And Versatile Enhancement For Code Large Language Models By Instruction Tuning",
    author = "Yu, Zhaojian  and
      Zhang, Xin  and
      Shang, Ning  and
      Huang, Yangyu  and
      Xu, Can  and
      Zhao, Yishujie  and
      Hu, Wenxiang  and
      Yin, Qiufeng",
    editor = "Ku, Lun-Wei  and
      Martins, Andre  and
      Srikumar, Vivek",
    booktitle = "Proceedings of the 62nd Annual Meeting of the Association for Computational Linguistics (Volume 1: Long Papers)",
    month = aug,
    year = "2024",
    address = "Bangkok, Thailand",
    publisher = "Association for Computational Linguistics",
    url = "https://aclanthology.org/2024.acl-long.280/",
    doi = "10.18653/v1/2024.acl-long.280",
    pages = "5140--5153"
}

@inproceedings{zheng-etal-2024-opencodeinterpreter,
    title = "{O}pen{C}ode{I}nterpreter: Integrating Code Generation with Execution and Refinement",
    author = "Zheng, Tianyu  and
      Zhang, Ge  and
      Shen, Tianhao  and
      Liu, Xueling  and
      Lin, Bill Yuchen  and
      Fu, Jie  and
      Chen, Wenhu  and
      Yue, Xiang",
    editor = "Ku, Lun-Wei  and
      Martins, Andre  and
      Srikumar, Vivek",
    booktitle = "Findings of the Association for Computational Linguistics: ACL 2024",
    month = aug,
    year = "2024",
    address = "Bangkok, Thailand",
    publisher = "Association for Computational Linguistics",
    url = "https://aclanthology.org/2024.findings-acl.762/",
    doi = "10.18653/v1/2024.findings-acl.762",
    pages = "12834--12859"
}

@inproceedings{zhong-etal-2024-debug,
    title = "Debug like a Human: A Large Language Model Debugger via Verifying Runtime Execution Step by Step",
    author = "Zhong, Li  and
      Wang, Zilong  and
      Shang, Jingbo",
    editor = "Ku, Lun-Wei  and
      Martins, Andre  and
      Srikumar, Vivek",
    booktitle = "Findings of the Association for Computational Linguistics: ACL 2024",
    month = aug,
    year = "2024",
    address = "Bangkok, Thailand",
    publisher = "Association for Computational Linguistics",
    url = "https://aclanthology.org/2024.findings-acl.49/",
    doi = "10.18653/v1/2024.findings-acl.49",
    pages = "851--870"
}

