@article{connoly2021srprob,
author = {Connolly, Michael P. and Higham, Nicholas J. and Mary, Theo},
title = {Stochastic Rounding and Its Probabilistic Backward Error Analysis},
journal = {SIAM Journal on Scientific Computing},
volume = {43},
number = {1},
pages = {A566-A585},
year = {2021},
doi = {10.1137/20M1334796},

URL = { 
    
        https://doi.org/10.1137/20M1334796
    
    

},
eprint = { 
    
        https://doi.org/10.1137/20M1334796
    
    

}
}

@article{croci2022stochastic,
  title={Stochastic rounding: implementation, error analysis and applications},
  author={Croci, Matteo and Fasi, Massimiliano and Higham, Nicholas J and Mary, Theo and Mikaitis, Mantas},
  journal={Royal Society Open Science},
  volume={9},
  number={3},
  pages={211631},
  year={2022},
  publisher={The Royal Society}
}

@inproceedings{gupta2015deep,
  title={Deep learning with limited numerical precision},
  author={Gupta, Suyog and Agrawal, Ankur and Gopalakrishnan, Kailash and Narayanan, Pritish},
  booktitle={International conference on machine learning},
  pages={1737--1746},
  year={2015},
  organization={PMLR}
}

@misc{kahan1997mindless,
  author = {William Kahan},
  title = {How Futile are Mindless Assessments of Roundoff
in Floating-Point Computation ?},
  year = {2006},
  url = {https://people.eecs.berkeley.edu/~wkahan/Mindless.pdf},
  note = {Accessed: 2024-10-08}
}

@misc{kalamkar2019studybfloat16deeplearning,
      title={A Study of BFLOAT16 for Deep Learning Training}, 
      author={Dhiraj Kalamkar and Dheevatsa Mudigere and Naveen Mellempudi and Dipankar Das and Kunal Banerjee and Sasikanth Avancha and Dharma Teja Vooturi and Nataraj Jammalamadaka and Jianyu Huang and Hector Yuen and Jiyan Yang and Jongsoo Park and Alexander Heinecke and Evangelos Georganas and Sudarshan Srinivasan and Abhisek Kundu and Misha Smelyanskiy and Bharat Kaul and Pradeep Dubey},
      year={2019},
      eprint={1905.12322},
      archivePrefix={arXiv},
      primaryClass={cs.LG},
      url={https://arxiv.org/abs/1905.12322}, 
}

@article{li2017training,
  title={Training quantized nets: A deeper understanding},
  author={Li, Hao and De, Soham and Xu, Zheng and Studer, Christoph and Samet, Hanan and Goldstein, Tom},
  journal={Advances in Neural Information Processing Systems},
  volume={30},
  year={2017}
}

@misc{micikevicius2018mixedprecisiontraining,
      title={Mixed Precision Training}, 
      author={Paulius Micikevicius and Sharan Narang and Jonah Alben and Gregory Diamos and Erich Elsen and David Garcia and Boris Ginsburg and Michael Houston and Oleksii Kuchaiev and Ganesh Venkatesh and Hao Wu},
      year={2018},
      eprint={1710.03740},
      archivePrefix={arXiv},
      primaryClass={cs.AI},
      url={https://arxiv.org/abs/1710.03740}, 
}

@misc{rae2022scalinglanguagemodelsmethods,
      title={Scaling Language Models: Methods, Analysis \& Insights from Training Gopher}, 
      author={Rae et al.,Jack W. },
      year={2022},
      eprint={2112.11446},
      archivePrefix={arXiv},
      primaryClass={cs.CL},
      url={https://arxiv.org/abs/2112.11446}, 
}

@article{sun2019hybrid,
  title={Hybrid 8-bit floating point (HFP8) training and inference for deep neural networks},
  author={Sun, Xiao and Choi, Jungwook and Chen, Chia-Yu and Wang, Naigang and Venkataramani, Swagath and Srinivasan, Vijayalakshmi Viji and Cui, Xiaodong and Zhang, Wei and Gopalakrishnan, Kailash},
  journal={Advances in neural information processing systems},
  volume={32},
  year={2019}
}

@article{wang2018training,
  title={Training deep neural networks with 8-bit floating point numbers},
  author={Wang, Naigang and Choi, Jungwook and Brand, Daniel and Chen, Chia-Yu and Gopalakrishnan, Kailash},
  journal={Advances in neural information processing systems},
  volume={31},
  year={2018}
}

@misc{xia2023influencestochasticroundofferrors,
      title={On the influence of stochastic roundoff errors and their bias on the convergence of the gradient descent method with low-precision floating-point computation}, 
      author={Lu Xia and Stefano Massei and Michiel E. Hochstenbach and Barry Koren},
      year={2023},
      eprint={2202.12276},
      archivePrefix={arXiv},
      primaryClass={cs.LG},
      url={https://arxiv.org/abs/2202.12276}, 
}

@inproceedings{zaheer2018adaptive,
 author = {Zaheer, Manzil and Reddi, Sashank and Sachan, Devendra and Kale, Satyen and Kumar, Sanjiv},
 booktitle = {Advances in Neural Information Processing Systems},
 editor = {S. Bengio and H. Wallach and H. Larochelle and K. Grauman and N. Cesa-Bianchi and R. Garnett},
 pages = {},
 publisher = {Curran Associates, Inc.},
 title = {Adaptive Methods for Nonconvex Optimization},
 url = {https://proceedings.neurips.cc/paper_files/paper/2018/file/90365351ccc7437a1309dc64e4db32a3-Paper.pdf},
 volume = {31},
 year = {2018}
}

@misc{zamirai2021revisitingbfloat16training,
      title={Revisiting BFloat16 Training}, 
      author={Pedram Zamirai and Jian Zhang and Christopher R. Aberger and Christopher De Sa},
      year={2021},
      eprint={2010.06192},
      archivePrefix={arXiv},
      primaryClass={cs.LG},
      url={https://arxiv.org/abs/2010.06192}, 
}

