@misc{madaan2023selfrefineiterativerefinementselffeedback,
      title={Self-Refine: Iterative Refinement with Self-Feedback}, 
      author={Aman Madaan and Niket Tandon and Prakhar Gupta and Skyler Hallinan and Luyu Gao and Sarah Wiegreffe and Uri Alon and Nouha Dziri and Shrimai Prabhumoye and Yiming Yang and Shashank Gupta and Bodhisattwa Prasad Majumder and Katherine Hermann and Sean Welleck and Amir Yazdanbakhsh and Peter Clark},
      year={2023},
      eprint={2303.17651},
      archivePrefix={arXiv},
      primaryClass={cs.CL},
      url={https://arxiv.org/abs/2303.17651}, 
}

@book{kahneman2011thinking,
  title={Thinking, Fast and Slow},
  author={Kahneman, Daniel},
  year={2011},
  publisher={Farrar, Straus and Giroux},
  address={New York},
  isbn={9780374275631}
}


@misc{lambert2024rewardbenchevaluatingrewardmodels,
      title={RewardBench: Evaluating Reward Models for Language Modeling}, 
      author={Nathan Lambert and Valentina Pyatkin and Jacob Morrison and LJ Miranda and Bill Yuchen Lin and Khyathi Chandu and Nouha Dziri and Sachin Kumar and Tom Zick and Yejin Choi and Noah A. Smith and Hannaneh Hajishirzi},
      year={2024},
      eprint={2403.13787},
      archivePrefix={arXiv},
      primaryClass={cs.LG},
      url={https://arxiv.org/abs/2403.13787}, 
}

@article{liu2024skywork,
  title={Skywork-Reward: Bag of Tricks for Reward Modeling in LLMs},
  author={Liu, Chris Yuhao and Zeng, Liang and Liu, Jiacai and Yan, Rui and He, Jujie and Wang, Chaojie and Yan, Shuicheng and Liu, Yang and Zhou, Yahui},
  journal={arXiv preprint arXiv:2410.18451},
  year={2024}
}


@inproceedings{ArmoRM,
      title={Interpretable Preferences via Multi-Objective Reward Modeling and Mixture-of-Experts}, 
      author={Haoxiang Wang and Wei Xiong and Tengyang Xie and Han Zhao and Tong Zhang},
      booktitle={EMNLP},
      year={2024}
}


@misc{axolotl,
  author = {Axolotl},
  title = {Axolotl: Open Source Fine-Tuning},
  year = {2025},
  url = {https://github.com/axolotl-ai-cloud/axolotl},
  note = {Accessed: 2025-01-30}
}

@misc{vonwerra2022trl,
  author = {Leandro von Werra and Younes Belkada and Lewis Tunstall and Edward Beeching and Tristan Thrush and Nathan Lambert and Shengyi Huang and Kashif Rasul and Quentin Gallouédec},
  title = {TRL: Transformer Reinforcement Learning},
  year = {2020},
  publisher = {GitHub},
  journal = {GitHub repository},
  howpublished = {\url{https://github.com/huggingface/trl}}
}

@misc{loshchilov2019decoupledweightdecayregularization,
      title={Decoupled Weight Decay Regularization}, 
      author={Ilya Loshchilov and Frank Hutter},
      year={2019},
      eprint={1711.05101},
      archivePrefix={arXiv},
      primaryClass={cs.LG},
      url={https://arxiv.org/abs/1711.05101}, 
}

@article{kingma2014adam,
  title={Adam: A Method for Stochastic Optimization},
  author={Kingma, Diederik P. and Ba, Jimmy},
  journal={arXiv preprint arXiv:1412.6980},
  year={2014},
  url={https://arxiv.org/abs/1412.6980}
}


@misc{chiang2024chatbotarenaopenplatform,
      title={Chatbot Arena: An Open Platform for Evaluating LLMs by Human Preference}, 
      author={Wei-Lin Chiang and Lianmin Zheng and Ying Sheng and Anastasios Nikolas Angelopoulos and Tianle Li and Dacheng Li and Hao Zhang and Banghua Zhu and Michael Jordan and Joseph E. Gonzalez and Ion Stoica},
      year={2024},
      eprint={2403.04132},
      archivePrefix={arXiv},
      primaryClass={cs.AI},
      url={https://arxiv.org/abs/2403.04132}, 
}

@misc{zhao2024wildchat1mchatgptinteraction,
      title={WildChat: 1M ChatGPT Interaction Logs in the Wild}, 
      author={Wenting Zhao and Xiang Ren and Jack Hessel and Claire Cardie and Yejin Choi and Yuntian Deng},
      year={2024},
      eprint={2405.01470},
      archivePrefix={arXiv},
      primaryClass={cs.CL},
      url={https://arxiv.org/abs/2405.01470}, 
}

@article{li2024crowdsourced,
  title={From Crowdsourced Data to High-Quality Benchmarks: Arena-Hard and BenchBuilder Pipeline},
  author={Li, Tianle and Chiang, Wei-Lin and Frick, Evan and Dunlap, Lisa and Wu, Tianhao and Zhu, Banghua and Gonzalez, Joseph E and Stoica, Ion},
  journal={arXiv preprint arXiv:2406.11939},
  year={2024}
}




@misc{lin2024wildbench,
    title={WildBench: Benchmarking LLMs with Challenging Tasks from Real Users in the Wild},
    author={Bill Yuchen Lin and Yuntian Deng and Khyathi Chandu and Faeze Brahman and Abhilasha Ravichander and Valentina Pyatkin and Nouha Dziri and Ronan Le Bras and Yejin Choi},
    year={2024},
    eprint={2406.04770},
    archivePrefix={arXiv},
    primaryClass={cs.CL},
    url={https://arxiv.org/abs/2406.04770}
}

@misc{zebralogic2024,
    title={ZebraLogic: Benchmarking the Logical Reasoning Ability of Language Models},
    author={Bill Yuchen Lin and Ronan Le Bras and Yejin Choi},
    url={https://huggingface.co/spaces/allenai/ZebraLogic},
    year={2024}
}

@misc{lightman2023letsverifystepstep,
      title={Let's Verify Step by Step}, 
      author={Hunter Lightman and Vineet Kosaraju and Yura Burda and Harri Edwards and Bowen Baker and Teddy Lee and Jan Leike and John Schulman and Ilya Sutskever and Karl Cobbe},
      year={2023},
      eprint={2305.20050},
      archivePrefix={arXiv},
      primaryClass={cs.LG},
      url={https://arxiv.org/abs/2305.20050}, 
}

@inproceedings{hendrycks2021measuring,
  title={Measuring Mathematical Problem Solving with the MATH Dataset},
  author={Hendrycks, Dan and Burns, Collin and Kadavath, Saurav and Arora, Akul and Basart, Steven and Tang, Eric and Song, Dawn and Steinhardt, Jacob},
  booktitle={Proceedings of the Neural Information Processing Systems Track on Datasets and Benchmarks},
  volume={1},
  year={2021},
  editor={Vanschoren, Joaquin and Yeung, Sai-Kit},
  url={https://datasets-benchmarks-proceedings.neurips.cc/paper/2021/file/be83ab3ecd0db773eb2dc1b0a17836a1-Paper-round2.pdf}
}



@misc{jiang2023mistral7b,
      title={Mistral 7B}, 
      author={Albert Q. Jiang and Alexandre Sablayrolles and Arthur Mensch and Chris Bamford and Devendra Singh Chaplot and Diego de las Casas and Florian Bressand and Gianna Lengyel and Guillaume Lample and Lucile Saulnier and Lélio Renard Lavaud and Marie-Anne Lachaux and Pierre Stock and Teven Le Scao and Thibaut Lavril and Thomas Wang and Timothée Lacroix and William El Sayed},
      year={2023},
      eprint={2310.06825},
      archivePrefix={arXiv},
      primaryClass={cs.CL},
      url={https://arxiv.org/abs/2310.06825}, 
}

@article{jaech2024openai,
  title={Openai o1 system card},
  author={Jaech, Aaron and Kalai, Adam and Lerer, Adam and Richardson, Adam and El-Kishky, Ahmed and Low, Aiden and Helyar, Alec and Madry, Aleksander and Beutel, Alex and Carney, Alex and others},
  journal={arXiv preprint arXiv:2412.16720},
  year={2024}
}

@article{ackoff1994systems,
  title={Systems thinking and thinking systems},
  author={Ackoff, Russell L},
  journal={System dynamics review},
  volume={10},
  number={2-3},
  pages={175--188},
  year={1994},
  publisher={Wiley Online Library}
}

@article{hagendorff2023thinking,
  title={Thinking Fast and Slow in Large Language Models},
  author={Hagendorff, Thilo and Fabi, Sarah and Kosinski, Michal},
  journal={arXiv preprint arXiv:2212.05206},
  year={2023}
}

@article{dutta2024think,
  title={How to think step-by-step: A mechanistic understanding of chain-of-thought reasoning},
  author={Dutta, Subhabrata and Singh, Joykirat and Chakrabarti, Soumen and Chakraborty, Tanmoy},
  journal={arXiv preprint arXiv:2402.18312},
  year={2024}
}

@misc{gemmateam2024gemma2improvingopen,
      title={Gemma 2: Improving Open Language Models at a Practical Size}, 
      author={Gemma Team and Morgane Riviere and Shreya Pathak and Pier Giuseppe Sessa and Cassidy Hardin and Surya Bhupatiraju and Léonard Hussenot and Thomas Mesnard and Bobak Shahriari and Alexandre Ramé and Johan Ferret and Peter Liu and Pouya Tafti and Abe Friesen and Michelle Casbon and Sabela Ramos and Ravin Kumar and Charline Le Lan and Sammy Jerome and Anton Tsitsulin and Nino Vieillard and Piotr Stanczyk and Sertan Girgin and Nikola Momchev and Matt Hoffman and Shantanu Thakoor and Jean-Bastien Grill and Behnam Neyshabur and Olivier Bachem and Alanna Walton and Aliaksei Severyn and Alicia Parrish and Aliya Ahmad and Allen Hutchison and Alvin Abdagic and Amanda Carl and Amy Shen and Andy Brock and Andy Coenen and Anthony Laforge and Antonia Paterson and Ben Bastian and Bilal Piot and Bo Wu and Brandon Royal and Charlie Chen and Chintu Kumar and Chris Perry and Chris Welty and Christopher A. Choquette-Choo and Danila Sinopalnikov and David Weinberger and Dimple Vijaykumar and Dominika Rogozińska and Dustin Herbison and Elisa Bandy and Emma Wang and Eric Noland and Erica Moreira and Evan Senter and Evgenii Eltyshev and Francesco Visin and Gabriel Rasskin and Gary Wei and Glenn Cameron and Gus Martins and Hadi Hashemi and Hanna Klimczak-Plucińska and Harleen Batra and Harsh Dhand and Ivan Nardini and Jacinda Mein and Jack Zhou and James Svensson and Jeff Stanway and Jetha Chan and Jin Peng Zhou and Joana Carrasqueira and Joana Iljazi and Jocelyn Becker and Joe Fernandez and Joost van Amersfoort and Josh Gordon and Josh Lipschultz and Josh Newlan and Ju-yeong Ji and Kareem Mohamed and Kartikeya Badola and Kat Black and Katie Millican and Keelin McDonell and Kelvin Nguyen and Kiranbir Sodhia and Kish Greene and Lars Lowe Sjoesund and Lauren Usui and Laurent Sifre and Lena Heuermann and Leticia Lago and Lilly McNealus and Livio Baldini Soares and Logan Kilpatrick and Lucas Dixon and Luciano Martins and Machel Reid and Manvinder Singh and Mark Iverson and Martin Görner and Mat Velloso and Mateo Wirth and Matt Davidow and Matt Miller and Matthew Rahtz and Matthew Watson and Meg Risdal and Mehran Kazemi and Michael Moynihan and Ming Zhang and Minsuk Kahng and Minwoo Park and Mofi Rahman and Mohit Khatwani and Natalie Dao and Nenshad Bardoliwalla and Nesh Devanathan and Neta Dumai and Nilay Chauhan and Oscar Wahltinez and Pankil Botarda and Parker Barnes and Paul Barham and Paul Michel and Pengchong Jin and Petko Georgiev and Phil Culliton and Pradeep Kuppala and Ramona Comanescu and Ramona Merhej and Reena Jana and Reza Ardeshir Rokni and Rishabh Agarwal and Ryan Mullins and Samaneh Saadat and Sara Mc Carthy and Sarah Cogan and Sarah Perrin and Sébastien M. R. Arnold and Sebastian Krause and Shengyang Dai and Shruti Garg and Shruti Sheth and Sue Ronstrom and Susan Chan and Timothy Jordan and Ting Yu and Tom Eccles and Tom Hennigan and Tomas Kocisky and Tulsee Doshi and Vihan Jain and Vikas Yadav and Vilobh Meshram and Vishal Dharmadhikari and Warren Barkley and Wei Wei and Wenming Ye and Woohyun Han and Woosuk Kwon and Xiang Xu and Zhe Shen and Zhitao Gong and Zichuan Wei and Victor Cotruta and Phoebe Kirk and Anand Rao and Minh Giang and Ludovic Peran and Tris Warkentin and Eli Collins and Joelle Barral and Zoubin Ghahramani and Raia Hadsell and D. Sculley and Jeanine Banks and Anca Dragan and Slav Petrov and Oriol Vinyals and Jeff Dean and Demis Hassabis and Koray Kavukcuoglu and Clement Farabet and Elena Buchatskaya and Sebastian Borgeaud and Noah Fiedel and Armand Joulin and Kathleen Kenealy and Robert Dadashi and Alek Andreev},
      year={2024},
      eprint={2408.00118},
      archivePrefix={arXiv},
      primaryClass={cs.CL},
      url={https://arxiv.org/abs/2408.00118}, 
}

@misc{wang2024chainofthoughtreasoningprompting,
      title={Chain-of-Thought Reasoning Without Prompting}, 
      author={Xuezhi Wang and Denny Zhou},
      year={2024},
      eprint={2402.10200},
      archivePrefix={arXiv},
      primaryClass={cs.CL},
      url={https://arxiv.org/abs/2402.10200}, 
}

@article{wei2022chain,
    title={Chain-of-Thought Prompting Elicits Reasoning in Large Language Models},
    author={Jason Wei and Xuezhi Wang and Dale Schuurmans and Maarten Bosma and Brian Ichter and Fei Xia and Ed H. Chi and Quoc V. Le and Denny Zhou},
    journal={arXiv preprint arXiv:2201.11903},
    year={2022},
    url={https://arxiv.org/abs/2201.11903}
}


@article{schulman2017ppo,
    title={Proximal Policy Optimization Algorithms},
    author={John Schulman and Filip Wolski and Prafulla Dhariwal and Alec Radford and Oleg Klimov},
    journal={arXiv preprint arXiv:1707.06347},
    year={2017},
    url={https://arxiv.org/abs/1707.06347}
}


@inproceedings{ahmadian2024back,
    title={Back to Basics: Revisiting REINFORCE Style Optimization for Learning from Human Feedback in LLMs},
    author={Arash Ahmadian and Chris Cremer and Matthias Gallé and Marzieh Fadaee and Julia Kreutzer and Olivier Pietquin and Ahmet Üstün and Sara Hooker},
    booktitle={Proceedings of the 62nd Annual Meeting of the Association for Computational Linguistics (Volume 1: Long Papers)},
    pages={12248--12267},
    year={2024},
    organization={Association for Computational Linguistics},
    doi={10.18653/v1/2024.acl-long.662},
    url={https://aclanthology.org/2024.acl-long.662/}
}

@article{williams1992simple,
    title={Simple statistical gradient-following algorithms for connectionist reinforcement learning},
    author={Ronald J. Williams},
    journal={Machine Learning},
    volume={8},
    number={3},
    pages={229--256},
    year={1992},
    publisher={Springer}
}


@misc{grattafiori2024llama3herdmodels,
      title={The Llama 3 Herd of Models}, 
      author={Aaron Grattafiori and Abhimanyu Dubey and Abhinav Jauhri and Abhinav Pandey and Abhishek Kadian and Ahmad Al-Dahle and Aiesha Letman and Akhil Mathur and Alan Schelten and Alex Vaughan and Amy Yang and Angela Fan and Anirudh Goyal and Anthony Hartshorn and Aobo Yang and Archi Mitra and Archie Sravankumar and Artem Korenev and Arthur Hinsvark and Arun Rao and Aston Zhang and Aurelien Rodriguez and Austen Gregerson and Ava Spataru and Baptiste Roziere and Bethany Biron and Binh Tang and Bobbie Chern and Charlotte Caucheteux and Chaya Nayak and Chloe Bi and Chris Marra and Chris McConnell and Christian Keller and Christophe Touret and Chunyang Wu and Corinne Wong and Cristian Canton Ferrer and Cyrus Nikolaidis and Damien Allonsius and Daniel Song and Danielle Pintz and Danny Livshits and Danny Wyatt and David Esiobu and Dhruv Choudhary and Dhruv Mahajan and Diego Garcia-Olano and Diego Perino and Dieuwke Hupkes and Egor Lakomkin and Ehab AlBadawy and Elina Lobanova and Emily Dinan and Eric Michael Smith and Filip Radenovic and Francisco Guzmán and Frank Zhang and Gabriel Synnaeve and Gabrielle Lee and Georgia Lewis Anderson and Govind Thattai and Graeme Nail and Gregoire Mialon and Guan Pang and Guillem Cucurell and Hailey Nguyen and Hannah Korevaar and Hu Xu and Hugo Touvron and Iliyan Zarov and Imanol Arrieta Ibarra and Isabel Kloumann and Ishan Misra and Ivan Evtimov and Jack Zhang and Jade Copet and Jaewon Lee and Jan Geffert and Jana Vranes and Jason Park and Jay Mahadeokar and Jeet Shah and Jelmer van der Linde and Jennifer Billock and Jenny Hong and Jenya Lee and Jeremy Fu and Jianfeng Chi and Jianyu Huang and Jiawen Liu and Jie Wang and Jiecao Yu and Joanna Bitton and Joe Spisak and Jongsoo Park and Joseph Rocca and Joshua Johnstun and Joshua Saxe and Junteng Jia and Kalyan Vasuden Alwala and Karthik Prasad and Kartikeya Upasani and Kate Plawiak and Ke Li and Kenneth Heafield and Kevin Stone and Khalid El-Arini and Krithika Iyer and Kshitiz Malik and Kuenley Chiu and Kunal Bhalla and Kushal Lakhotia and Lauren Rantala-Yeary and Laurens van der Maaten and Lawrence Chen and Liang Tan and Liz Jenkins and Louis Martin and Lovish Madaan and Lubo Malo and Lukas Blecher and Lukas Landzaat and Luke de Oliveira and Madeline Muzzi and Mahesh Pasupuleti and Mannat Singh and Manohar Paluri and Marcin Kardas and Maria Tsimpoukelli and Mathew Oldham and Mathieu Rita and Maya Pavlova and Melanie Kambadur and Mike Lewis and Min Si and Mitesh Kumar Singh and Mona Hassan and Naman Goyal and Narjes Torabi and Nikolay Bashlykov and Nikolay Bogoychev and Niladri Chatterji and Ning Zhang and Olivier Duchenne and Onur Çelebi and Patrick Alrassy and Pengchuan Zhang and Pengwei Li and Petar Vasic and Peter Weng and Prajjwal Bhargava and Pratik Dubal and Praveen Krishnan and Punit Singh Koura and Puxin Xu and Qing He and Qingxiao Dong and Ragavan Srinivasan and Raj Ganapathy and Ramon Calderer and Ricardo Silveira Cabral and Robert Stojnic and Roberta Raileanu and Rohan Maheswari and Rohit Girdhar and Rohit Patel and Romain Sauvestre and Ronnie Polidoro and Roshan Sumbaly and Ross Taylor and Ruan Silva and Rui Hou and Rui Wang and Saghar Hosseini and Sahana Chennabasappa and Sanjay Singh and Sean Bell and Seohyun Sonia Kim and Sergey Edunov and Shaoliang Nie and Sharan Narang and Sharath Raparthy and Sheng Shen and Shengye Wan and Shruti Bhosale and Shun Zhang and Simon Vandenhende and Soumya Batra and Spencer Whitman and Sten Sootla and Stephane Collot and Suchin Gururangan and Sydney Borodinsky and Tamar Herman and Tara Fowler and Tarek Sheasha and Thomas Georgiou and Thomas Scialom and Tobias Speckbacher and Todor Mihaylov and Tong Xiao and Ujjwal Karn and Vedanuj Goswami and Vibhor Gupta and Vignesh Ramanathan and Viktor Kerkez and Vincent Gonguet and Virginie Do and Vish Vogeti and Vítor Albiero and Vladan Petrovic and Weiwei Chu and Wenhan Xiong and Wenyin Fu and Whitney Meers and Xavier Martinet and Xiaodong Wang and Xiaofang Wang and Xiaoqing Ellen Tan and Xide Xia and Xinfeng Xie and Xuchao Jia and Xuewei Wang and Yaelle Goldschlag and Yashesh Gaur and Yasmine Babaei and Yi Wen and Yiwen Song and Yuchen Zhang and Yue Li and Yuning Mao and Zacharie Delpierre Coudert and Zheng Yan and Zhengxing Chen and Zoe Papakipos and Aaditya Singh and Aayushi Srivastava and Abha Jain and Adam Kelsey and Adam Shajnfeld and Adithya Gangidi and Adolfo Victoria and Ahuva Goldstand and Ajay Menon and Ajay Sharma and Alex Boesenberg and Alexei Baevski and Allie Feinstein and Amanda Kallet and Amit Sangani and Amos Teo and Anam Yunus and Andrei Lupu and Andres Alvarado and Andrew Caples and Andrew Gu and Andrew Ho and Andrew Poulton and Andrew Ryan and Ankit Ramchandani and Annie Dong and Annie Franco and Anuj Goyal and Aparajita Saraf and Arkabandhu Chowdhury and Ashley Gabriel and Ashwin Bharambe and Assaf Eisenman and Azadeh Yazdan and Beau James and Ben Maurer and Benjamin Leonhardi and Bernie Huang and Beth Loyd and Beto De Paola and Bhargavi Paranjape and Bing Liu and Bo Wu and Boyu Ni and Braden Hancock and Bram Wasti and Brandon Spence and Brani Stojkovic and Brian Gamido and Britt Montalvo and Carl Parker and Carly Burton and Catalina Mejia and Ce Liu and Changhan Wang and Changkyu Kim and Chao Zhou and Chester Hu and Ching-Hsiang Chu and Chris Cai and Chris Tindal and Christoph Feichtenhofer and Cynthia Gao and Damon Civin and Dana Beaty and Daniel Kreymer and Daniel Li and David Adkins and David Xu and Davide Testuggine and Delia David and Devi Parikh and Diana Liskovich and Didem Foss and Dingkang Wang and Duc Le and Dustin Holland and Edward Dowling and Eissa Jamil and Elaine Montgomery and Eleonora Presani and Emily Hahn and Emily Wood and Eric-Tuan Le and Erik Brinkman and Esteban Arcaute and Evan Dunbar and Evan Smothers and Fei Sun and Felix Kreuk and Feng Tian and Filippos Kokkinos and Firat Ozgenel and Francesco Caggioni and Frank Kanayet and Frank Seide and Gabriela Medina Florez and Gabriella Schwarz and Gada Badeer and Georgia Swee and Gil Halpern and Grant Herman and Grigory Sizov and Guangyi and Zhang and Guna Lakshminarayanan and Hakan Inan and Hamid Shojanazeri and Han Zou and Hannah Wang and Hanwen Zha and Haroun Habeeb and Harrison Rudolph and Helen Suk and Henry Aspegren and Hunter Goldman and Hongyuan Zhan and Ibrahim Damlaj and Igor Molybog and Igor Tufanov and Ilias Leontiadis and Irina-Elena Veliche and Itai Gat and Jake Weissman and James Geboski and James Kohli and Janice Lam and Japhet Asher and Jean-Baptiste Gaya and Jeff Marcus and Jeff Tang and Jennifer Chan and Jenny Zhen and Jeremy Reizenstein and Jeremy Teboul and Jessica Zhong and Jian Jin and Jingyi Yang and Joe Cummings and Jon Carvill and Jon Shepard and Jonathan McPhie and Jonathan Torres and Josh Ginsburg and Junjie Wang and Kai Wu and Kam Hou U and Karan Saxena and Kartikay Khandelwal and Katayoun Zand and Kathy Matosich and Kaushik Veeraraghavan and Kelly Michelena and Keqian Li and Kiran Jagadeesh and Kun Huang and Kunal Chawla and Kyle Huang and Lailin Chen and Lakshya Garg and Lavender A and Leandro Silva and Lee Bell and Lei Zhang and Liangpeng Guo and Licheng Yu and Liron Moshkovich and Luca Wehrstedt and Madian Khabsa and Manav Avalani and Manish Bhatt and Martynas Mankus and Matan Hasson and Matthew Lennie and Matthias Reso and Maxim Groshev and Maxim Naumov and Maya Lathi and Meghan Keneally and Miao Liu and Michael L. Seltzer and Michal Valko and Michelle Restrepo and Mihir Patel and Mik Vyatskov and Mikayel Samvelyan and Mike Clark and Mike Macey and Mike Wang and Miquel Jubert Hermoso and Mo Metanat and Mohammad Rastegari and Munish Bansal and Nandhini Santhanam and Natascha Parks and Natasha White and Navyata Bawa and Nayan Singhal and Nick Egebo and Nicolas Usunier and Nikhil Mehta and Nikolay Pavlovich Laptev and Ning Dong and Norman Cheng and Oleg Chernoguz and Olivia Hart and Omkar Salpekar and Ozlem Kalinli and Parkin Kent and Parth Parekh and Paul Saab and Pavan Balaji and Pedro Rittner and Philip Bontrager and Pierre Roux and Piotr Dollar and Polina Zvyagina and Prashant Ratanchandani and Pritish Yuvraj and Qian Liang and Rachad Alao and Rachel Rodriguez and Rafi Ayub and Raghotham Murthy and Raghu Nayani and Rahul Mitra and Rangaprabhu Parthasarathy and Raymond Li and Rebekkah Hogan and Robin Battey and Rocky Wang and Russ Howes and Ruty Rinott and Sachin Mehta and Sachin Siby and Sai Jayesh Bondu and Samyak Datta and Sara Chugh and Sara Hunt and Sargun Dhillon and Sasha Sidorov and Satadru Pan and Saurabh Mahajan and Saurabh Verma and Seiji Yamamoto and Sharadh Ramaswamy and Shaun Lindsay and Shaun Lindsay and Sheng Feng and Shenghao Lin and Shengxin Cindy Zha and Shishir Patil and Shiva Shankar and Shuqiang Zhang and Shuqiang Zhang and Sinong Wang and Sneha Agarwal and Soji Sajuyigbe and Soumith Chintala and Stephanie Max and Stephen Chen and Steve Kehoe and Steve Satterfield and Sudarshan Govindaprasad and Sumit Gupta and Summer Deng and Sungmin Cho and Sunny Virk and Suraj Subramanian and Sy Choudhury and Sydney Goldman and Tal Remez and Tamar Glaser and Tamara Best and Thilo Koehler and Thomas Robinson and Tianhe Li and Tianjun Zhang and Tim Matthews and Timothy Chou and Tzook Shaked and Varun Vontimitta and Victoria Ajayi and Victoria Montanez and Vijai Mohan and Vinay Satish Kumar and Vishal Mangla and Vlad Ionescu and Vlad Poenaru and Vlad Tiberiu Mihailescu and Vladimir Ivanov and Wei Li and Wenchen Wang and Wenwen Jiang and Wes Bouaziz and Will Constable and Xiaocheng Tang and Xiaojian Wu and Xiaolan Wang and Xilun Wu and Xinbo Gao and Yaniv Kleinman and Yanjun Chen and Ye Hu and Ye Jia and Ye Qi and Yenda Li and Yilin Zhang and Ying Zhang and Yossi Adi and Youngjin Nam and Yu and Wang and Yu Zhao and Yuchen Hao and Yundi Qian and Yunlu Li and Yuzi He and Zach Rait and Zachary DeVito and Zef Rosnbrick and Zhaoduo Wen and Zhenyu Yang and Zhiwei Zhao and Zhiyu Ma},
      year={2024},
      eprint={2407.21783},
      archivePrefix={arXiv},
      primaryClass={cs.AI},
      url={https://arxiv.org/abs/2407.21783}, 
}

@misc{arenahard2024,
    title = {From Live Data to High-Quality Benchmarks: The Arena-Hard Pipeline},
    author = {Tianle Li and Wei-Lin Chiang and Evan Frick and Lisa Dunlap and Banghua Zhu and Joseph E. Gonzalez and Ion Stoica},
    year = {2024},
    month = {April},
    url = {https://lmsys.org/blog/2024-04-19-arena-hard/},
    note = {Accessed: 2025-01-26}
}


@inproceedings{langley00,
 author    = {P. Langley},
 title     = {Crafting Papers on Machine Learning},
 year      = {2000},
 pages     = {1207--1216},
 editor    = {Pat Langley},
 booktitle     = {Proceedings of the 17th International Conference
              on Machine Learning (ICML 2000)},
 address   = {Stanford, CA},
 publisher = {Morgan Kaufmann}
}



@TechReport{mitchell80,
  author = 	 "T. M. Mitchell",
  title = 	 "The Need for Biases in Learning Generalizations",
  institution =  "Computer Science Department, Rutgers University",
  year = 	 "1980",
  address =	 "New Brunswick, MA",
}

@phdthesis{kearns89,
  author = {M. J. Kearns},
  title =  {Computational Complexity of Machine Learning},
  school = {Department of Computer Science, Harvard University},
  year =   {1989}
}

@Book{MachineLearningI,
  editor = 	 "R. S. Michalski and J. G. Carbonell and T.
		  M. Mitchell",
  title = 	 "Machine Learning: An Artificial Intelligence
		  Approach, Vol. I",
  publisher = 	 "Tioga",
  year = 	 "1983",
  address =	 "Palo Alto, CA"
}

@Book{DudaHart2nd,
  author =       "R. O. Duda and P. E. Hart and D. G. Stork",
  title =        "Pattern Classification",
  publisher =    "John Wiley and Sons",
  edition =      "2nd",
  year =         "2000"
}

@misc{anonymous,
  title= {Suppressed for Anonymity},
  author= {Author, N. N.},
  year= {2021}
}

@InCollection{Newell81,
  author =       "A. Newell and P. S. Rosenbloom",
  title =        "Mechanisms of Skill Acquisition and the Law of
                  Practice", 
  booktitle =    "Cognitive Skills and Their Acquisition",
  pages =        "1--51",
  publisher =    "Lawrence Erlbaum Associates, Inc.",
  year =         "1981",
  editor =       "J. R. Anderson",
  chapter =      "1",
  address =      "Hillsdale, NJ"
}


@Article{Samuel59,
  author = 	 "A. L. Samuel",
  title = 	 "Some Studies in Machine Learning Using the Game of
		  Checkers",
  journal =	 "IBM Journal of Research and Development",
  year =	 "1959",
  volume =	 "3",
  number =	 "3",
  pages =	 "211--229"
}

@article{huang2024o1,
  title={O1 Replication Journey--Part 2: Surpassing O1-preview through Simple Distillation, Big Progress or Bitter Lesson?},
  author={Huang, Zhen and Zou, Haoyang and Li, Xuefeng and Liu, Yixiu and Zheng, Yuxiang and Chern, Ethan and Xia, Shijie and Qin, Yiwei and Yuan, Weizhe and Liu, Pengfei},
  journal={arXiv preprint arXiv:2411.16489},
  year={2024}
}

@article{min2024imitate,
  title={Imitate, explore, and self-improve: A reproduction report on slow-thinking reasoning systems},
  author={Min, Yingqian and Chen, Zhipeng and Jiang, Jinhao and Chen, Jie and Deng, Jia and Hu, Yiwen and Tang, Yiru and Wang, Jiapeng and Cheng, Xiaoxue and Song, Huatong and others},
  journal={arXiv preprint arXiv:2412.09413},
  year={2024}
}


@book{zhang2023mathematical,
  title={Mathematical analysis of machine learning algorithms},
  author={Zhang, Tong},
  year={2023},
  publisher={Cambridge University Press}
}
@article{zhou2023lima,
  title={Lima: Less is more for alignment},
  author={Zhou, Chunting and Liu, Pengfei and Xu, Puxin and Iyer, Srini and Sun, Jiao and Mao, Yuning and Ma, Xuezhe and Efrat, Avia and Yu, Ping and Yu, Lili and others},
  journal={arXiv preprint arXiv:2305.11206},
  year={2023}
}



@article{meta_llama3,
  title={Introducing Meta Llama 3: The most capable openly available LLM to date},
  author={Meta},
  journal={Meta AI Blog},
  year={2024},
  note={\url{https://ai.meta.com/blog/meta-llama-3/}}
}

%https://ai.meta.com/blog/meta-llama-3/


@article{dong2024rlhf,
  title={Rlhf workflow: From reward modeling to online rlhf},
  author={Dong, Hanze and Xiong, Wei and Pang, Bo and Wang, Haoxiang and Zhao, Han and Zhou, Yingbo and Jiang, Nan and Sahoo, Doyen and Xiong, Caiming and Zhang, Tong},
  journal={arXiv preprint arXiv:2405.07863},
  year={2024}
}

@inproceedings{xiong2024iterative,
  title={Iterative preference learning from human feedback: Bridging theory and practice for rlhf under kl-constraint},
  author={Xiong, Wei and Dong, Hanze and Ye, Chenlu and Wang, Ziqi and Zhong, Han and Ji, Heng and Jiang, Nan and Zhang, Tong},
  booktitle={Forty-first International Conference on Machine Learning},
  year={2024}
}

@article{du2019implicit,
  title={Implicit generation and modeling with energy based models},
  author={Du, Yilun and Mordatch, Igor},
  journal={Advances in Neural Information Processing Systems},
  volume={32},
  year={2019}
}

@article{neumann1951various,
  title={Various techniques used in connection with random digits},
  author={Neumann, Von},
  journal={Notes by GE Forsythe},
  pages={36--38},
  year={1951}
}

@article{grathwohl2019your,
  title={Your classifier is secretly an energy based model and you should treat it like one},
  author={Grathwohl, Will and Wang, Kuan-Chieh and Jacobsen, J{\"o}rn-Henrik and Duvenaud, David and Norouzi, Mohammad and Swersky, Kevin},
  journal={arXiv preprint arXiv:1912.03263},
  year={2019}
}

@article{diao2023lmflow,
  title={Lmflow: An extensible toolkit for finetuning and inference of large foundation models},
  author={Diao, Shizhe and Pan, Rui and Dong, Hanze and Shum, Ka Shun and Zhang, Jipeng and Xiong, Wei and Zhang, Tong},
  journal={arXiv preprint arXiv:2306.12420},
  year={2023}
}

@article{bradley1952rank,
  title={Rank analysis of incomplete block designs: I. The method of paired comparisons},
  author={Bradley, Ralph Allan and Terry, Milton E},
  journal={Biometrika},
  volume={39},
  number={3/4},
  pages={324--345},
  year={1952},
  publisher={JSTOR}
}

@article{goodfellow2014generative,
  title={Generative adversarial nets},
  author={Goodfellow, Ian and Pouget-Abadie, Jean and Mirza, Mehdi and Xu, Bing and Warde-Farley, David and Ozair, Sherjil and Courville, Aaron and Bengio, Yoshua},
  journal={Advances in neural information processing systems},
  volume={27},
  year={2014}
}

@article{devlin2018bert,
  title={Bert: Pre-training of deep bidirectional transformers for language understanding},
  author={Devlin, Jacob and Chang, Ming-Wei and Lee, Kenton and Toutanova, Kristina},
  journal={arXiv preprint arXiv:1810.04805},
  year={2018}
}

@article{johnson2019framework,
  title={A framework of composite functional gradient methods for generative adversarial models},
  author={Johnson, Rie and Zhang, Tong},
  journal={IEEE transactions on pattern analysis and machine intelligence},
  volume={43},
  number={1},
  pages={17--32},
  year={2019},
  publisher={IEEE}
}

@article{touvron2023llama,
  title={Llama 2: Open foundation and fine-tuned chat models},
  author={Touvron, Hugo and Martin, Louis and Stone, Kevin and Albert, Peter and Almahairi, Amjad and Babaei, Yasmine and Bashlykov, Nikolay and Batra, Soumya and Bhargava, Prajjwal and Bhosale, Shruti and others},
  journal={arXiv preprint arXiv:2307.09288},
  year={2023}
}

@article{shao2024deepseekmath,
  title={Deepseekmath: Pushing the limits of mathematical reasoning in open language models},
  author={Shao, Zhihong and Wang, Peiyi and Zhu, Qihao and Xu, Runxin and Song, Junxiao and Zhang, Mingchuan and Li, YK and Wu, Yu and Guo, Daya},
  journal={arXiv preprint arXiv:2402.03300},
  year={2024}
}

@article{guo2025deepseek,
  title={DeepSeek-R1: Incentivizing Reasoning Capability in LLMs via Reinforcement Learning},
  author={Guo, Daya and Yang, Dejian and Zhang, Haowei and Song, Junxiao and Zhang, Ruoyu and Xu, Runxin and Zhu, Qihao and Ma, Shirong and Wang, Peiyi and Bi, Xiao and others},
  journal={arXiv preprint arXiv:2501.12948},
  year={2025}
}
@inproceedings{du2021bilinear,
  title={Bilinear classes: A structural framework for provable generalization in rl},
  author={Du, Simon and Kakade, Sham and Lee, Jason and Lovett, Shachar and Mahajan, Gaurav and Sun, Wen and Wang, Ruosong},
  booktitle={International Conference on Machine Learning},
  pages={2826--2836},
  year={2021},
  organization={PMLR}
}

@article{dani2008stochastic,
  title={Stochastic linear optimization under bandit feedback},
  author={Dani, Varsha and Hayes, Thomas P and Kakade, Sham M},
  year={2008}
}

@article{abbasi2011improved,
  title={Improved algorithms for linear stochastic bandits},
  author={Abbasi-Yadkori, Yasin and P{\'a}l, D{\'a}vid and Szepesv{\'a}ri, Csaba},
  journal={Advances in neural information processing systems},
  volume={24},
  year={2011}
}
@article{OpenAI2023GPT4TR,
  title={GPT-4 Technical Report},
  author={OpenAI},
  journal={ArXiv},
  year={2023},
  volume={abs/2303.08774},
}

@article{hf2023pref,
  title={Preference Tuning LLMs with Direct Preference Optimization Methods},
  author={Huggingface},
  journal={Blog},
  year={2023},
    url={https://huggingface.co/blog/pref-tuning},
}
@article{team2024gemma,
  title={Gemma: Open models based on gemini research and technology},
  author={Team, Gemma and Mesnard, Thomas and Hardin, Cassidy and Dadashi, Robert and Bhupatiraju, Surya and Pathak, Shreya and Sifre, Laurent and Rivi{\`e}re, Morgane and Kale, Mihir Sanjay and Love, Juliette and others},
  journal={arXiv preprint arXiv:2403.08295},
  year={2024}
}

@article{burns2023weak,
  title={Weak-to-strong generalization: Eliciting strong capabilities with weak supervision},
  author={Burns, Collin and Izmailov, Pavel and Kirchner, Jan Hendrik and Baker, Bowen and Gao, Leo and Aschenbrenner, Leopold and Chen, Yining and Ecoffet, Adrien and Joglekar, Manas and Leike, Jan and others},
  journal={arXiv preprint arXiv:2312.09390},
  year={2023}
}

@InProceedings{pmlr-v162-ethayarajh22a,
  title = 	 {Understanding Dataset Difficulty with $\mathcal{V}$-Usable Information},
  author =       {Ethayarajh, Kawin and Choi, Yejin and Swayamdipta, Swabha},
  booktitle = 	 {Proceedings of the 39th International Conference on Machine Learning},
  pages = 	 {5988--6008},
  year = 	 {2022},
  editor = 	 {Chaudhuri, Kamalika and Jegelka, Stefanie and Song, Le and Szepesvari, Csaba and Niu, Gang and Sabato, Sivan},
  volume = 	 {162},
  series = 	 {Proceedings of Machine Learning Research},
  month = 	 {17--23 Jul},
  publisher = {PMLR},
}

@article{beirami2024theoretical,
  title={Theoretical guarantees on the best-of-n alignment policy},
  author={Beirami, Ahmad and Agarwal, Alekh and Berant, Jonathan and D'Amour, Alexander and Eisenstein, Jacob and Nagpal, Chirag and Suresh, Ananda Theertha},
  journal={arXiv preprint arXiv:2401.01879},
  year={2024}
}
@article{lambert2024rewardbench,
  title={RewardBench: Evaluating Reward Models for Language Modeling},
  author={Lambert, Nathan and Pyatkin, Valentina and Morrison, Jacob and Miranda, LJ and Lin, Bill Yuchen and Chandu, Khyathi and Dziri, Nouha and Kumar, Sachin and Zick, Tom and Choi, Yejin and others},
  journal={arXiv preprint arXiv:2403.13787},
  year={2024}
}
@article{li2023remax,
  title={ReMax: A Simple, Effective, and Efficient Reinforcement Learning Method for Aligning Large Language Models},
  author={Li, Ziniu and Xu, Tian and Zhang, Yushun and Yu, Yang and Sun, Ruoyu and Luo, Zhi-Quan},
  journal={arXiv e-prints},
  pages={arXiv--2310},
  year={2023}
}
@article{wu2023better,
  title={Better Aligning Text-to-Image Models with Human Preference},
  author={Wu, Xiaoshi and Sun, Keqiang and Zhu, Feng and Zhao, Rui and Li, Hongsheng},
  journal={arXiv preprint arXiv:2303.14420},
  year={2023}
}
@article{lee2023aligning,
  title={Aligning text-to-image models using human feedback},
  author={Lee, Kimin and Liu, Hao and Ryu, Moonkyung and Watkins, Olivia and Du, Yuqing and Boutilier, Craig and Abbeel, Pieter and Ghavamzadeh, Mohammad and Gu, Shixiang Shane},
  journal={arXiv preprint arXiv:2302.12192},
  year={2023}
}

@misc{cui2023ultrafeedback,
      title={UltraFeedback: Boosting Language Models with High-quality Feedback}, 
      author={Ganqu Cui and Lifan Yuan and Ning Ding and Guanming Yao and Wei Zhu and Yuan Ni and Guotong Xie and Zhiyuan Liu and Maosong Sun},
      year={2023},
      eprint={2310.01377},
      archivePrefix={arXiv},
      primaryClass={cs.CL}
}

@article{engstrom2020implementation,
  title={Implementation matters in deep policy gradients: A case study on ppo and trpo},
  author={Engstrom, Logan and Ilyas, Andrew and Santurkar, Shibani and Tsipras, Dimitris and Janoos, Firdaus and Rudolph, Larry and Madry, Aleksander},
  journal={arXiv preprint arXiv:2005.12729},
  year={2020}
}

@article{wang2024arithmetic,
  title={Arithmetic Control of LLMs for Diverse User Preferences: Directional Preference Alignment with Multi-Objective Rewards},
  author={Wang, Haoxiang and Lin, Yong and Xiong, Wei and Yang, Rui and Diao, Shizhe and Qiu, Shuang and Zhao, Han and Zhang, Tong},
  journal={arXiv preprint arXiv:2402.18571},
  year={2024}
}

@article{xu2023some,
  title={Some things are more cringe than others: Preference optimization with the pairwise cringe loss},
  author={Xu, Jing and Lee, Andrew and Sukhbaatar, Sainbayar and Weston, Jason},
  journal={arXiv preprint arXiv:2312.16682},
  year={2023}
}

@article{guo2024direct,
  title={Direct language model alignment from online ai feedback},
  author={Guo, Shangmin and Zhang, Biao and Liu, Tianlin and Liu, Tianqi and Khalman, Misha and Llinares, Felipe and Rame, Alexandre and Mesnard, Thomas and Zhao, Yao and Piot, Bilal and others},
  journal={arXiv preprint arXiv:2402.04792},
  year={2024}
}
@article{yuan2023rrhf,
  title={RRHF: Rank Responses to Align Language Models with Human Feedback without tears},
  author={Yuan, Zheng and Yuan, Hongyi and Tan, Chuanqi and Wang, Wei and Huang, Songfang and Huang, Fei},
  journal={arXiv preprint arXiv:2304.05302},
  year={2023}
}

@article{wang2023beyond,
  title={Beyond Reverse KL: Generalizing Direct Preference Optimization with Diverse Divergence Constraints},
  author={Wang, Chaoqi and Jiang, Yibo and Yang, Chenghao and Liu, Han and Chen, Yuxin},
  journal={arXiv preprint arXiv:2309.16240},
  year={2023}
}

@article{wang2020reinforcement,
  title={Reinforcement learning with general value function approximation: Provably efficient approach via bounded eluder dimension},
  author={Wang, Ruosong and Salakhutdinov, Russ R and Yang, Lin},
  journal={Advances in Neural Information Processing Systems},
  volume={33},
  pages={6123--6135},
  year={2020}
}

@article{xu2020preference,
  title={Preference-based reinforcement learning with finite-time guarantees},
  author={Xu, Yichong and Wang, Ruosong and Yang, Lin and Singh, Aarti and Dubrawski, Artur},
  journal={Advances in Neural Information Processing Systems},
  volume={33},
  pages={18784--18794},
  year={2020}
}
@inproceedings{novoseller2020dueling,
  title={Dueling posterior sampling for preference-based reinforcement learning},
  author={Novoseller, Ellen and Wei, Yibing and Sui, Yanan and Yue, Yisong and Burdick, Joel},
  booktitle={Conference on Uncertainty in Artificial Intelligence},
  pages={1029--1038},
  year={2020},
  organization={PMLR}
}

@article{langford2007epoch,
  title={The epoch-greedy algorithm for multi-armed bandits with side information},
  author={Langford, John and Zhang, Tong},
  journal={Advances in neural information processing systems},
  volume={20},
  year={2007}
}
@article{azar2023general,
  title={A general theoretical paradigm to understand learning from human preferences},
  author={Azar, Mohammad Gheshlaghi and Rowland, Mark and Piot, Bilal and Guo, Daniel and Calandriello, Daniele and Valko, Michal and Munos, R{\'e}mi},
  journal={arXiv preprint arXiv:2310.12036},
  year={2023}
}

@article{zhu2023fine,
  title={Fine-Tuning Language Models with Advantage-Induced Policy Alignment},
  author={Zhu, Banghua and Sharma, Hiteshi and Frujeri, Felipe Vieira and Dong, Shi and Zhu, Chenguang and Jordan, Michael I and Jiao, Jiantao},
  journal={arXiv preprint arXiv:2306.02231},
  year={2023}
}

@article{nakano2021webgpt,
  title={Webgpt: Browser-assisted question-answering with human feedback},
  author={Nakano, Reiichiro and Hilton, Jacob and Balaji, Suchir and Wu, Jeff and Ouyang, Long and Kim, Christina and Hesse, Christopher and Jain, Shantanu and Kosaraju, Vineet and Saunders, William and others},
  journal={arXiv preprint arXiv:2112.09332},
  year={2021}
}

@article{peng2023stabilizing,
  title={Stabilizing RLHF through Advantage Model and Selective Rehearsal},
  author={Peng, Baolin and Song, Linfeng and Tian, Ye and Jin, Lifeng and Mi, Haitao and Yu, Dong},
  journal={arXiv preprint arXiv:2309.10202},
  year={2023}
}

@inproceedings{agarwal2023vo,
  title={V{O$Q$L}: Towards Optimal Regret in Model-free RL with Nonlinear Function Approximation},
  author={Agarwal, Alekh and Jin, Yujia and Zhang, Tong},
  booktitle={The Thirty Sixth Annual Conference on Learning Theory},
  pages={987--1063},
  year={2023},
  organization={PMLR}
}



@inproceedings{hu2022nearly,
  title={Nearly minimax optimal reinforcement learning with linear function approximation},
  author={Hu, Pihe and Chen, Yu and Huang, Longbo},
  booktitle={International Conference on Machine Learning},
  pages={8971--9019},
  year={2022},
  organization={PMLR}
}
@article{gulcehre2023reinforced,
  title={Reinforced self-training (rest) for language modeling},
  author={Gulcehre, Caglar and Paine, Tom Le and Srinivasan, Srivatsan and Konyushkova, Ksenia and Weerts, Lotte and Sharma, Abhishek and Siddhant, Aditya and Ahern, Alex and Wang, Miaosen and Gu, Chenjie and others},
  journal={arXiv preprint arXiv:2308.08998},
  year={2023}
}
@article{choshen2019weaknesses,
  title={On the weaknesses of reinforcement learning for neural machine translation},
  author={Choshen, Leshem and Fox, Lior and Aizenbud, Zohar and Abend, Omri},
  journal={arXiv preprint arXiv:1907.01752},
  year={2019}
}

@article{hao2022optimizing,
  title={Optimizing Prompts for Text-to-Image Generation},
  author={Hao, Yaru and Chi, Zewen and Dong, Li and Wei, Furu},
  journal={arXiv preprint arXiv:2212.09611},
  year={2022}
}
@article{tien2022causal,
  title={Causal confusion and reward misidentification in preference-based reward learning},
  author={Tien, Jeremy and He, Jerry Zhi-Yang and Erickson, Zackory and Dragan, Anca D and Brown, Daniel S},
  journal={arXiv preprint arXiv:2204.06601},
  year={2022}
}
@article{michaud2020understanding,
  title={Understanding learned reward functions},
  author={Michaud, Eric J and Gleave, Adam and Russell, Stuart},
  journal={arXiv preprint arXiv:2012.05862},
  year={2020}
}

@book{boyd2004convex,
  title={Convex optimization},
  author={Boyd, Stephen P and Vandenberghe, Lieven},
  year={2004},
  publisher={Cambridge university press}
}

@article{wu2021uncertainty,
  title={Uncertainty weighted actor-critic for offline reinforcement learning},
  author={Wu, Yue and Zhai, Shuangfei and Srivastava, Nitish and Susskind, Joshua and Zhang, Jian and Salakhutdinov, Ruslan and Goh, Hanlin},
  journal={arXiv preprint arXiv:2105.08140},
  year={2021}
}
@article{askell2021general,
  title={A general language assistant as a laboratory for alignment},
  author={Askell, Amanda and Bai, Yuntao and Chen, Anna and Drain, Dawn and Ganguli, Deep and Henighan, Tom and Jones, Andy and Joseph, Nicholas and Mann, Ben and DasSarma, Nova and others},
  journal={arXiv preprint arXiv:2112.00861},
  year={2021}
}


@article{zhang2022feel,
  title={Feel-good thompson sampling for contextual bandits and reinforcement learning},
  author={Zhang, Tong},
  journal={SIAM Journal on Mathematics of Data Science},
  volume={4},
  number={2},
  pages={834--857},
  year={2022},
  publisher={SIAM}
}

@article{ciosek2019better,
  title={Better exploration with optimistic actor critic},
  author={Ciosek, Kamil and Vuong, Quan and Loftin, Robert and Hofmann, Katja},
  journal={Advances in Neural Information Processing Systems},
  volume={32},
  year={2019}
}

@article{bai2020optimistic,
  title={Optimistic Exploration with Backward Bootstrapped Bonus for Deep Reinforcement Learning},
  author={Bai, Chenjia and Wang, Lingxiao and Liu, Peng and Wang, Zhaoran and Jianye, HAO and Zhao, Yingnan},
  year={2020}
}
@article{rashid2020optimistic,
  title={Optimistic exploration even with a pessimistic initialisation},
  author={Rashid, Tabish and Peng, Bei and Boehmer, Wendelin and Whiteson, Shimon},
  journal={arXiv preprint arXiv:2002.12174},
  year={2020}
}

@article{bai2022constitutional,
  title={Constitutional ai: Harmlessness from ai feedback},
  author={Bai, Yuntao and Kadavath, Saurav and Kundu, Sandipan and Askell, Amanda and Kernion, Jackson and Jones, Andy and Chen, Anna and Goldie, Anna and Mirhoseini, Azalia and McKinnon, Cameron and others},
  journal={arXiv preprint arXiv:2212.08073},
  year={2022}
}

@article{may1954intransitivity,
  title={Intransitivity, utility, and the aggregation of preference patterns},
  author={May, Kenneth O},
  journal={Econometrica: Journal of the Econometric Society},
  pages={1--13},
  year={1954},
  publisher={JSTOR}
}
@article{tversky1969intransitivity,
  title={Intransitivity of preferences.},
  author={Tversky, Amos},
  journal={Psychological review},
  volume={76},
  number={1},
  pages={31},
  year={1969},
  publisher={American Psychological Association}
}

@article{munos2023nash,
  title={Nash Learning from Human Feedback},
  author={Munos, R{\'e}mi and Valko, Michal and Calandriello, Daniele and Azar, Mohammad Gheshlaghi and Rowland, Mark and Guo, Zhaohan Daniel and Tang, Yunhao and Geist, Matthieu and Mesnard, Thomas and Michi, Andrea and others},
  journal={arXiv preprint arXiv:2312.00886},
  year={2023}
}

@article{swamy2024minimaximalist,
  title={A Minimaximalist Approach to Reinforcement Learning from Human Feedback},
  author={Swamy, Gokul and Dann, Christoph and Kidambi, Rahul and Wu, Zhiwei Steven and Agarwal, Alekh},
  journal={arXiv preprint arXiv:2401.04056},
  year={2024}
}

@article{freund1997decision,
  title={A decision-theoretic generalization of on-line learning and an application to boosting},
  author={Freund, Yoav and Schapire, Robert E},
  journal={Journal of computer and system sciences},
  volume={55},
  number={1},
  pages={119--139},
  year={1997},
  publisher={Elsevier}
}

@misc{OpenHermes2.5,
  title = {OpenHermes 2.5: An Open Dataset of Synthetic Data for Generalist LLM Assistants},
  author = {Teknium},
  year = {2023},
  publisher = {HuggingFace},
  url = {https://huggingface.co/datasets/teknium/OpenHermes-2.5}
}

@article{tang2024generalized,
  title={Generalized Preference Optimization: A Unified Approach to Offline Alignment},
  author={Tang, Yunhao and Guo, Zhaohan Daniel and Zheng, Zeyu and Calandriello, Daniele and Munos, R{\'e}mi and Rowland, Mark and Richemond, Pierre Harvey and Valko, Michal and Pires, Bernardo {\'A}vila and Piot, Bilal},
  journal={arXiv preprint arXiv:2402.05749},
  year={2024}
}
@article{chen1993convergence,
  title={Convergence analysis of a proximal-like minimization algorithm using Bregman functions},
  author={Chen, Gong and Teboulle, Marc},
  journal={SIAM Journal on Optimization},
  volume={3},
  number={3},
  pages={538--543},
  year={1993},
  publisher={SIAM}
}
@article{tiapkin2023regularized,
  title={Regularized rl},
  author={Tiapkin, Daniil and Belomestny, Denis and Calandriello, Daniele and Moulines, Eric and Naumov, Alexey and Perrault, Pierre and Valko, Michal and Menard, Pierre},
  journal={arXiv preprint arXiv:2310.17303},
  year={2023}
}

@misc{OpenOrca,
  title = {OpenOrca: An Open Dataset of GPT Augmented FLAN Reasoning Traces},
  author = {Wing Lian and Bleys Goodson and Eugene Pentland and Austin Cook and Chanvichet Vong and "Teknium"},
  year = {2023},
  publisher = {HuggingFace},
  journal = {HuggingFace repository},
  howpublished = {\url{https://https://huggingface.co/Open-Orca/OpenOrca}},
}
@article{Capybara,
  title={Amplify-Instruct: Synthetically Generated Diverse Multi-turn Conversations for Effecient LLM Training.},
  author={Daniele, Luigi and Suphavadeeprasit},
  journal={arXiv preprint arXiv:(coming soon)},
  url={https://huggingface.co/datasets/LDJnr/Capybara},
  year={2023}
}
@misc{yuan2024advancing,
      title={Advancing LLM Reasoning Generalists with Preference Trees}, 
      author={Lifan Yuan and Ganqu Cui and Hanbin Wang and Ning Ding and Xingyao Wang and Jia Deng and Boji Shan and Huimin Chen and Ruobing Xie and Yankai Lin and Zhenghao Liu and Bowen Zhou and Hao Peng and Zhiyuan Liu and Maosong Sun},
      year={2024},
      eprint={2404.02078},
      archivePrefix={arXiv},
      primaryClass={cs.AI}
}
@misc{snorkelai@pair,
  title={Snorkel-Mistral-PairRM-DPO},
  author={Hoang Tran, Chris Glaze, Braden Hancock},
  url={https://huggingface.co/snorkelai/Snorkel-Mistral-PairRM-DPO},
  year={2024},
  publisher = {HuggingFace},
  journal = {HuggingFace repository},
  howpublished = {\url{https://huggingface.co/snorkelai/Snorkel-Mistral-PairRM-DPO}},
}
@article{ji2024beavertails,
  title={Beavertails: Towards improved safety alignment of llm via a human-preference dataset},
  author={Ji, Jiaming and Liu, Mickel and Dai, Josef and Pan, Xuehai and Zhang, Chi and Bian, Ce and Chen, Boyuan and Sun, Ruiyang and Wang, Yizhou and Yang, Yaodong},
  journal={Advances in Neural Information Processing Systems},
  volume={36},
  year={2024}
}
@article{yuan2024self,
  title={Self-Rewarding Language Models},
  author={Yuan, Weizhe and Pang, Richard Yuanzhe and Cho, Kyunghyun and Sukhbaatar, Sainbayar and Xu, Jing and Weston, Jason},
  journal={arXiv preprint arXiv:2401.10020},
  year={2024}
}

@inproceedings{knox2008tamer,
  title={Tamer: Training an agent manually via evaluative reinforcement},
  author={Knox, W Bradley and Stone, Peter},
  booktitle={2008 7th IEEE international conference on development and learning},
  pages={292--297},
  year={2008},
  organization={IEEE}
}

@inproceedings{bennett2007netflix,
  title={The netflix prize},
  author={Bennett, James and Lanning, Stan and others},
  booktitle={Proceedings of KDD cup and workshop},
  volume={2007},
  pages={35},
  year={2007},
  organization={New York}
}

@article{manheim2018categorizing,
  title={Categorizing variants of Goodhart's Law},
  author={Manheim, David and Garrabrant, Scott},
  journal={arXiv preprint arXiv:1803.04585},
  year={2018}
}
@inproceedings{liu2023maximize,
  title={Maximize to Explore: One Objective Function Fusing Estimation, Planning, and Exploration},
  author={Liu, Zhihan and Lu, Miao and Xiong, Wei and Zhong, Han and Hu, Hao and Zhang, Shenao and Zheng, Sirui and Yang, Zhuoran and Wang, Zhaoran},
  booktitle={Thirty-seventh Conference on Neural Information Processing Systems},
  year={2023}
}

@article{skalse2209defining,
  title={Defining and characterizing reward hacking. CoRR, abs/2209.13085, 2022. doi: 10.48550},
  author={Skalse, Joar and Howe, Nikolaus HR and Krasheninnikov, Dmitrii and Krueger, David},
  journal={arXiv preprint arXiv.2209.13085},
  year={2022}
}
@article{casper2023open,
  title={Open problems and fundamental limitations of reinforcement learning from human feedback},
  author={Casper, Stephen and Davies, Xander and Shi, Claudia and Gilbert, Thomas Krendl and Scheurer, J{\'e}r{\'e}my and Rando, Javier and Freedman, Rachel and Korbak, Tomasz and Lindner, David and Freire, Pedro and others},
  journal={arXiv preprint arXiv:2307.15217},
  year={2023}
}
@article{bansal2023peering,
  title={Peering through preferences: Unraveling feedback acquisition for aligning large language models},
  author={Bansal, Hritik and Dang, John and Grover, Aditya},
  journal={arXiv preprint arXiv:2308.15812},
  year={2023}
}

@article{wang2023enable,
  title={Enable Language Models to Implicitly Learn Self-Improvement From Data},
  author={Wang, Ziqi and Hou, Le and Lu, Tianjian and Wu, Yuexin and Li, Yunxuan and Yu, Hongkun and Ji, Heng},
  journal={arXiv preprint arXiv:2310.00898},
  year={2023}
}

@article{xu2023contrastive,
  title={Contrastive Post-training Large Language Models on Data Curriculum},
  author={Xu, Canwen and Rosset, Corby and Del Corro, Luciano and Mahajan, Shweti and McAuley, Julian and Neville, Jennifer and Awadallah, Ahmed Hassan and Rao, Nikhil},
  journal={arXiv preprint arXiv:2310.02263},
  year={2023}
}

@article{russo2013eluder,
  title={Eluder dimension and the sample complexity of optimistic exploration},
  author={Russo, Daniel and Van Roy, Benjamin},
  journal={Advances in Neural Information Processing Systems},
  volume={26},
  year={2013}
}

@article{song2023reward,
  title={Reward Collapse in Aligning Large Language Models},
  author={Song, Ziang and Cai, Tianle and Lee, Jason D and Su, Weijie J},
  journal={arXiv preprint arXiv:2305.17608},
  year={2023}
}
@article{zhan2023provable,
  title={Provable Offline Reinforcement Learning with Human Feedback},
  author={Zhan, Wenhao and Uehara, Masatoshi and Kallus, Nathan and Lee, Jason D and Sun, Wen},
  journal={arXiv preprint arXiv:2305.14816},
  year={2023}
}
@article{auer2002finite,
  title={Finite-time analysis of the multiarmed bandit problem},
  author={Auer, Peter and Cesa-Bianchi, Nicolo and Fischer, Paul},
  journal={Machine learning},
  volume={47},
  pages={235--256},
  year={2002},
  publisher={Springer}
}

@article{gentile2022fast,
  title={Fast rates in pool-based batch active learning},
  author={Gentile, Claudio and Wang, Zhilei and Zhang, Tong},
  journal={arXiv preprint arXiv:2202.05448},
  year={2022}
}
@article{christiano2017deep,
  title={Deep reinforcement learning from human preferences},
  author={Christiano, Paul F and Leike, Jan and Brown, Tom and Martic, Miljan and Legg, Shane and Amodei, Dario},
  journal={Advances in neural information processing systems},
  volume={30},
  year={2017}
}
@misc{wang2023helpsteer,
      title={HelpSteer: Multi-attribute Helpfulness Dataset for SteerLM}, 
      author={Zhilin Wang and Yi Dong and Jiaqi Zeng and Virginia Adams and Makesh Narsimhan Sreedhar and Daniel Egert and Olivier Delalleau and Jane Polak Scowcroft and Neel Kant and Aidan Swope and Oleksii Kuchaiev},
      year={2023},
      eprint={2311.09528},
      archivePrefix={arXiv},
      primaryClass={cs.CL}
}

@article{agarwal2019reinforcement,
  title={Reinforcement learning: Theory and algorithms},
  author={Agarwal, Alekh and Jiang, Nan and Kakade, Sham M and Sun, Wen},
  journal={CS Dept., UW Seattle, Seattle, WA, USA, Tech. Rep},
  volume={32},
  year={2019}
}
@article{bai2022training,
  title={Training a helpful and harmless assistant with reinforcement learning from human feedback},
  author={Bai, Yuntao and Jones, Andy and Ndousse, Kamal and Askell, Amanda and Chen, Anna and DasSarma, Nova and Drain, Dawn and Fort, Stanislav and Ganguli, Deep and Henighan, Tom and others},
  journal={arXiv preprint arXiv:2204.05862},
  year={2022}
}

@inproceedings{faury2020improved,
  title={Improved optimistic algorithms for logistic bandits},
  author={Faury, Louis and Abeille, Marc and Calauz{\`e}nes, Cl{\'e}ment and Fercoq, Olivier},
  booktitle={International Conference on Machine Learning},
  pages={3052--3060},
  year={2020},
  organization={PMLR}
}

@article{
dong2023raft,
title={{RAFT}: Reward rAnked FineTuning for Generative Foundation Model Alignment},
author={Hanze Dong and Wei Xiong and Deepanshu Goyal and Yihan Zhang and Winnie Chow and Rui Pan and Shizhe Diao and Jipeng Zhang and KaShun SHUM and Tong Zhang},
journal={Transactions on Machine Learning Research},
issn={2835-8856},
year={2023},
url={https://openreview.net/forum?id=m7p5O7zblY},
note={}
}

@article{ziegler2019fine,
  title={Fine-tuning language models from human preferences},
  author={Ziegler, Daniel M and Stiennon, Nisan and Wu, Jeffrey and Brown, Tom B and Radford, Alec and Amodei, Dario and Christiano, Paul and Irving, Geoffrey},
  journal={arXiv preprint arXiv:1909.08593},
  year={2019}
}

@article{wu2021recursively,
  title={Recursively summarizing books with human feedback},
  author={Wu, Jeff and Ouyang, Long and Ziegler, Daniel M and Stiennon, Nisan and Lowe, Ryan and Leike, Jan and Christiano, Paul},
  journal={arXiv preprint arXiv:2109.10862},
  year={2021}
}

@article{Anthropic@claude,
  title={Introducing claude},
  author={Anthropic},
  url={https://www.anthropic.com/index/introducing-claude},
  year={2023},
}

@article{google@bard,
  title={Bard},
  author={Google},
  url={https://bard.google.com/},
  year={2023},
}

@book{lattimore2020bandit,
  title={Bandit algorithms},
  author={Lattimore, Tor and Szepesv{\'a}ri, Csaba},
  year={2020},
  publisher={Cambridge University Press}
}

@article{rusmevichientong2010linearly,
  title={Linearly parameterized bandits},
  author={Rusmevichientong, Paat and Tsitsiklis, John N},
  journal={Mathematics of Operations Research},
  volume={35},
  number={2},
  pages={395--411},
  year={2010},
  publisher={INFORMS}
}

@inproceedings{gao2023scaling,
  title={Scaling laws for reward model overoptimization},
  author={Gao, Leo and Schulman, John and Hilton, Jacob},
  booktitle={International Conference on Machine Learning},
  pages={10835--10866},
  year={2023},
  organization={PMLR}
}

@article{textbooks2,
  title={Textbooks Are All You Need II: \textbf{phi-1.5} technical report},
  author={Li, Yuanzhi and Bubeck, S{\'e}bastien and Eldan, Ronen and Del Giorno, Allie and Gunasekar, Suriya and Lee, Yin Tat},
  journal={arXiv preprint arXiv:2309.05463},
  year={2023}
}

@software{openlm2023openllama,
  author = {Geng, Xinyang and Liu, Hao},
  title = {OpenLLaMA: An Open Reproduction of LLaMA},
  month = May,
  year = 2023,
  url = {https://github.com/openlm-research/open_llama}
}


@article{zheng2023judging,
  title={Judging LLM-as-a-judge with MT-Bench and Chatbot Arena},
  author={Zheng, Lianmin and Chiang, Wei-Lin and Sheng, Ying and Zhuang, Siyuan and Wu, Zhanghao and Zhuang, Yonghao and Lin, Zi and Li, Zhuohan and Li, Dacheng and Xing, Eric and others},
  journal={arXiv preprint arXiv:2306.05685},
  year={2023}
}
@inproceedings{xiong2022self,
  title={A self-play posterior sampling algorithm for zero-sum Markov games},
  author={Xiong, Wei and Zhong, Han and Shi, Chengshuai and Shen, Cong and Zhang, Tong},
  booktitle={International Conference on Machine Learning},
  pages={24496--24523},
  year={2022},
  organization={PMLR}
}
@article{korbak2022rl,
  title={RL with KL penalties is better viewed as Bayesian inference},
  author={Korbak, Tomasz and Perez, Ethan and Buckley, Christopher L},
  journal={arXiv preprint arXiv:2205.11275},
  year={2022}
}
@inproceedings{ziebart2008maximum,
  title={Maximum entropy inverse reinforcement learning.},
  author={Ziebart, Brian D and Maas, Andrew L and Bagnell, J Andrew and Dey, Anind K and others},
  booktitle={Aaai},
  volume={8},
  pages={1433--1438},
  year={2008},
  organization={Chicago, IL, USA}
}

@article{lin2023speciality,
  title={Speciality vs generality: An empirical study on catastrophic forgetting in fine-tuning foundation models},
  author={Lin, Yong and Tan, Lu and Lin, Hangyu and Zheng, Zeming and Pi, Renjie and Zhang, Jipeng and Diao, Shizhe and Wang, Haoxiang and Zhao, Han and Yao, Yuan and others},
  journal={arXiv preprint arXiv:2309.06256},
  year={2023}
}

@article{zhao2023slic,
  title={Slic-hf: Sequence likelihood calibration with human feedback},
  author={Zhao, Yao and Joshi, Rishabh and Liu, Tianqi and Khalman, Misha and Saleh, Mohammad and Liu, Peter J},
  journal={arXiv preprint arXiv:2305.10425},
  year={2023}
}
@article{jin2021power,
  title={The Power of Exploiter: Provable Multi-Agent RL in Large State Spaces},
  author={Jin, Chi and Liu, Qinghua and Yu, Tiancheng},
  journal={arXiv preprint arXiv:2106.03352},
  year={2021}
}
@article{huang2021towards,
  title={Towards general function approximation in zero-sum markov games},
  author={Huang, Baihe and Lee, Jason D and Wang, Zhaoran and Yang, Zhuoran},
  journal={arXiv preprint arXiv:2107.14702},
  year={2021}
}



@article{yue2023mammoth,
  title={MAmmoTH: Building Math Generalist Models through Hybrid Instruction Tuning},
  author={Xiang Yue and Xingwei Qu, Ge Zhang and Yao Fu and Wenhao Huang and Huan Sun and Yu Su and Wenhu Chen},
  journal={arXiv preprint arXiv:2309.05653},
  year={2023}
}

@article{xu2023wizardlm,
  title={Wizardlm: Empowering large language models to follow complex instructions},
  author={Xu, Can and Sun, Qingfeng and Zheng, Kai and Geng, Xiubo and Zhao, Pu and Feng, Jiazhan and Tao, Chongyang and Jiang, Daxin},
  journal={arXiv preprint arXiv:2304.12244},
  year={2023}
}

@article{wei2023magicoder,
  title={Magicoder: Source Code Is All You Need},
  author={Wei, Yuxiang and Wang, Zhe and Liu, Jiawei and Ding, Yifeng and Zhang, Lingming},
  journal={arXiv preprint arXiv:2312.02120},
  year={2023}
}
@misc{mitra2024orcamath,
      title={Orca-Math: Unlocking the potential of SLMs in Grade School Math}, 
      author={Arindam Mitra and Hamed Khanpour and Corby Rosset and Ahmed Awadallah},
      year={2024},
      eprint={2402.14830},
      archivePrefix={arXiv},
      primaryClass={cs.CL}
}

@misc{vicuna2023,
    title = {Vicuna: An Open-Source Chatbot Impressing GPT-4 with 90\%* ChatGPT Quality},
    url = {https://lmsys.org/blog/2023-03-30-vicuna/},
    author = {Chiang, Wei-Lin and Li, Zhuohan and Lin, Zi and Sheng, Ying and Wu, Zhanghao and Zhang, Hao and Zheng, Lianmin and Zhuang, Siyuan and Zhuang, Yonghao and Gonzalez, Joseph E. and Stoica, Ion and Xing, Eric P.},
    month = {March},
    year = {2023}
}

@misc{GPTeacher,
  author = {Teknium1},
  title = {GPTeacher},
  year = {2023},
  url = {https://github.com/teknium1/GPTeacher},
  note  = {GitHub repository},
}


@article{peng2023instruction,
  title={Instruction Tuning with GPT-4},
  author={Peng, Baolin and Li, Chunyuan and He, Pengcheng and Galley, Michel and Gao, Jianfeng},
  journal={arXiv preprint arXiv:2304.03277},
  year={2023}
}

@article{joachims2007evaluating,
  title={Evaluating the accuracy of implicit feedback from clicks and query reformulations in web search},
  author={Joachims, Thorsten and Granka, Laura and Pan, Bing and Hembrooke, Helene and Radlinski, Filip and Gay, Geri},
  journal={ACM Transactions on Information Systems (TOIS)},
  volume={25},
  number={2},
  pages={7--es},
  year={2007},
  publisher={ACM New York, NY, USA}
}

@misc{SlimOrca,
  title = {SlimOrca: An Open Dataset of GPT-4 Augmented FLAN Reasoning Traces, with Verification},
  author = {Wing Lian and Guan Wang and Bleys Goodson and Eugene Pentland and Austin Cook and Chanvichet Vong and "Teknium"},
  year = {2023},
  publisher = {HuggingFace},
  url = {https://https://huggingface.co/Open-Orca/SlimOrca}
}

@article{liu2023statistical,
  title={Statistical rejection sampling improves preference optimization},
  author={Liu, Tianqi and Zhao, Yao and Joshi, Rishabh and Khalman, Misha and Saleh, Mohammad and Liu, Peter J and Liu, Jialu},
  journal={arXiv preprint arXiv:2309.06657},
  year={2023}
}

@article{rafailov2023direct,
  title={Direct preference optimization: Your language model is secretly a reward model},
  author={Rafailov, Rafael and Sharma, Archit and Mitchell, Eric and Ermon, Stefano and Manning, Christopher D and Finn, Chelsea},
  journal={arXiv preprint arXiv:2305.18290},
  year={2023}
}
@article{ouyang2022training,
  title={Training language models to follow instructions with human feedback},
  author={Ouyang, Long and Wu, Jeffrey and Jiang, Xu and Almeida, Diogo and Wainwright, Carroll and Mishkin, Pamela and Zhang, Chong and Agarwal, Sandhini and Slama, Katarina and Ray, Alex and others},
  journal={Advances in Neural Information Processing Systems},
  volume={35},
  pages={27730--27744},
  year={2022}
}

@article{pacchiano2021dueling,
  title={Dueling rl: reinforcement learning with trajectory preferences},
  author={Pacchiano, Aldo and Saha, Aadirupa and Lee, Jonathan},
  journal={arXiv preprint arXiv:2111.04850},
  year={2021}
}
@article{zhu2023principled,
  title={Principled Reinforcement Learning with Human Feedback from Pairwise or $ K $-wise Comparisons},
  author={Zhu, Banghua and Jiao, Jiantao and Jordan, Michael I},
  journal={arXiv preprint arXiv:2301.11270},
  year={2023}
}
@article{zanette2021provable,
  title={Provable benefits of actor-critic methods for offline reinforcement learning},
  author={Zanette, Andrea and Wainwright, Martin J and Brunskill, Emma},
  journal={Advances in neural information processing systems},
  volume={34},
  pages={13626--13640},
  year={2021}
}



@article{kong2022provably,
  title={Provably Feedback-Efficient Reinforcement Learning via Active Reward Learning},
  author={Kong, Dingwen and Yang, Lin},
  journal={Advances in Neural Information Processing Systems},
  volume={35},
  pages={11063--11078},
  year={2022}
}

@article{dubois2023alpacafarm,
  title={Alpacafarm: A simulation framework for methods that learn from human feedback},
  author={Dubois, Yann and Li, Xuechen and Taori, Rohan and Zhang, Tianyi and Gulrajani, Ishaan and Ba, Jimmy and Guestrin, Carlos and Liang, Percy and Hashimoto, Tatsunori B},
  journal={arXiv preprint arXiv:2305.14387},
  year={2023}
}
@article{wirth2017survey,
  title={A survey of preference-based reinforcement learning methods},
  author={Wirth, Christian and Akrour, Riad and Neumann, Gerhard and F{\"u}rnkranz, Johannes and others},
  journal={Journal of Machine Learning Research},
  volume={18},
  number={136},
  pages={1--46},
  year={2017},
  publisher={Journal of Machine Learning Research/Massachusetts Institute of Technology~…}
}

@article{bhardwaj2023adversarial,
  title={Adversarial model for offline reinforcement learning},
  author={Bhardwaj, Mohak and Xie, Tengyang and Boots, Byron and Jiang, Nan and Cheng, Ching-An},
  journal={arXiv preprint arXiv:2302.11048},
  year={2023}
}

@article{xie2021bellman,
  title={Bellman-consistent pessimism for offline reinforcement learning},
  author={Xie, Tengyang and Cheng, Ching-An and Jiang, Nan and Mineiro, Paul and Agarwal, Alekh},
  journal={Advances in neural information processing systems},
  volume={34},
  pages={6683--6694},
  year={2021}
}
@article{rashidinejad2021bridging,
  title={Bridging offline reinforcement learning and imitation learning: A tale of pessimism},
  author={Rashidinejad, Paria and Zhu, Banghua and Ma, Cong and Jiao, Jiantao and Russell, Stuart},
  journal={Advances in Neural Information Processing Systems},
  volume={34},
  pages={11702--11716},
  year={2021}
}

@article{agarwal2021theory,
  title={On the theory of policy gradient methods: Optimality, approximation, and distribution shift},
  author={Agarwal, Alekh and Kakade, Sham M and Lee, Jason D and Mahajan, Gaurav},
  journal={The Journal of Machine Learning Research},
  volume={22},
  number={1},
  pages={4431--4506},
  year={2021},
  publisher={JMLRORG}
}

@inproceedings{jin2021pessimism,
  title={Is pessimism provably efficient for offline rl?},
  author={Jin, Ying and Yang, Zhuoran and Wang, Zhaoran},
  booktitle={International Conference on Machine Learning},
  pages={5084--5096},
  year={2021},
  organization={PMLR}
}





@article{qin2023large,
  title={Large language models are effective text rankers with pairwise ranking prompting},
  author={Qin, Zhen and Jagerman, Rolf and Hui, Kai and Zhuang, Honglei and Wu, Junru and Shen, Jiaming and Liu, Tianqi and Liu, Jialu and Metzler, Donald and Wang, Xuanhui and others},
  journal={arXiv preprint arXiv:2306.17563},
  year={2023}
}
@inproceedings{zhang2022corruption,
  title={Corruption-robust offline reinforcement learning},
  author={Zhang, Xuezhou and Chen, Yiding and Zhu, Xiaojin and Sun, Wen},
  booktitle={International Conference on Artificial Intelligence and Statistics},
  pages={5757--5773},
  year={2022},
  organization={PMLR}
}

@article{jiang2023llm,
  title={LLM-Blender: Ensembling Large Language Models with Pairwise Ranking and Generative Fusion},
  author={Jiang, Dongfu and Ren, Xiang and Lin, Bill Yuchen},
  journal={arXiv preprint arXiv:2306.02561},
  year={2023}
}
@article{hong2022sensitivity,
  title={On the Sensitivity of Reward Inference to Misspecified Human Models},
  author={Hong, Joey and Bhatia, Kush and Dragan, Anca},
  journal={arXiv preprint arXiv:2212.04717},
  year={2022}
}

@article{zhong2022gec,
  title={Gec: A unified framework for interactive decision making in mdp, pomdp, and beyond},
  author={Zhong, Han and Xiong, Wei and Zheng, Sirui and Wang, Liwei and Wang, Zhaoran and Yang, Zhuoran and Zhang, Tong},
  journal={arXiv preprint arXiv:2211.01962},
  year={2022}
}

@article{tunstall2023zephyr,
  title={Zephyr: Direct distillation of lm alignment},
  author={Tunstall, Lewis and Beeching, Edward and Lambert, Nathan and Rajani, Nazneen and Rasul, Kashif and Belkada, Younes and Huang, Shengyi and von Werra, Leandro and Fourrier, Cl{\'e}mentine and Habib, Nathan and others},
  journal={arXiv preprint arXiv:2310.16944},
  year={2023}
}

@article{shin2023benchmarks,
  title={Benchmarks and algorithms for offline preference-based reward learning},
  author={Shin, Daniel and Dragan, Anca D and Brown, Daniel S},
  journal={arXiv preprint arXiv:2301.01392},
  year={2023}
}

@article{song2022hybrid,
  title={Hybrid rl: Using both offline and online data can make rl efficient},
  author={Song, Yuda and Zhou, Yifei and Sekhari, Ayush and Bagnell, J Andrew and Krishnamurthy, Akshay and Sun, Wen},
  journal={arXiv preprint arXiv:2210.06718},
  year={2022}
}

@article{coste2023reward,
  title={Reward Model Ensembles Help Mitigate Overoptimization},
  author={Coste, Thomas and Anwar, Usman and Kirk, Robert and Krueger, David},
  journal={arXiv preprint arXiv:2310.02743},
  year={2023}
}

@inproceedings{cai2020provably,
  title={Provably efficient exploration in policy optimization},
  author={Cai, Qi and Yang, Zhuoran and Jin, Chi and Wang, Zhaoran},
  booktitle={International Conference on Machine Learning},
  pages={1283--1294},
  year={2020},
  organization={PMLR}
}

@inproceedings{zanette2021cautiously,
  title={Cautiously optimistic policy optimization and exploration with linear function approximation},
  author={Zanette, Andrea and Cheng, Ching-An and Agarwal, Alekh},
  booktitle={Conference on Learning Theory},
  pages={4473--4525},
  year={2021},
  organization={PMLR}
}

@inproceedings{chen2022human,
  title={Human-in-the-loop: Provably efficient preference-based reinforcement learning with general function approximation},
  author={Chen, Xiaoyu and Zhong, Han and Yang, Zhuoran and Wang, Zhaoran and Wang, Liwei},
  booktitle={International Conference on Machine Learning},
  pages={3773--3793},
  year={2022},
  organization={PMLR}
}

@article{zhong2023theoretical,
  title={A theoretical analysis of optimistic proximal policy optimization in linear markov decision processes},
  author={Zhong, Han and Zhang, Tong},
  journal={arXiv preprint arXiv:2305.08841},
  year={2023}
}

@article{li2023reinforcement,
  title={Reinforcement Learning with Human Feedback: Learning Dynamic Choices via Pessimism},
  author={Li, Zihao and Yang, Zhuoran and Wang, Mengdi},
  journal={arXiv preprint arXiv:2305.18438},
  year={2023}
}
@article{lightman2023let,
  title={Let's Verify Step by Step},
  author={Lightman, Hunter and Kosaraju, Vineet and Burda, Yura and Edwards, Harri and Baker, Bowen and Lee, Teddy and Leike, Jan and Schulman, John and Sutskever, Ilya and Cobbe, Karl},
  journal={arXiv preprint arXiv:2305.20050},
  year={2023}
}
@article{ramamurthy2022reinforcement,
  title={Is reinforcement learning (not) for natural language processing?: Benchmarks, baselines, and building blocks for natural language policy optimization},
  author={Ramamurthy, Rajkumar and Ammanabrolu, Prithviraj and Brantley, Kiant{\'e} and Hessel, Jack and Sifa, Rafet and Bauckhage, Christian and Hajishirzi, Hannaneh and Choi, Yejin},
  journal={arXiv preprint arXiv:2210.01241},
  year={2022}
}


@article{chan2024dense,
  title={Dense Reward for Free in Reinforcement Learning from Human Feedback},
  author={Chan, Alex J and Sun, Hao and Holt, Samuel and van der Schaar, Mihaela},
  journal={arXiv preprint arXiv:2402.00782},
  year={2024}
}
@article{zhong2024dpo,
  title={DPO Meets PPO: Reinforced Token Optimization for RLHF},
  author={Zhong, Han and Feng, Guhao and Xiong, Wei and Zhao, Li and He, Di and Bian, Jiang and Wang, Liwei},
  journal={arXiv preprint arXiv:2404.18922},
  year={2024}
}
@article{chang2024dataset,
  title={Dataset Reset Policy Optimization for RLHF},
  author={Chang, Jonathan D and Shan, Wenhao and Oertell, Owen and Brantley, Kiant{\'e} and Misra, Dipendra and Lee, Jason D and Sun, Wen},
  journal={arXiv preprint arXiv:2404.08495},
  year={2024}
}
@article{chen2024noise,
  title={Noise Contrastive Alignment of Language Models with Explicit Rewards},
  author={Chen, Huayu and He, Guande and Su, Hang and Zhu, Jun},
  journal={arXiv preprint arXiv:2402.05369},
  year={2024}
}

@article{wu2024self,
  title={Self-Play Preference Optimization for Language Model Alignment},
  author={Wu, Yue and Sun, Zhiqing and Yuan, Huizhuo and Ji, Kaixuan and Yang, Yiming and Gu, Quanquan},
  journal={arXiv preprint arXiv:2405.00675},
  year={2024}
}

@inproceedings{kwon2023efficient,
  title={Efficient Memory Management for Large Language Model Serving with PagedAttention},
  author={Woosuk Kwon and Zhuohan Li and Siyuan Zhuang and Ying Sheng and Lianmin Zheng and Cody Hao Yu and Joseph E. Gonzalez and Hao Zhang and Ion Stoica},
  booktitle={Proceedings of the ACM SIGOPS 29th Symposium on Operating Systems Principles},
  year={2023}
}

@inproceedings{stienon2020learning,
  author = {Nisan Stiennon and Long Ouyang and Jeff Wu and Daniel M. Ziegler and Ryan Lowe and Chelsea Voss and Alec Radford and Dario Amodei and Paul Christiano},
  title = {Learning to summarize from human feedback},
  booktitle = {NeurIPS},
  year = 2020,
}

@inproceedings{mint2024a,
  title={MINT: Multi-turn interactive evaluation for Tool-augmented LLMs with Language Feedback}, 
  author={Wang, Xingyao and Wang, Zihan and Liu, Jiateng and Chen, Yangyi and Yuan, Lifan and Peng, Hao and Ji, Heng},
  year={2024},
  booktitle = {Proc. The Twelfth International Conference on Learning Representations (ICLR2024)}
}

@inproceedings{nlfeedback2023,
    title     = {LeTI: Learning to Generate from Textual Interactions},
    author    = {Wang, Xingyao and Peng, Hao and Jabbarvand, Reyhaneh and Ji, Heng},
    year      = {2023},
    booktitle = {arxiv}
}


@article{wang2023rlhf,
  title={Is RLHF More Difficult than Standard RL?},
  author={Wang, Yuanhao and Liu, Qinghua and Jin, Chi},
  journal={arXiv preprint arXiv:2306.14111},
  year={2023}
}

@article{wu2023making,
  title={Making RL with Preference-based Feedback Efficient via Randomization},
  author={Wu, Runzhe and Sun, Wen},
  journal={arXiv preprint arXiv:2310.14554},
  year={2023}
}

@article{zhan2023query,
  title={How to Query Human Feedback Efficiently in RL?},
  author={Zhan, Wenhao and Uehara, Masatoshi and Sun, Wen and Lee, Jason D},
  journal={arXiv preprint arXiv:2305.18505},
  year={2023}
}
@misc{zhu2023starling,
  title={Starling-7b: Improving llm helpfulness \& harmlessness with rlaif},
  author={Zhu, Banghua and Frick, Evan and Wu, Tianhao and Zhu, Hanlin and Jiao, Jiantao},
  year={2023},
  publisher={November}
}
@article{zelikman2022star,
  title={Star: Bootstrapping reasoning with reasoning},
  author={Zelikman, Eric and Wu, Yuhuai and Mu, Jesse and Goodman, Noah},
  journal={Advances in Neural Information Processing Systems},
  volume={35},
  pages={15476--15488},
  year={2022}
}

@article{team2023gemini,
  title={Gemini: a family of highly capable multimodal models},
  author={Team, Gemini and Anil, Rohan and Borgeaud, Sebastian and Wu, Yonghui and Alayrac, Jean-Baptiste and Yu, Jiahui and Soricut, Radu and Schalkwyk, Johan and Dai, Andrew M and Hauth, Anja and others},
  journal={arXiv preprint arXiv:2312.11805},
  year={2023}
}

@article{yue2012k,
  title={The k-armed dueling bandits problem},
  author={Yue, Yisong and Broder, Josef and Kleinberg, Robert and Joachims, Thorsten},
  journal={Journal of Computer and System Sciences},
  volume={78},
  number={5},
  pages={1538--1556},
  year={2012},
  publisher={Elsevier}
}


@article{ethayarajh2024kto,
  title={Kto: Model alignment as prospect theoretic optimization},
  author={Ethayarajh, Kawin and Xu, Winnie and Muennighoff, Niklas and Jurafsky, Dan and Kiela, Douwe},
  journal={arXiv preprint arXiv:2402.01306},
  year={2024}
}
@article{bai2023qwen,
  title={Qwen technical report},
  author={Bai, Jinze and Bai, Shuai and Chu, Yunfei and Cui, Zeyu and Dang, Kai and Deng, Xiaodong and Fan, Yang and Ge, Wenbin and Han, Yu and Huang, Fei and others},
  journal={arXiv preprint arXiv:2309.16609},
  year={2023}
}
@article{bengs2021preference,
  title={Preference-based online learning with dueling bandits: A survey},
  author={Bengs, Viktor and Busa-Fekete, R{\'o}bert and El Mesaoudi-Paul, Adil and H{\"u}llermeier, Eyke},
  journal={The Journal of Machine Learning Research},
  volume={22},
  number={1},
  pages={278--385},
  year={2021},
  publisher={JMLRORG}
}

@article{liu2023one,
  title={One Objective to Rule Them All: A Maximization Objective Fusing Estimation and Planning for Exploration},
  author={Liu, Zhihan and Lu, Miao and Xiong, Wei and Zhong, Han and Hu, Hao and Zhang, Shenao and Zheng, Sirui and Yang, Zhuoran and Wang, Zhaoran},
  journal={arXiv preprint arXiv:2305.18258},
  year={2023}
}

@article{xiong2022nearly,
  title={Nearly minimax optimal offline reinforcement learning with linear function approximation: Single-agent mdp and markov game},
  author={Xiong, Wei and Zhong, Han and Shi, Chengshuai and Shen, Cong and Wang, Liwei and Zhang, Tong},
  journal={arXiv preprint arXiv:2205.15512},
  year={2022}
}

@article{yin2022near,
  title={Near-optimal offline reinforcement learning with linear representation: Leveraging variance information with pessimism},
  author={Yin, Ming and Duan, Yaqi and Wang, Mengdi and Wang, Yu-Xiang},
  journal={arXiv preprint arXiv:2203.05804},
  year={2022}
}

@inproceedings{xie2021batch,
  title={Batch value-function approximation with only realizability},
  author={Xie, Tengyang and Jiang, Nan},
  booktitle={International Conference on Machine Learning},
  pages={11404--11413},
  year={2021},
  organization={PMLR}
}
@article{saha2021optimal,
  title={Optimal algorithms for stochastic contextual preference bandits},
  author={Saha, Aadirupa},
  journal={Advances in Neural Information Processing Systems},
  volume={34},
  pages={30050--30062},
  year={2021}
}

@article{xiong2023gibbs,
  title={Gibbs sampling from human feedback: A provable kl-constrained framework for rlhf},
  author={Xiong, Wei and Dong, Hanze and Ye, Chenlu and Zhong, Han and Jiang, Nan and Zhang, Tong},
  journal={arXiv preprint arXiv:2312.11456},
  year={2023}
}

@article{madaan2024self,
  title={Self-refine: Iterative refinement with self-feedback},
  author={Madaan, Aman and Tandon, Niket and Gupta, Prakhar and Hallinan, Skyler and Gao, Luyu and Wiegreffe, Sarah and Alon, Uri and Dziri, Nouha and Prabhumoye, Shrimai and Yang, Yiming and others},
  journal={Advances in Neural Information Processing Systems},
  volume={36},
  year={2024}
}

@article{wang2022self,
  title={Self-consistency improves chain of thought reasoning in language models},
  author={Wang, Xuezhi and Wei, Jason and Schuurmans, Dale and Le, Quoc and Chi, Ed H and Zhou, Denny},
  journal={arXiv preprint arXiv:2203.11171},
  year={2022}
}

@inproceedings{xiong2023iterative,
  title={Iterative Preference Learning from Human Feedback: Bridging Theory and Practice for RLHF under KL-constraint},
  author={Xiong, Wei and Dong, Hanze and Ye, Chenlu and Wang, Ziqi and Zhong, Han and Ji, Heng and Jiang, Nan and Zhang, Tong},
  joural={ICLR 2024 Workshop on Mathematical and Empirical Understanding of Foundation Models},
    year={2023}
}

@inproceedings{zhong2022pessimistic,
  title={Pessimistic minimax value iteration: Provably efficient equilibrium learning from offline datasets},
  author={Zhong, Han and Xiong, Wei and Tan, Jiyuan and Wang, Liwei and Zhang, Tong and Wang, Zhaoran and Yang, Zhuoran},
  booktitle={International Conference on Machine Learning},
  pages={27117--27142},
  year={2022},
  organization={PMLR}
}
@article{ye2024theoretical,
  title={A theoretical analysis of nash learning from human feedback under general kl-regularized preference},
  author={Ye, Chenlu and Xiong, Wei and Zhang, Yuheng and Jiang, Nan and Zhang, Tong},
  journal={arXiv preprint arXiv:2402.07314},
  year={2024}
}
@article{xie2022role,
  title={The role of coverage in online reinforcement learning},
  author={Xie, Tengyang and Foster, Dylan J and Bai, Yu and Jiang, Nan and Kakade, Sham M},
  journal={arXiv preprint arXiv:2210.04157},
  year={2022}
}

@article{rosset2024direct,
  title={Direct nash optimization: Teaching language models to self-improve with general preferences},
  author={Rosset, Corby and Cheng, Ching-An and Mitra, Arindam and Santacroce, Michael and Awadallah, Ahmed and Xie, Tengyang},
  journal={arXiv preprint arXiv:2404.03715},
  year={2024}
}

@article{tajwar2024preference,
  title={Preference Fine-Tuning of LLMs Should Leverage Suboptimal, On-Policy Data},
  author={Tajwar, Fahim and Singh, Anikait and Sharma, Archit and Rafailov, Rafael and Schneider, Jeff and Xie, Tengyang and Ermon, Stefano and Finn, Chelsea and Kumar, Aviral},
  journal={arXiv preprint arXiv:2404.14367},
  year={2024}
}

@article{cui2022offline,
  title={When are Offline Two-Player Zero-Sum Markov Games Solvable?},
  author={Cui, Qiwen and Du, Simon S},
  journal={Advances in Neural Information Processing Systems},
  volume={35},
  pages={25779--25791},
  year={2022}
}

@inproceedings{dudik2015contextual,
  title={Contextual dueling bandits},
  author={Dud{\'\i}k, Miroslav and Hofmann, Katja and Schapire, Robert E and Slivkins, Aleksandrs and Zoghi, Masrour},
  booktitle={Conference on Learning Theory},
  pages={563--587},
  year={2015},
  organization={PMLR}
}

@article{zhang2023offline,
  title={Offline Learning in Markov Games with General Function Approximation},
  author={Zhang, Yuheng and Bai, Yu and Jiang, Nan},
  journal={arXiv preprint arXiv:2302.02571},
  year={2023}
}

@inproceedings{ye2023corruptiona,
  title={Corruption-robust algorithms with uncertainty weighting for nonlinear contextual bandits and markov decision processes},
  author={Ye, Chenlu and Xiong, Wei and Gu, Quanquan and Zhang, Tong},
  booktitle={International Conference on Machine Learning},
  pages={39834--39863},
  year={2023},
  organization={PMLR}
}

@article{ye2023corruptionb,
  title={Corruption-Robust Offline Reinforcement Learning with General Function Approximation},
  author={Ye, Chenlu and Yang, Rui and Gu, Quanquan and Zhang, Tong},
  journal={arXiv preprint arXiv:2310.14550},
  year={2023}
}

@article{calandriello2024human,
  title={Human Alignment of Large Language Models through Online Preference Optimisation},
  author={Calandriello, Daniele and Guo, Daniel and Munos, Remi and Rowland, Mark and Tang, Yunhao and Pires, Bernardo Avila and Richemond, Pierre Harvey and Lan, Charline Le and Valko, Michal and Liu, Tianqi and others},
  journal={arXiv preprint arXiv:2403.08635},
  year={2024}
}

@article{simpson1969defining,
  title={On defining areas of voter choice: Professor Tullock on stable voting},
  author={Simpson, Paul B},
  journal={The Quarterly Journal of Economics},
  volume={83},
  number={3},
  pages={478--490},
  year={1969},
  publisher={MIT Press}
}

@article{kramer1973class,
  title={On a class of equilibrium conditions for majority rule},
  author={Kramer, Gerald H},
  journal={Econometrica: Journal of the Econometric Society},
  pages={285--297},
  year={1973},
  publisher={JSTOR}
}

@article{fishburn1984probabilistic,
  title={Probabilistic social choice based on simple voting comparisons},
  author={Fishburn, Peter C},
  journal={The Review of Economic Studies},
  volume={51},
  number={4},
  pages={683--692},
  year={1984},
  publisher={Wiley-Blackwell}
}

@article{chen2024self,
  title={Self-play fine-tuning converts weak language models to strong language models},
  author={Chen, Zixiang and Deng, Yihe and Yuan, Huizhuo and Ji, Kaixuan and Gu, Quanquan},
  journal={arXiv preprint arXiv:2401.01335},
  year={2024}
}

@article{ji2024reinforcement,
  title={Reinforcement Learning from Human Feedback with Active Queries},
  author={Ji, Kaixuan and He, Jiafan and Gu, Quanquan},
  journal={arXiv preprint arXiv:2402.09401},
  year={2024}
}

@article{cobbe2021gsm8k,
  title={Training Verifiers to Solve Math Word Problems},
  author={Cobbe, Karl and Kosaraju, Vineet and Bavarian, Mohammad and Chen, Mark and Jun, Heewoo and Kaiser, Lukasz and Plappert, Matthias and Tworek, Jerry and Hilton, Jacob and Nakano, Reiichiro and Hesse, Christopher and Schulman, John},
  journal={arXiv preprint arXiv:2110.14168},
  year={2021}
}
@article{hendrycks2020measuring,
  title={Measuring massive multitask language understanding},
  author={Hendrycks, Dan and Burns, Collin and Basart, Steven and Zou, Andy and Mazeika, Mantas and Song, Dawn and Steinhardt, Jacob},
  journal={arXiv preprint arXiv:2009.03300},
  year={2020}
}
@article{allenai:arc,
      author    = {Peter Clark  and Isaac Cowhey and Oren Etzioni and Tushar Khot and
                    Ashish Sabharwal and Carissa Schoenick and Oyvind Tafjord},
      title     = {Think you have Solved Question Answering? Try ARC, the AI2 Reasoning Challenge},
      journal   = {arXiv:1803.05457v1},
      year      = {2018},
}
@article{austin2021program,
  title={Program Synthesis with Large Language Models},
  author={Austin, Jacob and Odena, Augustus and Nye, Maxwell and Bosma, Maarten and Michalewski, Henryk and Dohan, David and Jiang, Ellen and Cai, Carrie and Terry, Michael and Le, Quoc and others},
  journal={arXiv preprint arXiv:2108.07732},
  year={2021}}


@article{chen2021codex,
  title={Evaluating Large Language Models Trained on Code},
  author={Mark Chen and Jerry Tworek and Heewoo Jun and Qiming Yuan and Henrique Ponde de Oliveira Pinto and Jared Kaplan and Harri Edwards and Yuri Burda and Nicholas Joseph and Greg Brockman and Alex Ray and Raul Puri and Gretchen Krueger and Michael Petrov and Heidy Khlaaf and Girish Sastry and Pamela Mishkin and Brooke Chan and Scott Gray and Nick Ryder and Mikhail Pavlov and Alethea Power and Lukasz Kaiser and Mohammad Bavarian and Clemens Winter and Philippe Tillet and Felipe Petroski Such and Dave Cummings and Matthias Plappert and Fotios Chantzis and Elizabeth Barnes and Ariel Herbert-Voss and William Hebgen Guss and Alex Nichol and Alex Paino and Nikolas Tezak and Jie Tang and Igor Babuschkin and Suchir Balaji and Shantanu Jain and William Saunders and Christopher Hesse and Andrew N. Carr and Jan Leike and Josh Achiam and Vedant Misra and Evan Morikawa and Alec Radford and Matthew Knight and Miles Brundage and Mira Murati and Katie Mayer and Peter Welinder and Bob McGrew and Dario Amodei and Sam McCandlish and Ilya Sutskever and Wojciech Zaremba},
  year={2021},
  eprint={2107.03374},
  archivePrefix={arXiv},
  primaryClass={cs.LG}
}

@article{lin2021truthfulqa,
  title={Truthfulqa: Measuring how models mimic human falsehoods},
  author={Lin, Stephanie and Hilton, Jacob and Evans, Owain},
  journal={arXiv preprint arXiv:2109.07958},
  year={2021}
}
@misc{nomic,
      title={Nomic Embed: Training a Reproducible Long Context Text Embedder}, 
      author={Zach Nussbaum and John X. Morris and Brandon Duderstadt and Andriy Mulyar},
      year={2024},
      eprint={2402.01613},
      archivePrefix={arXiv},
      primaryClass={cs.CL}
}
@article{xie2024exploratory,
  title={Exploratory Preference Optimization: Harnessing Implicit Q*-Approximation for Sample-Efficient RLHF},
  author={Xie, Tengyang and Foster, Dylan J and Krishnamurthy, Akshay and Rosset, Corby and Awadallah, Ahmed and Rakhlin, Alexander},
  journal={arXiv preprint arXiv:2405.21046},
  year={2024}
}
@article{cen2024value,
  title={Value-Incentivized Preference Optimization: A Unified Approach to Online and Offline RLHF},
  author={Cen, Shicong and Mei, Jincheng and Goshvadi, Katayoon and Dai, Hanjun and Yang, Tong and Yang, Sherry and Schuurmans, Dale and Chi, Yuejie and Dai, Bo},
  journal={arXiv preprint arXiv:2405.19320},
  year={2024}
}



@article{xie2021policy,
  title={Policy finetuning: Bridging sample-efficient offline and online reinforcement learning},
  author={Xie, Tengyang and Jiang, Nan and Wang, Huan and Xiong, Caiming and Bai, Yu},
  journal={Advances in neural information processing systems},
  volume={34},
  pages={27395--27407},
  year={2021}
}
@article{xiong2023sufficient,
  title={A Sufficient Condition of Sample-Efficient Reinforcement Learning with General Function Approximation},
  author={Xiong, Wei},
  year={2023},
  journal={The Hong Kong University of Science and Technology}
}
@article{zhang2024self,
  title={Self-Exploring Language Models: Active Preference Elicitation for Online Alignment},
  author={Zhang, Shenao and Yu, Donghan and Sharma, Hiteshi and Yang, Ziyi and Wang, Shuohang and Hassan, Hany and Wang, Zhaoran},
  journal={arXiv preprint arXiv:2405.19332},
  year={2024}
}
@inproceedings{pang-etal-2024-arm,
  title={ARM: Alignment with Residual Energy-Based Model},
  author={Pang, Bo and Xiong, Caiming and Zhou, Yingbo},
    booktitle = "Proceedings of the 2024 Conference of the North American Chapter of the Association for Computational Linguistics: Human Language Technologies",
    month = jun,
    year = "2024",
}

@inproceedings{llm-blender-2023,
    title = "LLM-Blender: Ensembling Large Language Models with Pairwise Comparison and Generative Fusion",
    author = "Jiang, Dongfu and Ren, Xiang and Lin, Bill Yuchen",
    booktitle = "Proceedings of the 61th Annual Meeting of the Association for Computational Linguistics (ACL 2023)",
    year = "2023"
}

@article{xu2024chatglm,
  title={ChatGLM-Math: Improving Math Problem-Solving in Large Language Models with a Self-Critique Pipeline},
  author={Xu, Yifan and Liu, Xiao and Liu, Xinghan and Hou, Zhenyu and Li, Yueyan and Zhang, Xiaohan and Wang, Zihan and Zeng, Aohan and Du, Zhengxiao and Zhao, Wenyi and others},
  journal={arXiv preprint arXiv:2404.02893},
  year={2024}
}

@article{pace2024west,
  title={West-of-N: Synthetic Preference Generation for Improved Reward Modeling},
  author={Pace, Aliz{\'e}e and Mallinson, Jonathan and Malmi, Eric and Krause, Sebastian and Severyn, Aliaksei},
  journal={arXiv preprint arXiv:2401.12086},
  year={2024}
}