@article{ackoff1994systems,
  title={Systems thinking and thinking systems},
  author={Ackoff, Russell L},
  journal={System dynamics review},
  volume={10},
  number={2-3},
  pages={175--188},
  year={1994},
  publisher={Wiley Online Library}
}

@inproceedings{ahmadian2024back,
    title={Back to Basics: Revisiting REINFORCE Style Optimization for Learning from Human Feedback in LLMs},
    author={Arash Ahmadian and Chris Cremer and Matthias Gallé and Marzieh Fadaee and Julia Kreutzer and Olivier Pietquin and Ahmet Üstün and Sara Hooker},
    booktitle={Proceedings of the 62nd Annual Meeting of the Association for Computational Linguistics (Volume 1: Long Papers)},
    pages={12248--12267},
    year={2024},
    organization={Association for Computational Linguistics},
    doi={10.18653/v1/2024.acl-long.662},
    url={https://aclanthology.org/2024.acl-long.662/}
}

@article{dong2024rlhf,
  title={Rlhf workflow: From reward modeling to online rlhf},
  author={Dong, Hanze and Xiong, Wei and Pang, Bo and Wang, Haoxiang and Zhao, Han and Zhou, Yingbo and Jiang, Nan and Sahoo, Doyen and Xiong, Caiming and Zhang, Tong},
  journal={arXiv preprint arXiv:2405.07863},
  year={2024}
}

@article{dutta2024think,
  title={How to think step-by-step: A mechanistic understanding of chain-of-thought reasoning},
  author={Dutta, Subhabrata and Singh, Joykirat and Chakrabarti, Soumen and Chakraborty, Tanmoy},
  journal={arXiv preprint arXiv:2402.18312},
  year={2024}
}

@article{ethayarajh2024kto,
  title={Kto: Model alignment as prospect theoretic optimization},
  author={Ethayarajh, Kawin and Xu, Winnie and Muennighoff, Niklas and Jurafsky, Dan and Kiela, Douwe},
  journal={arXiv preprint arXiv:2402.01306},
  year={2024}
}

@article{gulcehre2023reinforced,
  title={Reinforced self-training (rest) for language modeling},
  author={Gulcehre, Caglar and Paine, Tom Le and Srinivasan, Srivatsan and Konyushkova, Ksenia and Weerts, Lotte and Sharma, Abhishek and Siddhant, Aditya and Ahern, Alex and Wang, Miaosen and Gu, Chenjie and others},
  journal={arXiv preprint arXiv:2308.08998},
  year={2023}
}

@article{guo2024direct,
  title={Direct language model alignment from online ai feedback},
  author={Guo, Shangmin and Zhang, Biao and Liu, Tianlin and Liu, Tianqi and Khalman, Misha and Llinares, Felipe and Rame, Alexandre and Mesnard, Thomas and Zhao, Yao and Piot, Bilal and others},
  journal={arXiv preprint arXiv:2402.04792},
  year={2024}
}

@article{guo2025deepseek,
  title={DeepSeek-R1: Incentivizing Reasoning Capability in LLMs via Reinforcement Learning},
  author={Guo, Daya and Yang, Dejian and Zhang, Haowei and Song, Junxiao and Zhang, Ruoyu and Xu, Runxin and Zhu, Qihao and Ma, Shirong and Wang, Peiyi and Bi, Xiao and others},
  journal={arXiv preprint arXiv:2501.12948},
  year={2025}
}

@article{huang2024o1,
  title={O1 Replication Journey--Part 2: Surpassing O1-preview through Simple Distillation, Big Progress or Bitter Lesson?},
  author={Huang, Zhen and Zou, Haoyang and Li, Xuefeng and Liu, Yixiu and Zheng, Yuxiang and Chern, Ethan and Xia, Shijie and Qin, Yiwei and Yuan, Weizhe and Liu, Pengfei},
  journal={arXiv preprint arXiv:2411.16489},
  year={2024}
}

@article{jaech2024openai,
  title={Openai o1 system card},
  author={Jaech, Aaron and Kalai, Adam and Lerer, Adam and Richardson, Adam and El-Kishky, Ahmed and Low, Aiden and Helyar, Alec and Madry, Aleksander and Beutel, Alex and Carney, Alex and others},
  journal={arXiv preprint arXiv:2412.16720},
  year={2024}
}

@book{kahneman2011thinking,
  title={Thinking, Fast and Slow},
  author={Kahneman, Daniel},
  year={2011},
  publisher={Farrar, Straus and Giroux},
  address={New York},
  isbn={9780374275631}
}

@article{li2023remax,
  title={ReMax: A Simple, Effective, and Efficient Reinforcement Learning Method for Aligning Large Language Models},
  author={Li, Ziniu and Xu, Tian and Zhang, Yushun and Yu, Yang and Sun, Ruoyu and Luo, Zhi-Quan},
  journal={arXiv e-prints},
  pages={arXiv--2310},
  year={2023}
}

@misc{madaan2023selfrefineiterativerefinementselffeedback,
      title={Self-Refine: Iterative Refinement with Self-Feedback}, 
      author={Aman Madaan and Niket Tandon and Prakhar Gupta and Skyler Hallinan and Luyu Gao and Sarah Wiegreffe and Uri Alon and Nouha Dziri and Shrimai Prabhumoye and Yiming Yang and Shashank Gupta and Bodhisattwa Prasad Majumder and Katherine Hermann and Sean Welleck and Amir Yazdanbakhsh and Peter Clark},
      year={2023},
      eprint={2303.17651},
      archivePrefix={arXiv},
      primaryClass={cs.CL},
      url={https://arxiv.org/abs/2303.17651}, 
}

@article{min2024imitate,
  title={Imitate, explore, and self-improve: A reproduction report on slow-thinking reasoning systems},
  author={Min, Yingqian and Chen, Zhipeng and Jiang, Jinhao and Chen, Jie and Deng, Jia and Hu, Yiwen and Tang, Yiru and Wang, Jiapeng and Cheng, Xiaoxue and Song, Huatong and others},
  journal={arXiv preprint arXiv:2412.09413},
  year={2024}
}

@article{munos2023nash,
  title={Nash Learning from Human Feedback},
  author={Munos, R{\'e}mi and Valko, Michal and Calandriello, Daniele and Azar, Mohammad Gheshlaghi and Rowland, Mark and Guo, Zhaohan Daniel and Tang, Yunhao and Geist, Matthieu and Mesnard, Thomas and Michi, Andrea and others},
  journal={arXiv preprint arXiv:2312.00886},
  year={2023}
}

@article{rafailov2023direct,
  title={Direct preference optimization: Your language model is secretly a reward model},
  author={Rafailov, Rafael and Sharma, Archit and Mitchell, Eric and Ermon, Stefano and Manning, Christopher D and Finn, Chelsea},
  journal={arXiv preprint arXiv:2305.18290},
  year={2023}
}

@article{schulman2017ppo,
    title={Proximal Policy Optimization Algorithms},
    author={John Schulman and Filip Wolski and Prafulla Dhariwal and Alec Radford and Oleg Klimov},
    journal={arXiv preprint arXiv:1707.06347},
    year={2017},
    url={https://arxiv.org/abs/1707.06347}
}

@article{shao2024deepseekmath,
  title={Deepseekmath: Pushing the limits of mathematical reasoning in open language models},
  author={Shao, Zhihong and Wang, Peiyi and Zhu, Qihao and Xu, Runxin and Song, Junxiao and Zhang, Mingchuan and Li, YK and Wu, Yu and Guo, Daya},
  journal={arXiv preprint arXiv:2402.03300},
  year={2024}
}

@misc{snorkelai@pair,
  title={Snorkel-Mistral-PairRM-DPO},
  author={Hoang Tran, Chris Glaze, Braden Hancock},
  url={https://huggingface.co/snorkelai/Snorkel-Mistral-PairRM-DPO},
  year={2024},
  publisher = {HuggingFace},
  journal = {HuggingFace repository},
  howpublished = {\url{https://huggingface.co/snorkelai/Snorkel-Mistral-PairRM-DPO}},
}

@article{wang2022self,
  title={Self-consistency improves chain of thought reasoning in language models},
  author={Wang, Xuezhi and Wei, Jason and Schuurmans, Dale and Le, Quoc and Chi, Ed H and Zhou, Denny},
  journal={arXiv preprint arXiv:2203.11171},
  year={2022}
}

@article{wei2022chain,
    title={Chain-of-Thought Prompting Elicits Reasoning in Large Language Models},
    author={Jason Wei and Xuezhi Wang and Dale Schuurmans and Maarten Bosma and Brian Ichter and Fei Xia and Ed H. Chi and Quoc V. Le and Denny Zhou},
    journal={arXiv preprint arXiv:2201.11903},
    year={2022},
    url={https://arxiv.org/abs/2201.11903}
}

@inproceedings{xiong2023iterative,
  title={Iterative Preference Learning from Human Feedback: Bridging Theory and Practice for RLHF under KL-constraint},
  author={Xiong, Wei and Dong, Hanze and Ye, Chenlu and Wang, Ziqi and Zhong, Han and Ji, Heng and Jiang, Nan and Zhang, Tong},
  joural={ICLR 2024 Workshop on Mathematical and Empirical Understanding of Foundation Models},
    year={2023}
}

@article{xu2023some,
  title={Some things are more cringe than others: Preference optimization with the pairwise cringe loss},
  author={Xu, Jing and Lee, Andrew and Sukhbaatar, Sainbayar and Weston, Jason},
  journal={arXiv preprint arXiv:2312.16682},
  year={2023}
}

@article{yuan2024self,
  title={Self-Rewarding Language Models},
  author={Yuan, Weizhe and Pang, Richard Yuanzhe and Cho, Kyunghyun and Sukhbaatar, Sainbayar and Xu, Jing and Weston, Jason},
  journal={arXiv preprint arXiv:2401.10020},
  year={2024}
}

@article{zelikman2022star,
  title={Star: Bootstrapping reasoning with reasoning},
  author={Zelikman, Eric and Wu, Yuhuai and Mu, Jesse and Goodman, Noah},
  journal={Advances in Neural Information Processing Systems},
  volume={35},
  pages={15476--15488},
  year={2022}
}

