@Comment Conf
@String(CVPR= {Proc. IEEE Conf. Comput. Vis. Pattern Recog.})
@String(ICCV= {Proc. Int. Conf. Comput. Vis.})
@String(ICLR = {Proc. Int. Conf. Learn. Represent.})
@String(ICML= {Proc. Int. Conf. Mach. Learn.})
@String(ECCV= {Proc. Eur. Conf. Comput. Vis.})
@String(NIPS= {Proc. Adv. Neural Inform. Process. Syst.})
@String(AAAI= {Proc. AAAI Conf. Artif. Intell.})
@String(IJCAI= {Proc. Int. Joint Conf. Artif. Intell.})
@String(WACV= {Proc. IEEE Winter Conf. Appl. Comput. Vis.})

% Dataset condensation
@article{wang2018dataset,
  title={Dataset distillation},
  author={Wang, Tongzhou and Zhu, Jun-Yan and Torralba, Antonio and Efros, Alexei A},
  journal={arXiv preprint arXiv:1811.10959},
  year={2018}
}

@inproceedings{zhao2021datasetGM,
    title={Dataset Condensation with Gradient Matching},
    author={Bo Zhao and Konda Reddy Mopuri and Hakan Bilen},
    booktitle=ICLR,
    year={2021}
}

@inproceedings{kimICML22,
  title = {Dataset Condensation via Efficient Synthetic-Data Parameterization},
  author = {Kim, Jang-Hyun and Kim, Jinuk and Oh, Seong Joon and Yun, Sangdoo and Song, Hwanjun and Jeong, Joonhyun and Ha, Jung-Woo and Song, Hyun Oh},
  booktitle = ICML,
  year = {2022},
  url = {https://github.com/snu-mllab/Efficient-Dataset-Condensation}
}

@misc{kimICML22-code,
  title = {Dataset Condensation via Efficient Synthetic-Data Parameterization},
  author = {Kim, Jang-Hyun and Kim, Jinuk and Oh, Seong Joon and Yun, Sangdoo and Song, Hwanjun and Jeong, Joonhyun and Ha, Jung-Woo and Song, Hyun Oh},
  booktitle = ICML,
  year = {2022},
  howpublished={\url{https://github.com/snu-mllab/Efficient-Dataset-Condensation}}
}

@article{liu2023dream,
  title={{DREAM}: Efficient Dataset Distillation by Representative Matching},
  author={Liu, Yanqing and Gu, Jianyang and Wang, Kai and Zhu, Zheng and Jiang, Wei and You, Yang},
  journal={arXiv preprint arXiv:2302.14416},
  year={2023}
}

@inproceedings{cazenavette2022distillation,
    title={Dataset Distillation by Matching Training Trajectories},
    author={George Cazenavette and Tongzhou Wang and Antonio Torralba and Alexei A. Efros and Jun-Yan Zhu},
    booktitle=CVPR,
    year={2022}
}

@inproceedings{zhao2021dataset,
  title={Dataset condensation with differentiable siamese augmentation},
  author={Zhao, Bo and Bilen, Hakan},
  booktitle=ICML,
  pages={12674--12685},
  year={2021}
}

@inproceedings{nguyen2021datasetKIP,
  title={Dataset distillation with infinitely wide convolutional networks},
  author={Nguyen, Timothy and Novak, Roman and Xiao, Lechao and Lee, Jaehoon},
  booktitle=NIPS,
  pages={5186--5198},
  year={2021}
}

@inproceedings{lee2022datasetContrastive,
  title={Dataset condensation with contrastive signals},
  author={Lee, Saehyung and Chun, Sanghyuk and Jung, Sangwon and Yun, Sangdoo and Yoon, Sungroh},
  booktitle=ICML,
  pages={12352--12364},
  year={2022}
}

@inproceedings{deng2022remember,
  title={Remember the Past: Distilling Datasets into Addressable Memories for Neural Networks},
  author={Zhiwei Deng and Olga Russakovsky},
  booktitle=NIPS,
  year={2022}
}

@inproceedings{wang2022cafe,
  title={Cafe: Learning to condense dataset by aligning features},
  author={Wang, Kai and Zhao, Bo and Peng, Xiangyu and Zhu, Zheng and Yang, Shuo and Wang, Shuo and Huang, Guan and Bilen, Hakan and Wang, Xinchao and You, Yang},
  booktitle=CVPR,
  pages={12196--12205},
  year={2022}
}

@inproceedings{zhao2023dataset,
  title={Dataset condensation with distribution matching},
  author={Zhao, Bo and Bilen, Hakan},
  booktitle=WACV,
  pages={6514--6523},
  year={2023}
}


@inproceedings{zhou22h,
  title = 	 {Probabilistic Bilevel Coreset Selection},
  author =       {Zhou, Xiao and Pi, Renjie and Zhang, Weizhong and Lin, Yong and Chen, Zonghao and Zhang, Tong},
  booktitle = 	 ICML,
  pages = 	 {27287--27302},
  year = 	 {2022}
}

@inproceedings{liu2022dataset,
  title={Dataset Distillation via Factorization},
  author={Songhua Liu and Kai Wang and Xingyi Yang and Jingwen Ye and Xinchao Wang},
  booktitle=NIPS,
  year={2022},
}

@inproceedings{zhou2022dataset,
  title={Dataset Distillation using Neural Feature Regression},
  author={Yongchao Zhou and Ehsan Nezhadarya and Jimmy Ba},
  booktitle=NIPS,
  year={2022}
}

@inproceedings{loo2022efficient,
  title={Efficient Dataset Distillation using Random Feature Approximation},
  author={Noel Loo and Ramin Hasani and Alexander Amini and Daniela Rus},
  booktitle=NIPS,
  year={2022}
}

@inproceedings{zhao2022synthesizing,
  title={Synthesizing Informative Training Samples with {GAN}},
  author={Bo Zhao and Hakan Bilen},
  booktitle={NeurIPS 2022 Workshop on Synthetic Data for Empowering ML Research},
  year={2022}
}

@inproceedings{zhang2022accelerating,
  title={Accelerating dataset distillation via model augmentation},
  author={Zhang, Lei and Zhang, Jie and Lei, Bowen and Mukherjee, Subhabrata and Pan, Xiang and Zhao, Bo and Ding, Caiwen and Li, Yao and Xu, Dongkuan},
  booktitle=CVPR,
  year={2023}
}

@inproceedings{vicol2022implicit,
  title={On implicit bias in overparameterized bilevel optimization},
  author={Vicol, Paul and Lorraine, Jonathan P and Pedregosa, Fabian and Duvenaud, David and Grosse, Roger B},
  booktitle=ICML,
  pages={22234--22259},
  year={2022}
}

@inproceedings{lorraine2020optimizing,
  title={Optimizing millions of hyperparameters by implicit differentiation},
  author={Lorraine, Jonathan and Vicol, Paul and Duvenaud, David},
  booktitle={International Conference on Artificial Intelligence and Statistics},
  pages={1540--1552},
  year={2020}
}

@inproceedings{shin2023loss,
  title={Loss-Curvature Matching for Dataset Selection and Condensation},
  author={Shin, Seungjae and Bae, Heesun and Shin, Donghyeok and Joo, Weonyoung and Moon, Il-Chul},
  booktitle={International Conference on Artificial Intelligence and Statistics},
  pages={8606--8628},
  year={2023}
}

@inproceedings{nguyen2021dataset,
  title={Dataset Meta-Learning from Kernel Ridge-Regression},
  author={Timothy Nguyen and Zhourong Chen and Jaehoon Lee},
  booktitle=ICLR,
  year={2021}
}

@inproceedings{du2022minimizing,
  title={Minimizing the accumulated trajectory error to improve dataset distillation},
  author={Du, Jiawei and Jiang, Yidi and Tan, Vincent TF and Zhou, Joey Tianyi and Li, Haizhou},
  booktitle=CVPR,
  year={2023}
}

@inproceedings{cui2023scaling,
  title={Scaling up dataset distillation to imagenet-1k with constant memory},
  author={Cui, Justin and Wang, Ruochen and Si, Si and Hsieh, Cho-Jui},
  booktitle=ICML,
  pages={6565--6590},
  year={2023},
  organization={PMLR}
}

@article{jiang2022delving,
  title={Delving into effective gradient matching for dataset condensation},
  author={Jiang, Zixuan and Gu, Jiaqi and Liu, Mingjie and Pan, David Z},
  journal={arXiv preprint arXiv:2208.00311},
  year={2022}
}

@article{wang2023dim,
  title={DiM: Distilling Dataset into Generative Model},
  author={Wang, Kai and Gu, Jianyang and Zhou, Daquan and Zhu, Zheng and Jiang, Wei and You, Yang},
  journal={arXiv preprint arXiv:2303.04707},
  year={2023}
}

@inproceedings{loo2023dataset,
  title={Dataset Distillation with Convexified Implicit Gradients},
  author={Loo, Noel and Hasani, Ramin and Lechner, Mathias and Rus, Daniela},
  booktitle=ICML,
  year={2023}
}


% Data Pruning
@inproceedings{paul2021deep,
  title={Deep learning on a data diet: Finding important examples early in training},
  author={Paul, Mansheej and Ganguli, Surya and Dziugaite, Gintare Karolina},
  booktitle=NIPS,
  pages={20596--20607},
  year={2021}
}

@inproceedings{toneva2018an,
  title={An Empirical Study of Example Forgetting during Deep Neural Network Learning},
  author={Mariya Toneva and Alessandro Sordoni and Remi Tachet des Combes and Adam Trischler and Yoshua Bengio and Geoffrey J. Gordon},
  booktitle=ICLR,
  year={2019}
}

@inproceedings{zheng2023coveragecentric,
  title={Coverage-centric Coreset Selection for High Pruning Rates},
  author={Haizhong Zheng and Rui Liu and Fan Lai and Atul Prakash},
  booktitle=ICLR,
  year={2023}
}

@misc{zheng2023coveragecentric-code,
  title={Coverage-centric Coreset Selection for High Pruning Rates},
  author={Haizhong Zheng and Rui Liu and Fan Lai and Atul Prakash},
  year={2023},
  howpublished={\url{https://github.com/haizhongzheng/Coverage-centric-coreset-selection}}
}

@inproceedings{sorscher2022beyond,
  title={Beyond neural scaling laws: beating power law scaling via data pruning},
  author={Sorscher, Ben and Geirhos, Robert and Shekhar, Shashank and Ganguli, Surya and Morcos, Ari},
  booktitle=NIPS,
  pages={19523--19536},
  year={2022}
}

@inproceedings{pleiss2020identifying,
  title={Identifying mislabeled data using the area under the margin ranking},
  author={Pleiss, Geoff and Zhang, Tianyi and Elenberg, Ethan and Weinberger, Kilian Q},
  booktitle=NIPS,
  pages={17044--17056},
  year={2020}
}

@inproceedings{coleman2020selection,
    title={Selection via Proxy: Efficient Data Selection for Deep Learning},
    author={Cody Coleman and Christopher Yeh and Stephen Mussmann and Baharan Mirzasoleiman and Peter Bailis and Percy Liang and Jure Leskovec and Matei Zaharia},
    booktitle=ICLR,
    year={2020}
}

@article{rensurvey2021,
  author = {Ren, Pengzhen and Xiao, Yun and Chang, Xiaojun and Huang, Po-Yao and Li, Zhihui and Gupta, Brij B. and Chen, Xiaojiang and Wang, Xin},
  title = {A Survey of Deep Active Learning},
  year = {2021},
  publisher = {Association for Computing Machinery},
  journal = {ACM Comput. Surv.},
  month = {oct},
  numpages = {40},
  volume = {54},
  number = {9}
}

@article{ducoffe2018adversarial,
  title={Adversarial active learning for deep networks: a margin based approach},
  author={Ducoffe, Melanie and Precioso, Frederic},
  journal={arXiv preprint arXiv:1802.09841},
  year={2018}
}

@inproceedings{margatina-etal-2021-active,
    title = "Active Learning by Acquiring Contrastive Examples",
    author = {Margatina, Katerina  and
      Vernikos, Giorgos  and
      Barrault, Lo{\"\i}c  and
      Aletras, Nikolaos},
    booktitle = "Proceedings of the 2021 Conference on Empirical Methods in Natural Language Processing",
    year = "2021",
    pages = "650--663"
}

@inproceedings{pooladzandi2022adaptive,
  title={Adaptive second order coresets for data-efficient machine learning},
  author={Pooladzandi, Omead and Davini, David and Mirzasoleiman, Baharan},
  booktitle=ICML,
  pages={17848--17869},
  year={2022}
}

@inproceedings{killamsetty2021grad,
  title={Grad-match: Gradient matching based data subset selection for efficient deep model training},
  author={Killamsetty, Krishnateja and Durga, Sivasubramanian and Ramakrishnan, Ganesh and De, Abir and Iyer, Rishabh},
  booktitle=ICML,
  pages={5464--5474},
  year={2021}
}

@inproceedings{mirzasoleiman2020coresets,
  title={Coresets for data-efficient training of machine learning models},
  author={Mirzasoleiman, Baharan and Bilmes, Jeff and Leskovec, Jure},
  booktitle=ICML,
  pages={6950--6960},
  year={2020}
}

@inproceedings{killamsetty2021glister,
  title={Glister: Generalization based data subset selection for efficient and robust learning},
  author={Killamsetty, Krishnateja and Sivasubramanian, Durga and Ramakrishnan, Ganesh and Iyer, Rishabh},
  booktitle=AAAI,
  pages={8110--8118},
  year={2021}
}

@article{chitta2021training,
  title={Training data subset search with ensemble active learning},
  author={Chitta, Kashyap and {\'A}lvarez, Jos{\'e} M and Haussmann, Elmar and Farabet, Cl{\'e}ment},
  journal={IEEE Transactions on Intelligent Transportation Systems},
  volume={23},
  number={9},
  pages={14741--14752},
  year={2021},
  publisher={IEEE}
}

@inproceedings{meding2022trivial,
  title={Trivial or Impossible --- dichotomous data difficulty masks model differences (on ImageNet and beyond)},
  author={Kristof Meding and Luca M. Schulze Buschoff and Robert Geirhos and Felix A. Wichmann},
  booktitle=ICLR,
  year={2022}
}

@inproceedings{welling2009herding,
  title={Herding dynamical weights to learn},
  author={Welling, Max},
  booktitle=ICML,
  pages={1121--1128},
  year={2009}
}

@inproceedings{yang2023dataset,
  title={Dataset Pruning: Reducing Training Data by Examining Generalization Influence},
  author={Shuo Yang and Zeke Xie and Hanyu Peng and Min Xu and Mingming Sun and Ping Li},
  booktitle=ICLR,
  year={2023}
}

@inproceedings{xia2023moderate,
  title={Moderate Coreset: A Universal Method of Data Selection for Real-world Data-efficient Deep Learning},
  author={Xiaobo Xia and Jiale Liu and Jun Yu and Xu Shen and Bo Han and Tongliang Liu},
  booktitle=ICLR,
  year={2023}
}

@inproceedings{huang2020importance,
  title = {Coresets for Clustering in Euclidean Spaces: Importance Sampling is Nearly Optimal},
  author = {Huang, Lingxiao and Vishnoi, Nisheeth K.},
  booktitle = {Proceedings of the 52nd Annual ACM SIGACT Symposium on Theory of Computing},
  pages = {1416–1429},
  year = {2020}
}

@inproceedings{feldman2011unified,
  title = {A Unified Framework for Approximating and Clustering Data},
  author = {Feldman, Dan and Langberg, Michael},
  booktitle = {Proceedings of the Forty-Third Annual ACM Symposium on Theory of Computing},
  pages = {569–578},
  year = {2011},
}

@article{feldman2020turning,
  title={Turning big data into tiny data: Constant-size coresets for k-means, PCA, and projective clustering},
  author={Feldman, Dan and Schmidt, Melanie and Sohler, Christian},
  journal={SIAM Journal on Computing},
  volume={49},
  number={3},
  pages={601--657},
  year={2020},
  publisher={SIAM}
}

@inproceedings{feldman2020neural,
  title={What neural networks memorize and why: Discovering the long tail via influence estimation},
  author={Feldman, Vitaly and Zhang, Chiyuan},
  booktitle=NIPS,
  pages={2881--2891},
  year={2020}
}

@book{settles2012,
  title = {Active Learning},
  author = {Burr Settles},
  year = 2012,
  publisher = {Springer International Publishing}
}

% Dataset
@techreport{cifar,
  title={Learning multiple layers of features from tiny images},
  author={Krizhevsky, Alex and Hinton, Geoffrey and others},
  year={2009},
  institution={Citeseer}
}

@inproceedings{imagenet,
  title={ImageNet: A large-scale hierarchical image database}, 
  author={Deng, Jia and Dong, Wei and Socher, Richard and Li, Li-Jia and Kai Li and Li Fei-Fei},
  booktitle=CVPR,
  pages={248-255},
  year={2009}
}

% Networks
@inproceedings{krizhevsky2017imagenet,
  title        = {Imagenet classification with deep convolutional neural networks},
  author       = {Krizhevsky, Alex and Sutskever, Ilya and Hinton, Geoffrey E},
  year         = 2012,
  booktitle    = NIPS
}

@inproceedings{simonyan2014very,
  title        = {Very deep convolutional networks for large-scale image recognition},
  author       = {Simonyan, Karen and Zisserman, Andrew},
  year         = 2015,
  booktitle    = ICLR
}

@inproceedings{inception,
  title        = {Going deeper with convolutions},
  author       = {Szegedy, Christian and Wei Liu and Yangqing Jia and Sermanet, Pierre and Reed, Scott and Anguelov, Dragomir and Erhan, Dumitru and Vanhoucke, Vincent and Rabinovich, Andrew},
  year         = 2015,
  booktitle    = CVPR,
  pages        = {1--9}
}

@inproceedings{he2016deep,
  title        = {Deep residual learning for image recognition},
  author       = {He, Kaiming and Zhang, Xiangyu and Ren, Shaoqing and Sun, Jian},
  year         = 2016,
  booktitle    = CVPR,
  pages        = {770--778}
}

@inproceedings{huang2017densely,
  title        = {Densely connected convolutional networks},
  author       = {Huang, Gao and Liu, Zhuang and Van Der Maaten, Laurens and Weinberger, Kilian Q},
  year         = 2017,
  booktitle    = CVPR,
  pages        = {4700--4708}
}

@inproceedings{gidaris2018dynamic,
  title={Dynamic few-shot visual learning without forgetting},
  author={Gidaris, Spyros and Komodakis, Nikos},
  booktitle=CVPR,
  pages={4367--4375},
  year={2018}
}

% Others
@inproceedings{lewis1995sequential,
  title={A sequential algorithm for training text classifiers: Corrigendum and additional data},
  author={Lewis, David D},
  booktitle={Acm Sigir Forum},
  pages={13--19},
  year={1995}
}

@inproceedings{mohri2008rademacher,
  title={Rademacher complexity bounds for non-iid processes},
  author={Mohri, Mehryar and Rostamizadeh, Afshin},
  booktitle=NIPS,
  year={2008}
}

@article{lee2022dataset,
  title={Dataset condensation with latent space knowledge factorization and sharing},
  author={Lee, Hae Beom and Lee, Dong Bok and Hwang, Sung Ju},
  journal={arXiv preprint arXiv:2208.10494},
  year={2022}
}

@inproceedings{maclaurin2015gradient,
  title={Gradient-based hyperparameter optimization through reversible learning},
  author={Maclaurin, Dougal and Duvenaud, David and Adams, Ryan},
  booktitle=ICML,
  pages={2113--2122},
  year={2015},
  organization={PMLR}
}

@inproceedings{liu2023slimmable,
  title={Slimmable dataset condensation},
  author={Liu, Songhua and Ye, Jingwen and Yu, Runpeng and Wang, Xinchao},
  booktitle=CVPR,
  pages={3759--3768},
  year={2023}
}

@article{tukan2023dataset,
  title={Dataset Distillation Meets Provable Subset Selection},
  author={Tukan, Murad and Maalouf, Alaa and Osadchy, Margarita},
  journal={arXiv preprint arXiv:2307.08086},
  year={2023}
}

@inproceedings{cazenavette2023generalizing,
  title={Generalizing Dataset Distillation via Deep Generative Prior},
  author={Cazenavette, George and Wang, Tongzhou and Torralba, Antonio and Efros, Alexei A and Zhu, Jun-Yan},
  booktitle=CVPR,
  pages={3739--3748},
  year={2023}
}

@inproceedings{zhao2023improved,
  title={Improved distribution matching for dataset condensation},
  author={Zhao, Ganlong and Li, Guanbin and Qin, Yipeng and Yu, Yizhou},
  booktitle=CVPR,
  pages={7856--7865},
  year={2023}
}

@article{li2023dataset,
  title={Dataset distillation using parameter pruning},
  author={Li, Guang and Togo, Ren and Ogawa, Takahiro and Haseyama, Miki},
  journal={IEICE Transactions on Fundamentals of Electronics, Communications and Computer Sciences},
  year={2023},
  publisher={The Institute of Electronics, Information and Communication Engineers}
}

@misc{svhn,
  author = {Netzer, Yuval and Wang, Tao and Coates, Adam and Bissacco, Alessandro and Wu, Bo and Ng, Andrew Y.},
  title = {The Street View House Numbers (SVHN) Dataset},
  year = {2011},
  howpublished = {\url{http://ufldl.stanford.edu/housenumbers/}},
}

% On-device references
@article{cai2020tinytl,
  title={Tinytl: Reduce memory, not parameters for efficient on-device learning},
  author={Cai, Han and Gan, Chuang and Zhu, Ligeng and Han, Song},
  journal=NIPS,
  volume={33},
  pages={11285--11297},
  year={2020}
}

@article{lin2022device,
  title={On-device training under 256kb memory},
  author={Lin, Ji and Zhu, Ligeng and Chen, Wei-Ming and Wang, Wei-Chen and Gan, Chuang and Han, Song},
  journal=NIPS,
  volume={35},
  pages={22941--22954},
  year={2022}
}

@inproceedings{yang2022rep,
  title={Rep-net: Efficient on-device learning via feature reprogramming},
  author={Yang, Li and Rakin, Adnan Siraj and Fan, Deliang},
  booktitle=CVPR,
  pages={12277--12286},
  year={2022}
}

@inproceedings{yang2023efficient,
  title={Efficient On-device Training via Gradient Filtering},
  author={Yang, Yuedong and Li, Guihong and Marculescu, Radu},
  booktitle=CVPR,
  pages={3811--3820},
  year={2023}
}

@inproceedings{qiu2022zerofl,
title={Zero{FL}: Efficient On-Device Training for  Federated Learning with Local Sparsity},
author={Xinchi Qiu and Javier Fernandez-Marques and Pedro PB Gusmao and Yan Gao and Titouan Parcollet and Nicholas Donald Lane},
booktitle=ICLR,
year={2022},
}

@article{lee2021overview,
  title={An overview of energy-efficient hardware accelerators for on-device deep-neural-network training},
  author={Lee, Jinsu and Yoo, Hoi-Jun},
  journal={IEEE Open Journal of the Solid-State Circuits Society},
  volume={1},
  pages={115--128},
  year={2021},
  publisher={IEEE}
}

@article{dhar2021survey,
  title={A survey of on-device machine learning: An algorithms and learning theory perspective},
  author={Dhar, Sauptik and Guo, Junyao and Liu, Jiayi and Tripathi, Samarth and Kurup, Unmesh and Shah, Mohak},
  journal={ACM Transactions on Internet of Things},
  volume={2},
  number={3},
  pages={1--49},
  year={2021},
  publisher={ACM New York, NY, USA}
}

@article{zhang2023dataset,
  title={Dataset Condensation via Generative Model},
  author={Zhang, David Junhao and Wang, Heng and Xue, Chuhui and Yan, Rui and Zhang, Wenqing and Bai, Song and Shou, Mike Zheng},
  journal={arXiv preprint arXiv:2309.07698},
  year={2023}
}

@inproceedings{kim2022divergence,
  title={On divergence measures for bayesian pseudocoresets},
  author={Kim, Balhae and Choi, Jungwon and Lee, Seanie and Lee, Yoonho and Ha, Jung-Woo and Lee, Juho},
  booktitle=NIPS,
  volume={35},
  pages={757--767},
  year={2022}
}

@article{nooralinejad2022pranc,
  title={PRANC: Pseudo RAndom Networks for Compacting deep models},
  author={Nooralinejad, Parsa and Abbasi, Ali and Kolouri, Soheil and Pirsiavash, Hamed},
  journal={arXiv preprint arXiv:2206.08464},
  year={2022}
}

@inproceedings{he2024you,
  title={You Only Condense Once: Two Rules for Pruning Condensed Datasets},
  author={He, Yang and Xiao, Lingao and Zhou, Joey Tianyi},
  booktitle=NIPS,
  year={2024}
}

@inproceedings{yin2023squeeze,
 title={Squeeze, Recover and Relabel: Dataset Condensation at ImageNet Scale From A New Perspective},
  author={Yin, Zeyuan and Xing, Eric and Shen, Zhiqiang},
  booktitle=NIPS,
  year={2023},
}

@article{yin2023dataset,
  title={Dataset Distillation via Curriculum Data Synthesis in Large Data Era},
  author={Yin, Zeyuan and Shen, Zhiqiang},
  journal={Transactions on Machine Learning Research},
  year={2024}
}

@InProceedings{sun2023diversity,
  title={On the Diversity and Realism of Distilled Dataset: An Efficient Dataset Distillation Paradigm},
  author={Sun, Peng and Shi, Bei and Yu, Daiwei and Lin, Tao},
  booktitle=CVPR,
  year={2024}
}

@inproceedings{shen2022fast,
  title={A fast knowledge distillation framework for visual recognition},
  author={Shen, Zhiqiang and Xing, Eric},
  booktitle=ECCV,
  pages={673--690},
  year={2022},
}

@inproceedings{yin2020dreaming,
  title={Dreaming to distill: Data-free knowledge transfer via deepinversion},
  author={Yin, Hongxu and Molchanov, Pavlo and Alvarez, Jose M and Li, Zhizhong and Mallya, Arun and Hoiem, Derek and Jha, Niraj K and Kautz, Jan},
  booktitle=CVPR,
  pages={8715--8724},
  year={2020}
}

@inproceedings{he2024multisize,
  title={Multisize Dataset Condensation},
  author={Yang He and Lingao Xiao and Joey Tianyi Zhou and Ivor Tsang},
  year={2024},
  booktitle=ICLR,
}

@inproceedings{zhang2024m3d,
  title={M3D: Dataset Condensation by Minimizing Maximum Mean Discrepancy},
  author={Zhang, Hansong and Li, Shikun and Wang, Pengju and Zeng, Dan and Ge, Shiming},
  booktitle=AAAI,
  pages={9314--9322},
  year={2024}
}

@article{qin2024distributional,
  title={Distributional Dataset Distillation with Subtask Decomposition},
  author={Qin, Tian and Deng, Zhiwei and Alvarez-Melis, David},
  journal={arXiv preprint arXiv:2403.00999},
  year={2024}
}

@inproceedings{shen2023ferkd,
  title={FerKD: Surgical Label Adaptation for Efficient Distillation},
  author={Shen, Zhiqiang},
  booktitle=ICCV,
  pages={1666--1675},
  year={2023}
}

@article{zhou2024self,
  title={Self-supervised Dataset Distillation: A Good Compression Is All You Need},
  author={Zhou, Muxin and Yin, Zeyuan and Shao, Shitong and Shen, Zhiqiang},
  journal={arXiv preprint arXiv:2404.07976},
  year={2024}
}

@inproceedings{shao2023generalized,
  title={Generalized Large-Scale Data Condensation via Various Backbone and Statistical Matching},
  author={Shao, Shitong and Yin, Zeyuan and Zhou, Muxin and Zhang, Xindong and Shen, Zhiqiang},
  booktitle=CVPR,
  year={2024}
}

@article{shao2024elucidating,
  title={Elucidating the Design Space of Dataset Condensation},
  author={Shao, Shitong and Zhou, Zikai and Chen, Huanran and Shen, Zhiqiang},
  journal={arXiv preprint arXiv:2404.13733},
  year={2024}
}

@article{le2015tiny,
  title={Tiny imagenet visual recognition challenge},
  author={Le, Ya and Yang, Xuan},
  journal={CS 231N},
  volume={7},
  number={7},
  pages={3},
  year={2015}
}

@inproceedings{deng2009imagenet,
  title={Imagenet: A large-scale hierarchical image database},
  author={Deng, Jia and Dong, Wei and Socher, Richard and Li, Li-Jia and Li, Kai and Fei-Fei, Li},
  booktitle=CVPR,
  pages={248--255},
  year={2009},
  organization={Ieee}
}

@article{ridnik2021imagenet,
  title={Imagenet-21k pretraining for the masses},
  author={Ridnik, Tal and Ben-Baruch, Emanuel and Noy, Asaf and Zelnik-Manor, Lihi},
  journal={arXiv preprint arXiv:2104.10972},
  year={2021}
}


@inproceedings{he2020momentum,
  title={Momentum contrast for unsupervised visual representation learning},
  author={He, Kaiming and Fan, Haoqi and Wu, Yuxin and Xie, Saining and Girshick, Ross},
  booktitle=CVPR,
  pages={9729--9738},
  year={2020}
}

@article{devries2017improved,
  title={Improved regularization of convolutional neural networks with cutout},
  author={DeVries, Terrance and Taylor, Graham W},
  journal={arXiv preprint arXiv:1708.04552},
  year={2017}
}

@inproceedings{sandler2018mobilenetv2,
  title={Mobilenetv2: Inverted residuals and linear bottlenecks},
  author={Sandler, Mark and Howard, Andrew and Zhu, Menglong and Zhmoginov, Andrey and Chen, Liang-Chieh},
  booktitle=CVPR,
  pages={4510--4520},
  year={2018}
}

@inproceedings{tan2021efficientnetv2,
  title={Efficientnetv2: Smaller models and faster training},
  author={Tan, Mingxing and Le, Quoc},
  booktitle=ICML,
  pages={10096--10106},
  year={2021},
  organization={PMLR}
}

@inproceedings{zhang2018shufflenet,
  title={Shufflenet: An extremely efficient convolutional neural network for mobile devices},
  author={Zhang, Xiangyu and Zhou, Xinyu and Lin, Mengxiao and Sun, Jian},
  booktitle=CVPR,
  pages={6848--6856},
  year={2018}
}

@inproceedings{liu2022swin,
  title={Swin transformer v2: Scaling up capacity and resolution},
  author={Liu, Ze and Hu, Han and Lin, Yutong and Yao, Zhuliang and Xie, Zhenda and Wei, Yixuan and Ning, Jia and Cao, Yue and Zhang, Zheng and Dong, Li and others},
  booktitle={Proceedings of the IEEE/CVF conference on computer vision and pattern recognition},
  pages={12009--12019},
  year={2022}
}

@inproceedings{xiao2024large,
  title={Are Large-scale Soft Labels Necessary for Large-scale Dataset Distillation?},
  author={Xiao, Lingao and He, Yang},
  booktitle=nips,
  year={2024}
}

@article{zhang2024breaking,
  title={Breaking class barriers: Efficient dataset distillation via inter-class feature compensator},
  author={Zhang, Xin and Du, Jiawei and Liu, Ping and Zhou, Joey Tianyi},
  journal={arXiv preprint arXiv:2408.06927},
  year={2024}
}

@misc{shen2024deltsimplediversitydrivenearlylate,
      title={DELT: A Simple Diversity-driven EarlyLate Training for Dataset Distillation}, 
      author={Zhiqiang Shen and Ammar Sherif and Zeyuan Yin and Shitong Shao},
      year={2024},
      eprint={2411.19946},
      archivePrefix={arXiv},
}

@inproceedings{dwa2024neurips,
    title={Diversity-Driven Synthesis: Enhancing Dataset Distillation through Directed Weight Adjustment},
    author={Du, Jiawei and Zhang, Xin and Hu, Juncheng and Huang, Wenxin and Zhou, Joey Tianyi},
    booktitle=NIPS,
    year={2024}
}

@inproceedings{tan2019efficientnet,
  title={Efficientnet: Rethinking model scaling for convolutional neural networks},
  author={Tan, Mingxing and Le, Quoc},
  booktitle=ICML,
  pages={6105--6114},
  year={2019},
  organization={PMLR}
}

@article{xu2017information,
  title={Information-theoretic analysis of generalization capability of learning algorithms},
  author={Xu, Aolin and Raginsky, Maxim},
  journal={Advances in neural information processing systems},
  volume={30},
  year={2017}
} 

@article{settles2009active,
  title={Active learning literature survey},
  author={Settles, Burr},
  year={2009},
  publisher={University of Wisconsin-Madison Department of Computer Sciences}
}

@article{shannon1948mathematical,
  title={A mathematical theory of communication},
  author={Shannon, Claude Elwood},
  journal={The Bell system technical journal},
  volume={27},
  number={3},
  pages={379--423},
  year={1948},
  publisher={Nokia Bell Labs}
}

@inproceedings{loo2024large,
title={Large Scale Dataset Distillation with Domain Shift},
author={Noel Loo and Alaa Maalouf and Ramin Hasani and Mathias Lechner and Alexander Amini and Daniela Rus},
booktitle=ICML,
year={2024},
}

@inproceedings{qin2024label,
  title={A Label is Worth a Thousand Images in Dataset Distillation},
  author={Qin, Tian and Deng, Zhiwei and Alvarez-Melis, David},
  booktitle=NIPS,
  year={2024}
}

@article{kang2024label,
  title={Label-Augmented Dataset Distillation},
  author={Kang, Seoungyoon and Lim, Youngsun and Shim, Hyunjung},
  journal={arXiv preprint arXiv:2409.16239},
  year={2024}
}

@inproceedings{yu2025teddy,
  title={Teddy: Efficient large-scale dataset distillation via taylor-approximated matching},
  author={Yu, Ruonan and Liu, Songhua and Ye, Jingwen and Wang, Xinchao},
  booktitle=ECCV,
  pages={1--17},
  year={2025},
  organization={Springer}
}

@inproceedings{zhang2024spanning,
  title={Spanning training progress: Temporal dual-depth scoring (tdds) for enhanced dataset pruning},
  author={Zhang, Xin and Du, Jiawei and Li, Yunsong and Xie, Weiying and Zhou, Joey Tianyi},
  booktitle={Proceedings of the IEEE/CVF Conference on Computer Vision and Pattern Recognition},
  pages={26223--26232},
  year={2024}
}

@inproceedings{grosz2024data,
  title={Data Pruning via Separability, Integrity, and Model Uncertainty-Aware Importance Sampling},
  author={Grosz, Steven and Zhao, Rui and Ranjan, Rajeev and Wang, Hongcheng and Aggarwal, Manoj and Medioni, Gerard and Jain, Anil},
  booktitle={International Conference on Pattern Recognition},
  pages={398--413},
  year={2024},
  organization={Springer}
}

@inproceedings{abbas2024effective,
title={Effective pruning of web-scale datasets based on complexity of concept clusters},
author={Amro Kamal Mohamed Abbas and Evgenia Rusak and Kushal Tirumala and Wieland Brendel and Kamalika Chaudhuri and Ari S. Morcos},
booktitle=ICLR,
year={2024},
}

@article{moser2024distill,
  title={Distill the Best, Ignore the Rest: Improving Dataset Distillation with Loss-Value-Based Pruning},
  author={Moser, Brian B and Raue, Federico and Nauen, Tobias C and Frolov, Stanislav and Dengel, Andreas},
  journal={arXiv preprint arXiv:2411.12115},
  year={2024}
}

@article{ben2024distilling,
  title={Distilling the Knowledge in Data Pruning},
  author={Ben-Baruch, Emanuel and Botach, Adam and Kviatkovsky, Igor and Aggarwal, Manoj and Medioni, G{\'e}rard},
  journal={arXiv preprint arXiv:2403.07854},
  year={2024}
}

@inproceedings{xu2025distill,
  title={Distill gold from massive ores: Bi-level data pruning towards efficient dataset distillation},
  author={Xu, Yue and Li, Yong-Lu and Cui, Kaitong and Wang, Ziyu and Lu, Cewu and Tai, Yu-Wing and Tang, Chi-Keung},
  booktitle=ECCV,
  pages={240--257},
  year={2025},
  organization={Springer}
}

@inproceedings{yun2019cutmix,
  title={Cutmix: Regularization strategy to train strong classifiers with localizable features},
  author={Yun, Sangdoo and Han, Dongyoon and Oh, Seong Joon and Chun, Sanghyuk and Choe, Junsuk and Yoo, Youngjoon},
  booktitle=ICCV,
  pages={6023--6032},
  year={2019}
}

@article{zhang2017mixup,
  title={mixup: Beyond empirical risk minimization},
  author={Zhang, Hongyi},
  journal={arXiv preprint arXiv:1710.09412},
  year={2017}
}

@article{kaplan2020scaling,
  title={Scaling laws for neural language models},
  author={Kaplan, Jared and McCandlish, Sam and Henighan, Tom and Brown, Tom B and Chess, Benjamin and Child, Rewon and Gray, Scott and Radford, Alec and Wu, Jeffrey and Amodei, Dario},
  journal={arXiv preprint arXiv:2001.08361},
  year={2020}
}

@InProceedings{Su_2024_CVPR,
    author    = {Su, Duo and Hou, Junjie and Gao, Weizhi and Tian, Yingjie and Tang, Bowen},
    title     = {D{\textasciicircum}4M: Dataset Distillation via Disentangled Diffusion Model},
    booktitle = CVPR,
    month     = {June},
    year      = {2024},
    pages     = {5809-5818}
}

@article{yu2023dataset,
  title={Dataset distillation: A comprehensive review},
  author={Yu, Ruonan and Liu, Songhua and Wang, Xinchao},
  journal={IEEE Transactions on Pattern Analysis and Machine Intelligence},
  year={2023},
  publisher={IEEE}
}

@article{bochkovskiy2020yolov4,
  title={Yolov4: Optimal speed and accuracy of object detection},
  author={Bochkovskiy, Alexey and Wang, Chien-Yao and Liao, Hong-Yuan Mark},
  journal={arXiv preprint arXiv:2004.10934},
  year={2020}
}