@ARTICLE{r1,
  author  = {Li, M. and Jiang, Y. and Zhang, Y. and Zhu, H.},
  title   = {Medical image analysis using deep learning algorithms},
  journal = {Front. Public Health},
  volume  = {11},
  pages   = {1273253},
  year    = {2023}
}

@ARTICLE{r2,
  author  = {Jin, Y. and Pepe, A. and Li, J. and Gsaxner, C. and Zhao, F. and Pomykala, K. L. and Kleesiek, J. and Frangi, A. F. and Egger, J.},
  title   = {AI-based aortic vessel tree segmentation for cardiovascular diseases treatment: status quo},
  journal = {arXiv preprint arXiv:2108.02998},
  year    = {2021}
}

@ARTICLE{r3,
  author  = {Azad, R. and Kazerouni, A. and Heidari, M. and Aghdam, E. K. and Molaei, A. and Jia, Y. and Jose, A. and Roy, R. and Merhof, D.},
  title   = {Advances in medical image analysis with vision transformers: a comprehensive review},
  journal = {Med. Image Anal.},
  volume  = {91},
  pages   = {103000},
  year    = {2024}
}

@ARTICLE{r4,
  author  = {Li, S. and Li, B. and Sun, B. and Weng, Y.},
  title   = {Towards Visual-Prompt Temporal Answer Grounding in Instructional Video},
  journal = {IEEE Trans. Pattern Anal. Mach. Intell.},
  volume  = {46},
  number  = {12},
  pages   = {8836--8853},
  year    = {2024},
  doi     = {10.1109/TPAMI.2024.3411045}
}

@ARTICLE{r5,
  author  = {Han, K. and Wang, Y. and Chen, H. and Chen, X. and Guo, J. and Liu, Z. and Tang, Y. and Xiao, A. and Xu, C. and Xu, Y. and Yang, Z.},
  title   = {A survey on vision transformer},
  journal = {IEEE Trans. Pattern Anal. Mach. Intell.},
  volume  = {45},
  number  = {1},
  pages   = {87--110},
  year    = {2022}
}

@inproceedings{r6,
  title={Segment anything},
  author={Kirillov, Alexander and Mintun, Eric and Ravi, Nikhila and Mao, Hanzi and Rolland, Chloe and Gustafson, Laura and Xiao, Tete and Whitehead, Spencer and Berg, Alexander C and Lo, Wan-Yen and others},
  booktitle={Proceedings of the IEEE/CVF international conference on computer vision},
  pages={4015--4026},
  year={2023}
}

@ARTICLE{r7,
  author  = {Cao, H. and Wang, Y. and Chen, J. and Jiang, D. and Zhang, X. and Tian, Q. and Wang, M.},
  title   = {Swin-unet: Unet-like pure transformer for medical image segmentation},
  journal = {European conference on computer vision},
  pages   = {205--218},
  year    = {2022}
}

@inproceedings{r8,
  title={Unetr: Transformers for 3d medical image segmentation},
  author={Hatamizadeh, Ali and Tang, Yucheng and Nath, Vishwesh and Yang, Dong and Myronenko, Andriy and Landman, Bennett and Roth, Holger R and Xu, Daguang},
  booktitle={Proceedings of the IEEE/CVF winter conference on applications of computer vision},
  pages={574--584},
  year={2022}
}
@ARTICLE{r9,
  author  = {Huang, Y. and Yang, X. and Liu, L. and Zhou, H. and Chang, A. and Zhou, X. and Chen, R. and Yu, J. and Chen, J. and Chen, C. and others},
  title   = {Segment anything model for medical images?},
  journal = {Medical Image Analysis},
  volume  = {92},
  pages   = {103061},
  year    = {2024}
}
@ARTICLE{r10,
  author  = {Ma, J. and He, Y. and Li, F. and Han, L. and You, C. and Wang, B.},
  title   = {Segment anything in medical images},
  journal = {Nature Communications},
  volume  = {15},
  number  = {1},
  pages   = {654},
  year    = {2024}
}
@ARTICLE{r11,
  author  = {Zhang, K. and Liu, D.},
  title   = {Customized segment anything model for medical image segmentation},
  journal = {arXiv preprint arXiv:2304.13785},
  year    = {2023}
}

@ARTICLE{r12,
  author  = {Mazurowski, M. A. and Dong, H. and Gu, H. and Yang, J. and Konz, N. and Zhang, Y.},
  title   = {Segment anything model for medical image analysis: an experimental study},
  journal = {Medical Image Analysis},
  volume  = {89},
  pages   = {102918},
  year    = {2023}
}

@ARTICLE{r13,
  author  = {Zhang, Y. and Shen, Z. and Jiao, R.},
  title   = {Segment anything model for medical image segmentation: Current applications and future directions},
  journal = {Computers in Biology and Medicine},
  pages   = {108238},
  year    = {2024}
}
@ARTICLE{r14,
  author  = {Deng, R. and Cui, C. and Liu, Q. and Yao, T. and Remedios, L. W. and Bao, S. and Landman, B. A. and Wheless, L. E. and Coburn, L. A. and Wilson, K. T. and others},
  title   = {Segment anything model (sam) for digital pathology: Assess zero-shot segmentation on whole slide imaging},
  journal = {arXiv preprint arXiv:2304.04155},
  year    = {2023}
}

@ARTICLE{r15,
  author  = {Hu, C. and Xia, T. and Ju, S. and Li, X.},
  title   = {When sam meets medical images: An investigation of segment anything model (sam) on multi-phase liver tumor segmentation},
  journal = {arXiv preprint arXiv:2304.08506},
  year    = {2023}
}

@ARTICLE{r16,
  author  = {He, S. and Bao, R. and Li, J. and Stout, J. and Bjornerud, A. and Grant, P. E. and Ou, Y.},
  title   = {Computer-vision benchmark segment-anything model (sam) in medical images: Accuracy in 12 datasets},
  journal = {arXiv preprint arXiv:2304.09324},
  year    = {2023}
}
@ARTICLE{r17,
  author  = {Hu, E. J. and Shen, Y. and Wallis, P. and Allen-Zhu, Z. and Li, Y. and Wang, S. and Wang, L. and Chen, W.},
  title   = {Lora: Low-rank adaptation of large language models},
  journal = {arXiv preprint arXiv:2106.09685},
  year    = {2021}
}
@ARTICLE{r18,
  author  = {Li, K. and Rajpurkar, P.},
  title   = {Adapting Segment Anything Models to Medical Imaging via Fine-Tuning without Domain Pretraining},
  journal = {AAAI 2024 Spring Symposium on Clinical Foundation Models},
  year    = {2024}
}

@inproceedings{r19,
  title={Sam-adapter: Adapting segment anything in underperformed scenes},
  author={Chen, Tianrun and Zhu, Lanyun and Deng, Chaotao and Cao, Runlong and Wang, Yan and Zhang, Shangzhan and Li, Zejian and Sun, Lingyun and Zang, Ying and Mao, Papa},
  booktitle={Proceedings of the IEEE/CVF International Conference on Computer Vision},
  pages={3367--3375},
  year={2023}
}
@ARTICLE{r20,
  author  = {Chen, Z. and Duan, Y. and Wang, W. and He, J. and Lu, T. and Dai, J. and Qiao, Y.},
  title   = {Vision Transformer Adapter for Dense Predictions},
  journal = {The Eleventh International Conference on Learning Representations.},
  year    = {2022}
}
@ARTICLE{r21,
  author  = {Chen, L.-C. and Papandreou, G. and Kokkinos, I. and Murphy, K. and Yuille, A. L.},
  title   = {Deeplab: Semantic image segmentation with deep convolutional nets, atrous convolution, and fully connected crfs},
  journal = {IEEE Trans. Pattern Anal. Mach. Intell.},
  volume  = {40},
  number  = {4},
  pages   = {834--848},
  year    = {2017}
}
@ARTICLE{r22,
  author  = {Hu, J. and Li, Y. and Jain, R. K. and Lin, L. and Chen, Y.},
  title   = {SPA: Leveraging the SAM with Spatial Priors Adapter for Enhanced Medical Image Segmentation},
  journal = {IEEE J. Biomed. Health Inform.},
  year    = {2025}
}

@inproceedings{r23,
  title={Cvt: Introducing convolutions to vision transformers},
  author={Wu, Haiping and Xiao, Bin and Codella, Noel and Liu, Mengchen and Dai, Xiyang and Yuan, Lu and Zhang, Lei},
  booktitle={Proceedings of the IEEE/CVF international conference on computer vision},
  pages={22-31},
  year={2021}
}

@ARTICLE{r24,
  author  = {Ibtehaz, N. and Yan, N. and Mortazavi, M. and Kihara, D.},
  title   = {ACC-ViT: Atrous Convolution's Comeback in Vision Transformers},
  journal = {arXiv preprint arXiv:2403.04200},
  year    = {2024}
}

@ARTICLE{r25,
  author  = {Radl, L. and Jin, Y. and Pepe, A. and Li, J. and Gsaxner, C. and Zhao, F. and Egger, J.},
  title   = {AVT: Multicenter aortic vessel tree CTA dataset collection with ground truth segmentation masks},
  journal = {Data in brief},
  volume  = {40},
  pages   = {107801},
  year    = {2022}
}

@ARTICLE{r26,
  author  = {Yao, Z. and Xie, W. and Zhang, J. and Dong, Y. and Qiu, H. and Yuan, H. and Jia, Q. and Wang, T. and Shi, Y. and Zhuang, J. and others},
  title   = {Imagetbad: A 3d computed tomography angiography image dataset for automatic segmentation of type-b aortic dissection},
  journal = {Frontiers in Physiology},
  volume  = {12},
  pages   = {732711},
  year    = {2021}
}

@inproceedings{r27,
  title={U-net: Convolutional networks for biomedical image segmentation},
  author={Ronneberger, Olaf and Fischer, Philipp and Brox, Thomas},
  booktitle={Medical image computing and computer-assisted intervention--MICCAI 2015: 18th international conference, Munich, Germany},
  pages={234--241},
  year={2015}
}

@ARTICLE{r28,
  author  = {Wodzinski, M. and MÃ¼ller, H.},
  title   = {Automatic Aorta Segmentation with Heavily Augmented, High-Resolution 3-D ResUNet: Contribution to the SEG. A Challenge},
  journal = {MICCAI Aorta Segm. Challenge},
  pages   = {42--54},
  year    = {2023}
}

@inproceedings{Lam2021,
  title={Paying attention to varying receptive fields: object detection with Atrous filters and vision transformers},
  author={Lam, A. and Lim, J. Y. and Sutopo, R. and Baskaran, V. M.},
  booktitle={British Machine Vision Conference 2021},
  year={2021},
  journal={British Machine Vision Association}
}
@inproceedings{Liu2022,
  title={Skin lesion segmentation via intensive atrous spatial transformer},
  author={Liu, X. and Fan, W. and Zhou, D.},
  booktitle={International Conference on Wireless Algorithms, Systems, and Applications},
  pages={15--26},
  year={2022},
  publisher={Springer Nature Switzerland},
}

@ARTICLE{TONG2024213,
  author  = {Tong, L. and Li, T. and Zhang, Q. and Zhang, Q. and Zhu, R. and Du, W. and Hu, P.},
  title   = {LiViT-Net: A U-Net-like, lightweight Transformer network for retinal vessel segmentation},
  journal = {Computational and Structural Biotechnology},
  pages   = {213--224},
  year    = {2024}
}
@ARTICLE{Yu2015,
  author  = {Yu, F. and Koltun, V.},
  title   = {Multi-Scale Context Aggregation by Dilated Convolutions},
  journal = {arXiv preprint arXiv:1511.07122},
  year    = {2015}
}
@inproceedings{ioffe2015batch,
  title={Batch normalization: Accelerating deep network training by reducing internal covariate shift},
  author={Ioffe, Sergey and Szegedy, Christian},
  booktitle={International conference on machine learning},
  pages={448--456},
  year={2015},
  organization={pmlr}
}
@ARTICLE{agarap2018deep,
  author  = {Agarap, A. F.},
  title   = {Deep learning using rectified linear units (relu)},
  journal = {arXiv preprint arXiv:1803.08375},
  year    = {2018}
}