@inproceedings{langley00,
 author    = {P. Langley},
 title     = {Crafting Papers on Machine Learning},
 year      = {2000},
 pages     = {1207--1216},
 editor    = {Pat Langley},
 booktitle     = {Proceedings of the 17th International Conference
              on Machine Learning (ICML 2000)},
 address   = {Stanford, CA},
 publisher = {Morgan Kaufmann}
}
@inproceedings{liu2023variance,
  title={Variance-Adaptive Algorithm for Probabilistic Maximum Coverage Bandits with General Feedback},
  author={Liu, Xutong and Zuo, Jinhang and Xie, Hong and Joe-Wong, Carlee and Lui, John CS},
  booktitle={IEEE INFOCOM 2023-IEEE Conference on Computer Communications},
  pages={1--10},
  year={2023},
  organization={IEEE}
}
@article{wang2023online,
  title={Online Corrupted User Detection and Regret Minimization},
  author={Wang, Zhiyong and Xie, Jize and Yu, Tong and Li, Shuai and Lui, John},
  journal={arXiv preprint arXiv:2310.04768},
  year={2023}
}
@inproceedings{liu2023contextual,
  title={Contextual Combinatorial Bandits with Probabilistically Triggered Arms},
  author={Liu, Xutong and Zuo, Jinhang and Wang, Siwei and Lui, John CS and Hajiesmaili, Mohammad and Wierman, Adam and Chen, Wei},
  booktitle={International Conference on Machine Learning},
  pages={22559--22593},
  year={2023},
  organization={PMLR}
}
@inproceedings{cai2018online,
  title={An online learning approach to network application optimization with guarantee},
  author={Cai, Kechao and Liu, Xutong and Chen, Yu-Zhen Janice and Lui, John CS},
  booktitle={IEEE INFOCOM 2018-IEEE Conference on Computer Communications},
  pages={2006--2014},
  year={2018},
  organization={IEEE}
}
@article{kong2023best,
  title={Best-of-three-worlds Analysis for Linear Bandits with Follow-the-regularized-leader Algorithm},
  author={Kong, Fang and Zhao, Canzhe and Li, Shuai},
  journal={arXiv preprint arXiv:2303.06825},
  year={2023}
}
@misc{2305.17071,
Author = {Jinhang Zuo and Zhiyao Zhang and Zhiyong Wang and Shuai Li and Mohammad Hajiesmaili and Adam Wierman},
Title = {Adversarial Attacks on Online Learning to Rank with Click Feedback},
Year = {2023},
Eprint = {arXiv:2305.17071},
}
@inproceedings{ban2021local,
  title={Local clustering in contextual multi-armed bandits},
  author={Ban, Yikun and He, Jingrui},
  booktitle={Proceedings of the Web Conference 2021},
  pages={2335--2346},
  year={2021}
}
@inproceedings{wang2023efficient,
  title={Efficient explorative key-term selection strategies for conversational contextual bandits},
  author={Wang, Zhiyong and Liu, Xutong and Li, Shuai and Lui, John CS},
  booktitle={Proceedings of the AAAI Conference on Artificial Intelligence},
  volume={37},
  number={8},
  pages={10288--10295},
  year={2023}
}
@inproceedings{cella2021multi,
  title={Multi-task and meta-learning with sparse linear bandits},
  author={Cella, Leonardo and Pontil, Massimiliano},
  booktitle={Uncertainty in Artificial Intelligence},
  pages={1692--1702},
  year={2021},
  organization={PMLR}
}
@article{deshmukh2017multi,
  title={Multi-task learning for contextual bandits},
  author={Deshmukh, Aniket Anand and Dogan, Urun and Scott, Clay},
  journal={Advances in neural information processing systems},
  volume={30},
  year={2017}
}
@inproceedings{zhang2020conversational,
  title={Conversational contextual bandit: Algorithm and application},
  author={Zhang, Xiaoying and Xie, Hong and Li, Hang and CS Lui, John},
  booktitle={Proceedings of the web conference 2020},
  pages={662--672},
  year={2020}
}
@article{wan2021metadata,
  title={Metadata-based multi-task bandits with bayesian hierarchical models},
  author={Wan, Runzhe and Ge, Lin and Song, Rui},
  journal={Advances in Neural Information Processing Systems},
  volume={34},
  pages={29655--29668},
  year={2021}
}
@article{huang2021federated,
  title={Federated linear contextual bandits},
  author={Huang, Ruiquan and Wu, Weiqiang and Yang, Jing and Shen, Cong},
  journal={Advances in neural information processing systems},
  volume={34},
  pages={27057--27068},
  year={2021}
}
@inproceedings{shi2021federated,
  title={Federated multi-armed bandits},
  author={Shi, Chengshuai and Shen, Cong},
  booktitle={Proceedings of the AAAI Conference on Artificial Intelligence},
  volume={35},
  number={11},
  pages={9603--9611},
  year={2021}
}
@inproceedings{cella2020meta,
  title={Meta-learning with stochastic linear bandits},
  author={Cella, Leonardo and Lazaric, Alessandro and Pontil, Massimiliano},
  booktitle={International Conference on Machine Learning},
  pages={1360--1370},
  year={2020},
  organization={PMLR}
}
@inproceedings{hong2022hierarchical,
  title={Hierarchical bayesian bandits},
  author={Hong, Joey and Kveton, Branislav and Zaheer, Manzil and Ghavamzadeh, Mohammad},
  booktitle={International Conference on Artificial Intelligence and Statistics},
  pages={7724--7741},
  year={2022},
  organization={PMLR}
}
@inproceedings{wan2023towards,
  title={Towards scalable and robust structured bandits: A meta-learning framework},
  author={Wan, Runzhe and Ge, Lin and Song, Rui},
  booktitle={International Conference on Artificial Intelligence and Statistics},
  pages={1144--1173},
  year={2023},
  organization={PMLR}
}
@inproceedings{wang2021multitask,
  title={Multitask bandit learning through heterogeneous feedback aggregation},
  author={Wang, Zhi and Zhang, Chicheng and Singh, Manish Kumar and Riek, Laurel and Chaudhuri, Kamalika},
  booktitle={International Conference on Artificial Intelligence and Statistics},
  pages={1531--1539},
  year={2021},
  organization={PMLR}
}
@article{wang2022thompson,
  title={Thompson Sampling for Robust Transfer in Multi-Task Bandits},
  author={Wang, Zhi and Zhang, Chicheng and Chaudhuri, Kamalika},
  journal={arXiv preprint arXiv:2206.08556},
  year={2022}
}
@inproceedings{cella2023multi,
  title={Multi-task representation learning with stochastic linear bandits},
  author={Cella, Leonardo and Lounici, Karim and Pacreau, Gr{\'e}goire and Pontil, Massimiliano},
  booktitle={International Conference on Artificial Intelligence and Statistics},
  pages={4822--4847},
  year={2023},
  organization={PMLR}
}
@inproceedings{soare2014multi,
  title={Multi-task linear bandits},
  author={Soare, Marta and Alsharif, Ouais and Lazaric, Alessandro and Pineau, Joelle},
  booktitle={NIPS2014 workshop on transfer and multi-task learning: theory meets practice},
  year={2014}
}
@inproceedings{gentile2017context,
  title={On context-dependent clustering of bandits},
  author={Gentile, Claudio and Li, Shuai and Kar, Purushottam and Karatzoglou, Alexandros and Zappella, Giovanni and Etrue, Evans},
  booktitle={International Conference on machine learning},
  pages={1253--1262},
  year={2017},
  organization={PMLR}
}
@inproceedings{wu2016contextual,
  title={Contextual bandits in a collaborative environment},
  author={Wu, Qingyun and Wang, Huazheng and Gu, Quanquan and Wang, Hongning},
  booktitle={Proceedings of the 39th International ACM SIGIR conference on Research and Development in Information Retrieval},
  pages={529--538},
  year={2016}
}
@TechReport{mitchell80,
  author = 	 "T. M. Mitchell",
  title = 	 "The Need for Biases in Learning Generalizations",
  institution =  "Computer Science Department, Rutgers University",
  year = 	 "1980",
  address =	 "New Brunswick, MA",
}

@phdthesis{kearns89,
  author = {M. J. Kearns},
  title =  {Computational Complexity of Machine Learning},
  school = {Department of Computer Science, Harvard University},
  year =   {1989}
}

@Book{MachineLearningI,
  editor = 	 "R. S. Michalski and J. G. Carbonell and T.
		  M. Mitchell",
  title = 	 "Machine Learning: An Artificial Intelligence
		  Approach, Vol. I",
  publisher = 	 "Tioga",
  year = 	 "1983",
  address =	 "Palo Alto, CA"
}

@Book{DudaHart2nd,
  author =       "R. O. Duda and P. E. Hart and D. G. Stork",
  title =        "Pattern Classification",
  publisher =    "John Wiley and Sons",
  edition =      "2nd",
  year =         "2000"
}

@misc{anonymous,
  title= {Suppressed for Anonymity},
  author= {Author, N. N.},
  year= {2021}
}

@InCollection{Newell81,
  author =       "A. Newell and P. S. Rosenbloom",
  title =        "Mechanisms of Skill Acquisition and the Law of
                  Practice", 
  booktitle =    "Cognitive Skills and Their Acquisition",
  pages =        "1--51",
  publisher =    "Lawrence Erlbaum Associates, Inc.",
  year =         "1981",
  editor =       "J. R. Anderson",
  chapter =      "1",
  address =      "Hillsdale, NJ"
}


@Article{Samuel59,
  author = 	 "A. L. Samuel",
  title = 	 "Some Studies in Machine Learning Using the Game of
		  Checkers",
  journal =	 "IBM Journal of Research and Development",
  year =	 "1959",
  volume =	 "3",
  number =	 "3",
  pages =	 "211--229"
}
@article{bubeck2012regret,
  title={Regret analysis of stochastic and nonstochastic multi-armed bandit problems},
  author={Bubeck, S{\'e}bastien and Cesa-Bianchi, Nicolo and others},
  journal={Foundations and Trends{\textregistered} in Machine Learning},
  volume={5},
  number={1},
  pages={1--122},
  year={2012},
  publisher={Now Publishers, Inc.}
}
@inproceedings{li2011scene,
  title={Scene: a scalable two-stage personalized news recommendation system},
  author={Li, Lei and Wang, Dingding and Li, Tao and Knox, Daniel and Padmanabhan, Balaji},
  booktitle={Proceedings of the 34th international ACM SIGIR conference on Research and development in Information Retrieval},
  pages={125--134},
  year={2011}
}
@inproceedings{li2011unbiased,
  title={Unbiased offline evaluation of contextual-bandit-based news article recommendation algorithms},
  author={Li, Lihong and Chu, Wei and Langford, John and Wang, Xuanhui},
  booktitle={Proceedings of the fourth ACM international conference on Web search and data mining},
  pages={297--306},
  year={2011}
}
@inproceedings{kohli2013fast,
  title={A fast bandit algorithm for recommendation to users with heterogenous tastes},
  author={Kohli, Pushmeet and Salek, Mahyar and Stoddard, Greg},
  booktitle={Proceedings of the AAAI Conference on Artificial Intelligence},
  volume={27},
  number={1},
  pages={1135--1141},
  year={2013}
}
@article{rusmevichientong2010linearly,
  title={Linearly parameterized bandits},
  author={Rusmevichientong, Paat and Tsitsiklis, John N},
  journal={Mathematics of Operations Research},
  volume={35},
  number={2},
  pages={395--411},
  year={2010},
  publisher={INFORMS}
}
@inproceedings{zeng2016online,
  title={Online context-aware recommendation with time varying multi-armed bandit},
  author={Zeng, Chunqiu and Wang, Qing and Mokhtari, Shekoofeh and Li, Tao},
  booktitle={Proceedings of the 22nd ACM SIGKDD international conference on Knowledge discovery and data mining},
  pages={2025--2034},
  year={2016}
}
@inproceedings{chu2011contextual,
  title={Contextual bandits with linear payoff functions},
  author={Chu, Wei and Li, Lihong and Reyzin, Lev and Schapire, Robert},
  booktitle={Proceedings of the Fourteenth International Conference on Artificial Intelligence and Statistics},
  pages={208--214},
  year={2011},
  organization={JMLR Workshop and Conference Proceedings}
}
@inproceedings{li2010contextual,
  title={A contextual-bandit approach to personalized news article recommendation},
  author={Li, Lihong and Chu, Wei and Langford, John and Schapire, Robert E},
  booktitle={Proceedings of the 19th international conference on World wide web},
  pages={661--670},
  year={2010}
}
@book{em:86,
  editor  = "Engelmore, Robert and Morgan, Anthony",
  title   = "Blackboard Systems",
  year    = 1986,
  address = "Reading, Mass.",
  publisher = "Addison-Wesley",
}
@inproceedings{liu2022federated,
  title={Federated Online Clustering of Bandits},
  author={Liu, Xutong and Zhao, Haoru and Yu, Tong and Li, Shuai and Lui, John},
  booktitle={The 38th Conference on Uncertainty in Artificial Intelligence},
  year={2022}
}
@inproceedings{gentile2014online,
  title={Online clustering of bandits},
  author={Gentile, Claudio and Li, Shuai and Zappella, Giovanni},
  booktitle={International Conference on Machine Learning},
  pages={757--765},
  year={2014},
  organization={PMLR}
}
@inproceedings{li2018online,
  title={Online clustering of contextual cascading bandits},
  author={Li, Shuai and Zhang, Shengyu},
  booktitle={Proceedings of the AAAI Conference on Artificial Intelligence},
  volume={32},
  number={1},
  year={2018}
}
@book{lattimore2020bandit,
  title={Bandit algorithms},
  author={Lattimore, Tor and Szepesv{\'a}ri, Csaba},
  year={2020},
  publisher={Cambridge University Press}
}
@inproceedings{wu2021clustering,
  title={Clustering of Conversational Bandits for User Preference Learning and Elicitation},
  author={Wu, Junda and Zhao, Canzhe and Yu, Tong and Li, Jingyang and Li, Shuai},
  booktitle={Proceedings of the 30th ACM International Conference on Information \& Knowledge Management},
  pages={2129--2139},
  year={2021}
}
@inproceedings{zhang2020conversational,
  title={Conversational contextual bandit: Algorithm and application},
  author={Zhang, Xiaoying and Xie, Hong and Li, Hang and CS Lui, John},
  booktitle={Proceedings of the web conference 2020},
  pages={662--672},
  year={2020}
}
@inproceedings{abe1999associative,
  title={Associative reinforcement learning using linear probabilistic concepts},
  author={Abe, Naoki and Long, Philip M},
  booktitle={ICML},
  pages={3--11},
  year={1999},
  organization={Citeseer}
}
@inproceedings{li2016collaborative,
  title={Collaborative filtering bandits},
  author={Li, Shuai and Karatzoglou, Alexandros and Gentile, Claudio},
  booktitle={Proceedings of the 39th International ACM SIGIR conference on Research and Development in Information Retrieval},
  pages={539--548},
  year={2016}
}
@article{pacchiano2020model,
  title={Model selection in contextual stochastic bandit problems},
  author={Pacchiano, Aldo and Phan, My and Abbasi Yadkori, Yasin and Rao, Anup and Zimmert, Julian and Lattimore, Tor and Szepesvari, Csaba},
  journal={Advances in Neural Information Processing Systems},
  volume={33},
  pages={10328--10337},
  year={2020}
}
@article{foster2020adapting,
  title={Adapting to misspecification in contextual bandits},
  author={Foster, Dylan J and Gentile, Claudio and Mohri, Mehryar and Zimmert, Julian},
  journal={Advances in Neural Information Processing Systems},
  volume={33},
  pages={11478--11489},
  year={2020}
}
@article{auer2002finite,
  title={Finite-time analysis of the multiarmed bandit problem},
  author={Auer, Peter and Cesa-Bianchi, Nicolo and Fischer, Paul},
  journal={Machine learning},
  volume={47},
  number={2},
  pages={235--256},
  year={2002},
  publisher={Springer}
}
@article{hainmueller2014kernel,
  title={Kernel regularized least squares: Reducing misspecification bias with a flexible and interpretable machine learning approach},
  author={Hainmueller, Jens and Hazlett, Chad},
  journal={Political Analysis},
  volume={22},
  number={2},
  pages={143--168},
  year={2014},
  publisher={Cambridge University Press}
}
@inproceedings{hariri2014context,
  title={Context adaptation in interactive recommender systems},
  author={Hariri, Negar and Mobasher, Bamshad and Burke, Robin},
  booktitle={Proceedings of the 8th ACM Conference on Recommender Systems},
  pages={41--48},
  year={2014}
}
@book{aggarwal2016recommender,
  title={Recommender systems},
  author={Aggarwal, Charu C and others},
  volume={1},
  year={2016},
  publisher={Springer}
}
@inproceedings{ghosh2017misspecified,
  title={Misspecified linear bandits},
  author={Ghosh, Avishek and Chowdhury, Sayak Ray and Gopalan, Aditya},
  booktitle={Thirty-First AAAI Conference on Artificial Intelligence},
  year={2017}
}
@article{abbasi2011improved,
  title={Improved algorithms for linear stochastic bandits},
  author={Abbasi-Yadkori, Yasin and P{\'a}l, D{\'a}vid and Szepesv{\'a}ri, Csaba},
  journal={Advances in neural information processing systems},
  volume={24},
  year={2011}
}
@inproceedings{lattimore2020learning,
  title={Learning with good feature representations in bandits and in rl with a generative model},
  author={Lattimore, Tor and Szepesvari, Csaba and Weisz, Gellert},
  booktitle={International Conference on Machine Learning},
  pages={5662--5670},
  year={2020},
  organization={PMLR}
}
@inproceedings{c:83,
  author  = "Clancey, William J.",
  year    = 1983,
  title   = "{Communication, Simulation, and Intelligent
Agents: Implications of Personal Intelligent Machines
for Medical Education}",
  booktitle="Proceedings of the Eighth International Joint Conference on Artificial Intelligence {(IJCAI-83)}", 
  pages   = "556-560",
  address = "Menlo Park, Calif",
  publisher = "{IJCAI Organization}",
}
@inproceedings{c:84,
  author  = "Clancey, William J.",
  year    = 1984,
  title   = "{Classification Problem Solving}",
  booktitle = "Proceedings of the Fourth National 
              Conference on Artificial Intelligence",
  pages   = "45-54",
  address = "Menlo Park, Calif.",
  publisher="AAAI Press",
}
@article{r:80,
  author = {Robinson, Arthur L.},
  title = {New Ways to Make Microcircuits Smaller},
  volume = {208},
  number = {4447},
  pages = {1019--1022},
  year = {1980},
  doi = {10.1126/science.208.4447.1019},
  publisher = {American Association for the Advancement of Science},
  issn = {0036-8075},
  URL = {https://science.sciencemag.org/content/208/4447/1019},
  eprint = {https://science.sciencemag.org/content/208/4447/1019.full.pdf},
  journal = {Science},
}
@article{r:80x,
  author  = "Robinson, Arthur L.",
  year    = 1980,
  title   = "{New Ways to Make Microcircuits Smaller---Duplicate Entry}",
  journal = "Science",
  volume  =  208,
  pages   = "1019-1026",
}
@article{hcr:83,
title = {Strategic explanations for a diagnostic consultation system},
journal = {International Journal of Man-Machine Studies},
volume = {20},
number = {1},
pages = {3-19},
year = {1984},
issn = {0020-7373},
doi = {https://doi.org/10.1016/S0020-7373(84)80003-6},
url = {https://www.sciencedirect.com/science/article/pii/S0020737384800036},
author = {Diane Warner Hasling and William J. Clancey and Glenn Rennels},
abstract = {This article examines the problem of automatte explanation of reasoning, especially as it relates to expert systems. By explanation we mean the ability of a program to discuss what it is doing in some understandable way. We first present a general framework in which to view explanation and review some of the research done in this area. We then focus on the explanation system for NEOMYCIN, a medical consultation program. A consultation program interactively helps a user to solve a problem. Our goal is to have NEOMYCIN explain its problem-solving strategies. An explanation of strategy describes the plan the program is using to reach a solution. Such an explanation is usually concrete, referring to aspects of the current problem situation. Abstract explanations articulate a general principle, which can be applied in different situations; such explanations are useful in teaching and in explaining by analogy. We describe the aspects of NEOMYCIN that make abstract strategic explanations possible—the representation of strategic knowledge explicitly and separately from domain knowledge— and demonstrate how this representation can be used to generate explanations.}
}
@article{hcrt:83,
  author  = "Hasling, Diane Warner and Clancey, William J. and Rennels, Glenn R. and Test, Thomas",
  year    = 1983,
  title   = "{Strategic Explanations in Consultation---Duplicate}",
  journal = "The International Journal of Man-Machine Studies",
  volume  = 20,
  number  = 1,
  pages   = "3-19",
}
@techreport{r:86,
  author  = "Rice, James",
  year    = 1986,
  title   = "{Poligon: A System for Parallel Problem Solving}",
  type    = "Technical Report", 
  number  = "KSL-86-19", 
  institution = "Dept.\ of Computer Science, Stanford Univ.",
}
@phdthesis{c:79,
  author  = "Clancey, William J.",
  year    = 1979,
  title   = "{Transfer of Rule-Based Expertise
through a Tutorial Dialogue}",
  type    = "{Ph.D.} diss.",
  school  = "Dept.\ of Computer Science, Stanford Univ.",
  address = "Stanford, Calif.",
}
@unpublished{c:21,
  author  = "Clancey, William J.",
  title   = "{The Engineering of Qualitative Models}",
  year    = 2021,
  note    = "Forthcoming",
}
@misc{c:22,
      title={Crime and punishment in scientific research}, 
      author={Mathieu Bouville},
      year={2008},
      eprint={0803.4058},
      archivePrefix={arXiv},
      primaryClass={physics.soc-ph}
}
@misc{c:23,
  title        = "Pluto: The 'Other' Red Planet",
  author       = "{NASA}",
  howpublished = "\url{https://www.nasa.gov/nh/pluto-the-other-red-planet}",
  year         = 2015,
  note         = "Accessed: 2018-12-06"
}

@inproceedings{10.5555/3367243.3367445,
author = {Li, Shuai and Chen, Wei and Li, Shuai and Leung, Kwong-Sak},
title = {Improved Algorithm on Online Clustering of Bandits},
year = {2019},
isbn = {9780999241141},
publisher = {AAAI Press},
abstract = {We generalize the setting of online clustering of bandits by allowing non-uniform distribution over user frequencies. A more efficient algorithm is proposed with simple set structures to represent clusters. We prove a regret bound for the new algorithm which is free of the minimal frequency over users. The experiments on both synthetic and real datasets consistently show the advantage of the new algorithm over existing methods.},
booktitle = {Proceedings of the 28th International Joint Conference on Artificial Intelligence},
pages = {2923–2929},
numpages = {7},
location = {Macao, China},
series = {IJCAI'19}
}

@article{harper2015movielens,
  title={The movielens datasets: History and context},
  author={Harper, F Maxwell and Konstan, Joseph A},
  journal={Acm transactions on interactive intelligent systems (tiis)},
  volume={5},
  number={4},
  pages={1--19},
  year={2015},
  publisher={ACM New York, NY, USA}
}
@article{wang2024onlineb,
  title={Online corrupted user detection and regret minimization},
  author={Wang, Zhiyong and Xie, Jize and Yu, Tong and Li, Shuai and Lui, John},
  journal={Advances in Neural Information Processing Systems},
  volume={36},
  year={2024}
}
@article{wang2024onlinea,
  title={Online clustering of bandits with misspecified user models},
  author={Wang, Zhiyong and Xie, Jize and Liu, Xutong and Li, Shuai and Lui, John},
  journal={Advances in Neural Information Processing Systems},
  volume={36},
  year={2024}
}
@article{zong2016cascading,
  title={Cascading bandits for large-scale recommendation problems},
  author={Zong, Shi and Ni, Hao and Sung, Kenny and Ke, Nan Rosemary and Wen, Zheng and Kveton, Branislav},
  journal={arXiv preprint arXiv:1603.05359},
  year={2016}
}
@inproceedings{zhang2020neural,
  title={Neural {Thompson} sampling},
  author={Zhang, Weitong and Zhou, Dongruo and Li, Lihong and Gu, Quanquan},
  booktitle={Proc. ICLR},
  year={2021}
}
@inproceedings{zhou2020neural,
  title={Neural contextual bandits with {UCB}-based exploration},
  author={Zhou, Dongruo and Li, Lihong and Gu, Quanquan},
  booktitle={Proc. ICML},
  pages={11492--11502},
  year={2020}
}
@article{verma2024neural,
  title={Neural dueling bandits},
  author={Verma, Arun and Dai, Zhongxiang and Lin, Xiaoqiang and Jaillet, Patrick and Low, Bryan Kian Hsiang},
  journal={arXiv preprint arXiv:2407.17112},
  year={2024}
}
@inproceedings{ICLR23_dai2022federated,
  title={Federated Neural Bandits},
  author={Dai, Zhongxiang and Shu, Yao and Verma, Arun and Fan, Flint Xiaofeng and Low, Bryan Kian Hsiang and Jaillet, Patrick},
  booktitle={Proc. ICLR},
  year={2023}
}
@inproceedings{kassraie2021neural,
  title={Neural Contextual Bandits without Regret},
  author={Kassraie, Parnian and Krause, Andreas},
  booktitle={Proc. AISTATS}, 
  pages={240--278},
  year={2022}
}
@article{JCSS12_yue2012k,
  title={The k-armed dueling bandits problem},
  author={Yue, Yisong and Broder, Josef and Kleinberg, Robert and Joachims, Thorsten},
  journal={Journal of Computer and System Sciences},
  pages={1538--1556},
  year={2012}
}
@inproceedings{NeurIPS21_saha2021optimal,
  title={Optimal Algorithms for Stochastic Contextual Preference Bandits},
  author={Saha, Aadirupa},
  booktitle={Proc. NeurIPS},
  pages={30050--30062},
  year={2021}
}
@inproceedings{ICML22_bengs2022stochastic,
  title={Stochastic Contextual Dueling Bandits under Linear Stochastic Transitivity Models},
  author={Bengs, Viktor and Saha, Aadirupa and H{\"u}llermeier, Eyke},
  booktitle={Proc. ICML},
  pages={1764--1786},
  year={2022}
}
@inproceedings{ALT22_saha2022efficient,
  title={Efficient and optimal algorithms for contextual dueling bandits under realizability},
  author={Saha, Aadirupa and Krishnamurthy, Akshay},
  booktitle={Proc. ALT},
  pages={968--994},
  year={2022}
}
@article{arXiv24_li2024feelgood,
    title={Feel-Good Thompson Sampling for Contextual Dueling Bandits}, 
    author={Xuheng Li and Heyang Zhao and Quanquan Gu},
    journal={arXiv:2404.06013},
    year={2024}
}
@article{AS04_hunter2004mm,
  title={MM Algorithms for Generalized Bradley-Terry Models},
  author={Hunter, David R},
  journal={Annals of Statistics},
  pages={384--406},
  year={2004},
  publisher={Institute of Mathematical Statistics}
}
@book{Book_luce2005individual,
  title={Individual choice behavior: A theoretical analysis},
  author={Luce, R Duncan},
  year={2005},
  publisher={Courier Corporation}
}
@inproceedings{ICML17_li2017provably,
    title={Provably Optimal Algorithms for Generalized Linear Contextual Bandits},
    author={Li, Lihong and Lu, Yu and Zhou, Dengyong},
    booktitle={Proc. ICML},
    pages={2071--2080},
    year={2017}
}
@inproceedings{jacot2018neural,
  title={Neural tangent kernel: Convergence and generalization in neural networks},
  author={Jacot, Arthur and Gabriel, Franck and Hongler, Cl{\'e}ment},
 booktitle={Proc. {NeurIPS}},
  year={2018}
}
@inproceedings{ICML09_yue2009interactively,
  title={Interactively optimizing information retrieval systems as a dueling bandits problem},
  author={Yue, Yisong and Joachims, Thorsten},
  booktitle={Proc. ICML},
  pages={1201--1208},
  year={2009}
}
@inproceedings{ICML11_yue2011beat,
  title={Beat the mean bandit},
  author={Yue, Yisong and Joachims, Thorsten},
  booktitle={Proc. ICML},
  pages={241--248},
  year={2011}
}
@inproceedings{WSDM14_zoghi2014relative,
  title={Relative confidence sampling for efficient on-line ranker evaluation},
  author={Zoghi, Masrour and Whiteson, Shimon A and De Rijke, Maarten and Munos, Remi},
  booktitle={Proc. WSDM},
  pages={73--82},
  year={2014}
}
@inproceedings{ICML14_ailon2014reducing,
  title={Reducing dueling bandits to cardinal bandits},
  author={Ailon, Nir and Karnin, Zohar and Joachims, Thorsten},
  booktitle={Proc. ICML},
  pages={856--864},
  year={2014}
}
@inproceedings{ICML14_zoghi2014relative,
  title={Relative upper confidence bound for the k-armed dueling bandit problem},
  author={Zoghi, Masrour and Whiteson, Shimon and Munos, Remi and Rijke, Maarten},
  booktitle={Proc. ICML},
  pages={10--18},
  year={2014}
}
@inproceedings{COLT15_komiyama2015regret,
  title={Regret lower bound and optimal algorithm in dueling bandit problem},
  author={Komiyama, Junpei and Honda, Junya and Kashima, Hisashi and Nakagawa, Hiroshi},
  booktitle={Proc. COLT},
  pages={1141--1154},
  year={2015}
}
@inproceedings{ICML15_gajane2015relative,
  title={A relative exponential weighing algorithm for adversarial utility-based dueling bandits},
  author={Gajane, Pratik and Urvoy, Tanguy and Cl{\'e}rot, Fabrice},
  booktitle={Proc. ICML},
  pages={218--227},
  year={2015}
}
@inproceedings{UAI18_saha2018battle,
  title={Battle of Bandits},
  author={Saha, Aadirupa and Gopalan, Aditya},
  booktitle={Proc. UAI},
  pages={805--814},
  year={2018}
}
@inproceedings{AISTATS19_saha2019active,
  title={Active ranking with subset-wise preferences},
  author={Saha, Aadirupa and Gopalan, Aditya},
  booktitle={Proc. AISTATS},
  pages={3312--3321},
  year={2019}
}
@inproceedings{ALT19_saha2019pac,
  title={PAC battling bandits in the plackett-luce model},
  author={Saha, Aadirupa and Gopalan, Aditya},
  booktitle={Proc. ALT},
  pages={700--737},
  year={2019}
}
@inproceedings{NeurIPS19_saha2019combinatorial,
  title={Combinatorial bandits with relative feedback},
  author={Saha, Aadirupa and Gopalan, Aditya},
  booktitle={Proc. NeurIPS},
  pages={985--995},
  year={2019}
}
@inproceedings{AISTATS22_saha2022exploiting,
  title={Exploiting correlation to achieve faster learning rates in low-rank preference bandits},
  author={Saha, Aadirupa and Ghoshal, Suprovat},
  booktitle={Proc. AISTATS},
  pages={456--482},
  year={2022}
}
@inproceedings{ICML23_zhu2023principled,
  title={Principled reinforcement learning with human feedback from pairwise or k-wise comparisons},
  author={Zhu, Banghua and Jordan, Michael and Jiao, Jiantao},
  booktitle={Proc. ICML},
  pages={43037--43067},
  year={2023}
}
@article{arXiv23_di2023variance,
  title={Variance-Aware Regret Bounds for Stochastic Contextual Dueling Bandits},
  author={Di, Qiwei and Jin, Tao and Wu, Yue and Zhao, Heyang and Farnoud, Farzad and Gu, Quanquan},
  journal={arXiv:2310.00968},
  year={2023}
}
@TechReport{xu2020neural,
  title={Neural contextual bandits with deep representation and shallow exploration},
  author={Xu, Pan and Wen, Zheng and Zhao, Handong and Gu, Quanquan},
  type={{arXiv}:2012.01780},
  year={2020}
}
@inproceedings{lisicki2021empirical,
  title={An Empirical Study of Neural Kernel Bandits},
  author={Lisicki, Michal and Afkanpour, Arash and Taylor, Graham W},
  booktitle={NeurIPS Workshop on Bayesian Deep Learning},
  year={2021}
}
@inproceedings{nabati2021online,
  title={Online Limited Memory Neural-Linear Bandits with Likelihood Matching},
  author={Nabati, Ofir and Zahavy, Tom and Mannor, Shie},
  booktitle={Proc. {ICML}},
  year={2021}
}
@TechReport{gu2021batched,
  title={Batched Neural Bandits},
  author={Gu, Quanquan and Karbasi, Amin and Khosravi, Khashayar and Mirrokni, Vahab and Zhou, Dongruo},
  type={{arXiv}:2102.13028},
  year={2021}
}
@inproceedings{ban2021ee,
  title={EE-Net: Exploitation-Exploration Neural Networks in Contextual Bandits},
  author={Ban, Yikun and Yan, Yuchen and Banerjee, Arindam and He, Jingrui},
  booktitle={Proc. ICLR},
  year={2022}
}
@inproceedings{jia2021learning,
  title={Learning Neural Contextual Bandits through Perturbed Rewards},
  author={Jia, Yiling and Zhang, Weitong and Zhou, Dongruo and Gu, Quanquan and Wang, Hongning},
  booktitle={Proc. ICLR},
  year={2021}
}
@TechReport{ban2021convolutional,
  title={Convolutional neural bandit: Provable algorithm for visual-aware advertising},
  author={Ban, Yikun and He, Jingrui},
  type={{arXiv}:2107.07438},
  year={2021}
}
@inproceedings{nguyen2021offline,
  title={Offline Neural Contextual Bandits: Pessimism, Optimization and Generalization},
  author={Nguyen-Tang, Thanh and Gupta, Sunil and Nguyen, A Tuan and Venkatesh, Svetha},
  booktitle={Proc. ICLR},
  year={2022}
}
@inproceedings{zhu2021pure,
  title={Pure exploration in kernel and neural bandits},
  author={Zhu, Yinglun and Zhou, Dongruo and Jiang, Ruoxi and Gu, Quanquan and Willett, Rebecca and Nowak, Robert},
  booktitle={Proc. {NeurIPS}},
  volume={34},
  pages={11618--11630},
  year={2021}
}
@inproceedings{kassraie2022graph,
  title={Graph Neural Network Bandits},
  author={Kassraie, Parnian and Krause, Andreas and Bogunovic, Ilija},
  booktitle={Proc. {NeurIPS}},
  year={2022}
}
@TechReport{salgia2022provably,
  title={Provably and Practically Efficient Neural Contextual Bandits},
  author={Salgia, Sudeep and Vakili, Sattar and Zhao, Qing},
  type={{arXiv}:2206.00099},
  year={2022}
}
@inproceedings{dai2022sample,
  title={Sample-then-optimize batch neural {Thompson} sampling},
  author={Dai, Zhongxiang and Shu, Yao and Low, Bryan Kian Hsiang and Jaillet, Patrick},
  booktitle={Proc. {NeurIPS}},
  year={2022}
}
@inproceedings{ban2024meta,
  title={Meta clustering of neural bandits},
  author={Ban, Yikun and Qi, Yunzhe and Wei, Tianxin and Liu, Lihui and He, Jingrui},
  booktitle={Proceedings of the 30th ACM SIGKDD Conference on Knowledge Discovery and Data Mining},
  pages={95--106},
  year={2024}
}
@article{lin2024prompt,
  title={Prompt Optimization with Human Feedback},
  author={Lin, Xiaoqiang and Dai, Zhongxiang and Verma, Arun and Ng, See-Kiong and Jaillet, Patrick and Low, Bryan Kian Hsiang},
  journal={arXiv preprint arXiv:2405.17346},
  year={2024}
}
@inproceedings{lin2023instinct,
      title={Use Your {INSTINCT}: INSTruction optimization usIng Neural bandits Coupled with Transformers}, 
      author={Xiaoqiang Lin and Zhaoxuan Wu and Zhongxiang Dai and Wenyang Hu and Yao Shu and See-Kiong Ng and Patrick Jaillet and Bryan Kian Hsiang Low},
      year={2024},
      booktitle={Proc. ICML}
}


@inproceedings{hwang2023combinatorial,
  title={Combinatorial neural bandits},
  author={Hwang, Taehyun and Chai, Kyuwook and Oh, Min-hwan},
  booktitle={International Conference on Machine Learning},
  pages={14203--14236},
  year={2023},
  organization={PMLR}
}
@inproceedings{qi2023graph,
  title={Graph neural bandits},
  author={Qi, Yunzhe and Ban, Yikun and He, Jingrui},
  booktitle={Proceedings of the 29th ACM SIGKDD Conference on Knowledge Discovery and Data Mining},
  pages={1920--1931},
  year={2023}
}
@article{qi2024meta,
  title={Meta-learning with neural bandit scheduler},
  author={Qi, Yunzhe and Ban, Yikun and Wei, Tianxin and Zou, Jiaru and Yao, Huaxiu and He, Jingrui},
  journal={Advances in Neural Information Processing Systems},
  volume={36},
  year={2024}
}
