@inproceedings{10.5555/3367243.3367445,
author = {Li, Shuai and Chen, Wei and Li, Shuai and Leung, Kwong-Sak},
title = {Improved Algorithm on Online Clustering of Bandits},
year = {2019},
isbn = {9780999241141},
publisher = {AAAI Press},
abstract = {We generalize the setting of online clustering of bandits by allowing non-uniform distribution over user frequencies. A more efficient algorithm is proposed with simple set structures to represent clusters. We prove a regret bound for the new algorithm which is free of the minimal frequency over users. The experiments on both synthetic and real datasets consistently show the advantage of the new algorithm over existing methods.},
booktitle = {Proceedings of the 28th International Joint Conference on Artificial Intelligence},
pages = {2923â€“2929},
numpages = {7},
location = {Macao, China},
series = {IJCAI'19}
}

@inproceedings{AISTATS19_saha2019active,
  title={Active ranking with subset-wise preferences},
  author={Saha, Aadirupa and Gopalan, Aditya},
  booktitle={Proc. AISTATS},
  pages={3312--3321},
  year={2019}
}

@inproceedings{AISTATS22_saha2022exploiting,
  title={Exploiting correlation to achieve faster learning rates in low-rank preference bandits},
  author={Saha, Aadirupa and Ghoshal, Suprovat},
  booktitle={Proc. AISTATS},
  pages={456--482},
  year={2022}
}

@inproceedings{ALT19_saha2019pac,
  title={PAC battling bandits in the plackett-luce model},
  author={Saha, Aadirupa and Gopalan, Aditya},
  booktitle={Proc. ALT},
  pages={700--737},
  year={2019}
}

@inproceedings{ALT22_saha2022efficient,
  title={Efficient and optimal algorithms for contextual dueling bandits under realizability},
  author={Saha, Aadirupa and Krishnamurthy, Akshay},
  booktitle={Proc. ALT},
  pages={968--994},
  year={2022}
}

@inproceedings{COLT15_komiyama2015regret,
  title={Regret lower bound and optimal algorithm in dueling bandit problem},
  author={Komiyama, Junpei and Honda, Junya and Kashima, Hisashi and Nakagawa, Hiroshi},
  booktitle={Proc. COLT},
  pages={1141--1154},
  year={2015}
}

@inproceedings{ICML09_yue2009interactively,
  title={Interactively optimizing information retrieval systems as a dueling bandits problem},
  author={Yue, Yisong and Joachims, Thorsten},
  booktitle={Proc. ICML},
  pages={1201--1208},
  year={2009}
}

@inproceedings{ICML11_yue2011beat,
  title={Beat the mean bandit},
  author={Yue, Yisong and Joachims, Thorsten},
  booktitle={Proc. ICML},
  pages={241--248},
  year={2011}
}

@inproceedings{ICML14_ailon2014reducing,
  title={Reducing dueling bandits to cardinal bandits},
  author={Ailon, Nir and Karnin, Zohar and Joachims, Thorsten},
  booktitle={Proc. ICML},
  pages={856--864},
  year={2014}
}

@inproceedings{ICML14_zoghi2014relative,
  title={Relative upper confidence bound for the k-armed dueling bandit problem},
  author={Zoghi, Masrour and Whiteson, Shimon and Munos, Remi and Rijke, Maarten},
  booktitle={Proc. ICML},
  pages={10--18},
  year={2014}
}

@inproceedings{ICML15_gajane2015relative,
  title={A relative exponential weighing algorithm for adversarial utility-based dueling bandits},
  author={Gajane, Pratik and Urvoy, Tanguy and Cl{\'e}rot, Fabrice},
  booktitle={Proc. ICML},
  pages={218--227},
  year={2015}
}

@inproceedings{ICML22_bengs2022stochastic,
  title={Stochastic Contextual Dueling Bandits under Linear Stochastic Transitivity Models},
  author={Bengs, Viktor and Saha, Aadirupa and H{\"u}llermeier, Eyke},
  booktitle={Proc. ICML},
  pages={1764--1786},
  year={2022}
}

@inproceedings{ICML23_zhu2023principled,
  title={Principled reinforcement learning with human feedback from pairwise or k-wise comparisons},
  author={Zhu, Banghua and Jordan, Michael and Jiao, Jiantao},
  booktitle={Proc. ICML},
  pages={43037--43067},
  year={2023}
}

@article{JCSS12_yue2012k,
  title={The k-armed dueling bandits problem},
  author={Yue, Yisong and Broder, Josef and Kleinberg, Robert and Joachims, Thorsten},
  journal={Journal of Computer and System Sciences},
  pages={1538--1556},
  year={2012}
}

@inproceedings{NeurIPS21_saha2021optimal,
  title={Optimal Algorithms for Stochastic Contextual Preference Bandits},
  author={Saha, Aadirupa},
  booktitle={Proc. NeurIPS},
  pages={30050--30062},
  year={2021}
}

@inproceedings{UAI18_saha2018battle,
  title={Battle of Bandits},
  author={Saha, Aadirupa and Gopalan, Aditya},
  booktitle={Proc. UAI},
  pages={805--814},
  year={2018}
}

@inproceedings{WSDM14_zoghi2014relative,
  title={Relative confidence sampling for efficient on-line ranker evaluation},
  author={Zoghi, Masrour and Whiteson, Shimon A and De Rijke, Maarten and Munos, Remi},
  booktitle={Proc. WSDM},
  pages={73--82},
  year={2014}
}

@article{arXiv23_di2023variance,
  title={Variance-Aware Regret Bounds for Stochastic Contextual Dueling Bandits},
  author={Di, Qiwei and Jin, Tao and Wu, Yue and Zhao, Heyang and Farnoud, Farzad and Gu, Quanquan},
  journal={arXiv:2310.00968},
  year={2023}
}

@article{arXiv24_li2024feelgood,
    title={Feel-Good Thompson Sampling for Contextual Dueling Bandits}, 
    author={Xuheng Li and Heyang Zhao and Quanquan Gu},
    journal={arXiv:2404.06013},
    year={2024}
}

@TechReport{ban2021convolutional,
  title={Convolutional neural bandit: Provable algorithm for visual-aware advertising},
  author={Ban, Yikun and He, Jingrui},
  type={{arXiv}:2107.07438},
  year={2021}
}

@inproceedings{ban2021ee,
  title={EE-Net: Exploitation-Exploration Neural Networks in Contextual Bandits},
  author={Ban, Yikun and Yan, Yuchen and Banerjee, Arindam and He, Jingrui},
  booktitle={Proc. ICLR},
  year={2022}
}

@inproceedings{ban2024meta,
  title={Meta clustering of neural bandits},
  author={Ban, Yikun and Qi, Yunzhe and Wei, Tianxin and Liu, Lihui and He, Jingrui},
  booktitle={Proceedings of the 30th ACM SIGKDD Conference on Knowledge Discovery and Data Mining},
  pages={95--106},
  year={2024}
}

@inproceedings{dai2022sample,
  title={Sample-then-optimize batch neural {Thompson} sampling},
  author={Dai, Zhongxiang and Shu, Yao and Low, Bryan Kian Hsiang and Jaillet, Patrick},
  booktitle={Proc. {NeurIPS}},
  year={2022}
}

@inproceedings{gentile2014online,
  title={Online clustering of bandits},
  author={Gentile, Claudio and Li, Shuai and Zappella, Giovanni},
  booktitle={International Conference on Machine Learning},
  pages={757--765},
  year={2014},
  organization={PMLR}
}

@TechReport{gu2021batched,
  title={Batched Neural Bandits},
  author={Gu, Quanquan and Karbasi, Amin and Khosravi, Khashayar and Mirrokni, Vahab and Zhou, Dongruo},
  type={{arXiv}:2102.13028},
  year={2021}
}

@inproceedings{hwang2023combinatorial,
  title={Combinatorial neural bandits},
  author={Hwang, Taehyun and Chai, Kyuwook and Oh, Min-hwan},
  booktitle={International Conference on Machine Learning},
  pages={14203--14236},
  year={2023},
  organization={PMLR}
}

@inproceedings{jia2021learning,
  title={Learning Neural Contextual Bandits through Perturbed Rewards},
  author={Jia, Yiling and Zhang, Weitong and Zhou, Dongruo and Gu, Quanquan and Wang, Hongning},
  booktitle={Proc. ICLR},
  year={2021}
}

@inproceedings{kassraie2021neural,
  title={Neural Contextual Bandits without Regret},
  author={Kassraie, Parnian and Krause, Andreas},
  booktitle={Proc. AISTATS}, 
  pages={240--278},
  year={2022}
}

@inproceedings{kassraie2022graph,
  title={Graph Neural Network Bandits},
  author={Kassraie, Parnian and Krause, Andreas and Bogunovic, Ilija},
  booktitle={Proc. {NeurIPS}},
  year={2022}
}

@inproceedings{li2016collaborative,
  title={Collaborative filtering bandits},
  author={Li, Shuai and Karatzoglou, Alexandros and Gentile, Claudio},
  booktitle={Proceedings of the 39th International ACM SIGIR conference on Research and Development in Information Retrieval},
  pages={539--548},
  year={2016}
}

@inproceedings{li2018online,
  title={Online clustering of contextual cascading bandits},
  author={Li, Shuai and Zhang, Shengyu},
  booktitle={Proceedings of the AAAI Conference on Artificial Intelligence},
  volume={32},
  number={1},
  year={2018}
}

@inproceedings{lisicki2021empirical,
  title={An Empirical Study of Neural Kernel Bandits},
  author={Lisicki, Michal and Afkanpour, Arash and Taylor, Graham W},
  booktitle={NeurIPS Workshop on Bayesian Deep Learning},
  year={2021}
}

@inproceedings{liu2022federated,
  title={Federated Online Clustering of Bandits},
  author={Liu, Xutong and Zhao, Haoru and Yu, Tong and Li, Shuai and Lui, John},
  booktitle={The 38th Conference on Uncertainty in Artificial Intelligence},
  year={2022}
}

@inproceedings{nabati2021online,
  title={Online Limited Memory Neural-Linear Bandits with Likelihood Matching},
  author={Nabati, Ofir and Zahavy, Tom and Mannor, Shie},
  booktitle={Proc. {ICML}},
  year={2021}
}

@inproceedings{nguyen2021offline,
  title={Offline Neural Contextual Bandits: Pessimism, Optimization and Generalization},
  author={Nguyen-Tang, Thanh and Gupta, Sunil and Nguyen, A Tuan and Venkatesh, Svetha},
  booktitle={Proc. ICLR},
  year={2022}
}

@inproceedings{qi2023graph,
  title={Graph neural bandits},
  author={Qi, Yunzhe and Ban, Yikun and He, Jingrui},
  booktitle={Proceedings of the 29th ACM SIGKDD Conference on Knowledge Discovery and Data Mining},
  pages={1920--1931},
  year={2023}
}

@article{qi2024meta,
  title={Meta-learning with neural bandit scheduler},
  author={Qi, Yunzhe and Ban, Yikun and Wei, Tianxin and Zou, Jiaru and Yao, Huaxiu and He, Jingrui},
  journal={Advances in Neural Information Processing Systems},
  volume={36},
  year={2024}
}

@TechReport{salgia2022provably,
  title={Provably and Practically Efficient Neural Contextual Bandits},
  author={Salgia, Sudeep and Vakili, Sattar and Zhao, Qing},
  type={{arXiv}:2206.00099},
  year={2022}
}

@article{verma2024neural,
  title={Neural dueling bandits},
  author={Verma, Arun and Dai, Zhongxiang and Lin, Xiaoqiang and Jaillet, Patrick and Low, Bryan Kian Hsiang},
  journal={arXiv preprint arXiv:2407.17112},
  year={2024}
}

@article{wang2024onlinea,
  title={Online clustering of bandits with misspecified user models},
  author={Wang, Zhiyong and Xie, Jize and Liu, Xutong and Li, Shuai and Lui, John},
  journal={Advances in Neural Information Processing Systems},
  volume={36},
  year={2024}
}

@article{wang2024onlineb,
  title={Online corrupted user detection and regret minimization},
  author={Wang, Zhiyong and Xie, Jize and Yu, Tong and Li, Shuai and Lui, John},
  journal={Advances in Neural Information Processing Systems},
  volume={36},
  year={2024}
}

@TechReport{xu2020neural,
  title={Neural contextual bandits with deep representation and shallow exploration},
  author={Xu, Pan and Wen, Zheng and Zhao, Handong and Gu, Quanquan},
  type={{arXiv}:2012.01780},
  year={2020}
}

@inproceedings{zhang2020neural,
  title={Neural {Thompson} sampling},
  author={Zhang, Weitong and Zhou, Dongruo and Li, Lihong and Gu, Quanquan},
  booktitle={Proc. ICLR},
  year={2021}
}

@inproceedings{zhou2020neural,
  title={Neural contextual bandits with {UCB}-based exploration},
  author={Zhou, Dongruo and Li, Lihong and Gu, Quanquan},
  booktitle={Proc. ICML},
  pages={11492--11502},
  year={2020}
}

@inproceedings{zhu2021pure,
  title={Pure exploration in kernel and neural bandits},
  author={Zhu, Yinglun and Zhou, Dongruo and Jiang, Ruoxi and Gu, Quanquan and Willett, Rebecca and Nowak, Robert},
  booktitle={Proc. {NeurIPS}},
  volume={34},
  pages={11618--11630},
  year={2021}
}

