@article{yu2024hinf-npv,
  title={$H_\infty$ output tracking control for polynomial parameter-varying systems via homogeneous Lyapunov methods},
  author={Yu, Lianchen and Zeng, Jianping and Sun, Hongfei},
  journal={Journal of the Franklin Institute},
  volume={361},
  number={10},
  pages={106856},
  year={2024},
  publisher={}
}

@article{fu2019exponential-npv,
  title={Exponential stabilisation of nonlinear parameter-varying systems with applications to conversion flight control of a tilt rotor aircraft},
  author={Fu, Rong and Sun, Hongfei and Zeng, Jianping},
  journal={International Journal of Control},
  volume={92},
  number={11},
  pages={2473--2483},
  year={2019},
  publisher={}
}


@article{lu2020domain-npv,
  title={On the domain of attraction and local stabilization of nonlinear parameter-varying systems},
  author={Lu, Linhong and Fu, Rong and Zeng, Jianping and Duan, Zhisheng},
  journal={Int. J. Robust Nonlinear Control},
  volume={30},
  number={1},
  pages={17--32},
  year={2020},
  publisher={}
}

@article{freeman1996inverse-clf,
  title={Inverse optimality in robust stabilization},
  author={Freeman, Randy A and Kokotovic, Petar V},
  journal={SIAM journal on control and optimization},
  volume={34},
  number={4},
  pages={1365--1391},
  year={1996},
  publisher={SIAM}
}
@article{fu2018hinf-npv,
  title={{$H_\infty$} mixed stabilization of nonlinear parameter-varying systems},
  author={Fu, Rong and Zeng, Jianping and Duan, Zhisheng},
  journal={International Journal of Robust and Nonlinear Control},
  volume={28},
  number={17},
  pages={5232--5246},
  year={2018},
  publisher={Wiley Online Library}
}

@misc{tedrake2024underactuated-robotics,
  title={Underactuated robotics: {Algorithms} for Walking, Running, Swimming, Flying, and Manipulation},
  author={Tedrake, Russ},
  howpublished = {\url{https://underactuated.csail.mit.edu/index.html}},
  year={2024}
}

@inproceedings{freeman1996control-clf,
  title={Control {Lyapunov} functions: {New} ideas from an old source},
  author={Freeman, Randy A and Primbs, James A},
  booktitle={Proceedings of 35th IEEE conference on decision and control},
  volume={4},
  pages={3926--3931},
  year={1996},
  organization={IEEE}
}

@article{jiang2009stabilization-ntv-clf,
  title={Stabilization of nonlinear time-varying systems: a control {Lyapunov} function approach},
  author={Jiang, Zhongping and Lin, Yuandan and Wang, Yuan},
  journal={Journal of Systems Science and Complexity},
  volume={22},
  number={4},
  pages={683--696},
  year={2009},
  publisher={Springer}
}

@article{zhao2025parameter-pd-clf,
  title={Parameter-Dependent Control {Lyapunov Functions} for Stabilizing Nonlinear Parameter-Varying Systems},
  author={Zhao, Pan},
  journal={arXiv preprint arXiv:2502.06770},
  year={2025}
}

@article{jankovic1999clf-robustness,
  title={{CLF} based designs with robustness to dynamic input uncertainties},
  author={Jankovic, Mrdjan and Sepulchre, Rodolphe and Kokotovic, Petar V},
  journal={Systems \& Control Letters},
  volume={37},
  number={1},
  pages={45--54},
  year={1999},
  publisher={Elsevier}
}