@InProceedings{Lin24Parrot,
author="Lin, Yiqi
and He, Conghui
and Wang, Alex Jinpeng
and Wang, Bin
and Li, Weijia
and Shou, Mike Zheng",
editor="Leonardis, Ale{\v{s}}
and Ricci, Elisa
and Roth, Stefan
and Russakovsky, Olga
and Sattler, Torsten
and Varol, G{\"u}l",
title="Parrot Captions Teach {CLIP} to Spot Text",
booktitle="Proceedings of the European Conference on Computer Vision",
year="2024",
}

%pages = {581–585},
@inproceedings{Tahmasebi23FakeNews,
author = {Tahmasebi, Sahar and Hakimov, Sherzod and Ewerth, Ralph and M\"{u}ller-Budack, Eric},
title = {Improving Generalization for Multimodal Fake News Detection},
year = {2023},
booktitle = {Proceedings of the ACM International Conference on Multimedia Retrieval},
}

@article{Zhang24OutAds,
author={Zhang, Haiyan and Ding, Zheng and Sharid Kayes Dipu, Md and Lv, Pinrong and Huang, Yuxue and Suleiman Abdullahi, Hauwa and Zhang, Ao and Song, Zhaoyu and Wang, Yuanyuan},
journal={IEEE Access}, 
title={Identification of Illegal Outdoor Advertisements Based on {CLIP} Fine-Tuning and {OCR} Technology}, 
year={2024},
volume={12},
pages={92976-92987}
}


pages={325-332}
@inproceedings{Bogdoll22RoadObjects,
author={Bogdoll, Daniel and Eisen, Enrico and Nitsche, Maximilian and Scheib, Christin and Zöllner, J. Marius},
booktitle={Proceedings of the IEEE International Conference on Systems, Man, and Cybernetics}, 
title={Multimodal Detection of Unknown Objects on Roads for Autonomous Driving}, 
year = {2022}
}

 
@inproceedings{Gonzalez-Pizarro23hateful,
    author = {González-Pizarro, Felipe and Zannettou, Savvas},
    title = {Understanding and Detecting Hateful Content Using Contrastive Learning}, 
    booktitle = {Proceedings of the International AAAI Conference on Web and Social Media} ,
    year = {2023} 
}

@inproceedings{clip,
  title={Learning transferable visual models from natural language supervision},
  author={Radford, Alec and Kim, Jong Wook and Hallacy, Chris and Ramesh, Aditya and Goh, Gabriel and Agarwal, Sandhini and Sastry, Girish and Askell, Amanda and Mishkin, Pamela and Clark, Jack and others},
  booktitle={Proceedings of the International Conference on Machine Learning},
  year={2021},
}
%pages={8748--8763},

@article{multi_neurons,
  author = {Goh, Gabriel and †, Nick Cammarata and †, Chelsea Voss and Carter, Shan and Petrov, Michael and Schubert, Ludwig and Radford, Alec and Olah, Chris},
  title = {Multimodal Neurons in Artificial Neural Networks},
  journal = {Distill},
  year = {2021},
  note = {https://distill.pub/2021/multimodal-neurons},
  doi = {10.23915/distill.00030}
}

@inproceedings{typo_mllms,
    author = {Cheng, Hao and Xiao, Erjia and Xu, Renjing},
    title = {Unveiling Typographic Deceptions: Insights of the Typographic Vulnerability in Large Vision-Language Models},
    booktitle = {Proceedings of the European Conference on Computer Vision} ,
    year = {2024}
}

@article{auto_driving,
  title={Towards Transferable Attacks Against Vision-LLMs in Autonomous Driving with Typography},
  author={Chung, Nhat and Gao, Sensen and Vu, Tuan-Anh and Zhang, Jie and Liu, Aishan and Lin, Yun and Dong, Jin Song and Guo, Qing},
  journal={arXiv preprint arXiv:2405.14169},
  year={2024}
}

@article{mllms_survey,
  title={A survey on multimodal large language models},
  author={Yin, Shukang and Fu, Chaoyou and Zhao, Sirui and Li, Ke and Sun, Xing and Xu, Tong and Chen, Enhong},
  journal={arXiv preprint arXiv:2306.13549},
  year={2023}
}


@inproceedings{dai2023instructblip,
title={Instruct{BLIP}: Towards General-purpose Vision-Language Models with Instruction Tuning},
author={Wenliang Dai and Junnan Li and Dongxu Li and Anthony Tiong and Junqi Zhao and Weisheng Wang and Boyang Li and Pascale Fung and Steven Hoi},
booktitle={Advances in Neural Information Processing Systems},
volume = {36},
year={2023},
pages = {49250–49267}
}


@article{minigpt4,
  title={Minigpt-4: Enhancing vision-language understanding with advanced large language models},
  author={Zhu, Deyao and Chen, Jun and Shen, Xiaoqian and Li, Xiang and Elhoseiny, Mohamed},
  journal={arXiv preprint arXiv:2304.10592},
  year={2023}
}

@inproceedings{llava,
    author = {Liu, Haotian and Li, Chunyuan and Wu, Qingyang and Lee, Yong Jae}, 
    title = {Visual instruction tuning},
    booktitle = {Advances in Neural Information Processing Systems},
    year = {2024},
    volume = {36},
    pages = {34892–34916}
}

@inproceedings{self_typo,
  title={Vision-LLMs Can Fool Themselves with Self-Generated Typographic Attacks},
  author={Qraitem, Maan and Tasnim, Nazia and Saenko, Kate and Plummer, Bryan A},
  booktitle={Advances in Neural Information Processing Systems, Workshop on Multimodal Algorithmic Reasoning},
  year={2024}
}

@article{imagenet,
Author = {Olga Russakovsky and Jia Deng and Hao Su and Jonathan Krause and Sanjeev Satheesh and Sean Ma and Zhiheng Huang and Andrej Karpathy and Aditya Khosla and Michael Bernstein and Alexander C. Berg and Li Fei-Fei},
Title = {{ImageNet Large Scale Visual Recognition Challenge}},
Year = {2015},
journal   = {International Journal of Computer Vision},
volume={115},
number={3},
pages={211-252}
}

@inproceedings{open_clip,
  title={Reproducible scaling laws for contrastive language-image learning},
  author={Cherti, Mehdi and Beaumont, Romain and Wightman, Ross and Wortsman, Mitchell and Ilharco, Gabriel and Gordon, Cade and Schuhmann, Christoph and Schmidt, Ludwig and Jitsev, Jenia},
  booktitle={Proceedings of the IEEE Conference on Computer Vision and Pattern Recognition},
 
  year={2023}
}
%pages={2818--2829},
@inproceedings{image_selection,
  title={Selection of Source Images Heavily Influences the Effectiveness of Adversarial Attacks},
  author={Ozbulak, Utku and Anzaku, Esla Timothy and De Neve, Wesley and Van Messem, Arnout},
  booktitle={Proceedings of the British Machine Vision Conference},
  year={2021}
}

@inproceedings{adv_untargeted,
  title={Evaluating adversarial attacks on ImageNet: a reality check on misclassification classes},
  author={{\"O}zbulak, Utku and Pintor, Maura and Van Messem, Arnout and De Neve, Wesley},
  booktitle={Advances in Neural Information Processing Systems, Workshop on ImageNet: Past, Present, and Future},
  year={2021}
}

@inproceedings{figstep,
    author = {Gong, Yichen and Ran, Delong and Liu, Jinyuan and Wang, Conglei and Cong, Tianshuo and Wang, Anyu and Duan, Sisi and Wang, Xiaoyun},
    title = {{FigStep}: Jailbreaking large vision-language models via typographic visual prompts},
    booktitle = {Proceedings of the Association for the Advancement of Artificial Intelligence},
    year = {2025}
}

@inproceedings{jailbreakinpieces,
  title={Jailbreak in pieces: Compositional adversarial attacks on multi-modal language models},
  author={Shayegani, Erfan and Dong, Yue and Abu-Ghazaleh, Nael},
  booktitle={Proceedings of the International Conference on Learning Representations},
  year={2023}
}

@inproceedings{safetybench,
    author = {Liu, Xin and Zhu, Yichen and Lan, Yunshi and Yang, Chao and Qiao, Yu},
    title = {MM-SafetyBench: A Benchmark for Safety
     Evaluation of Multimodal Large Language Models},
    booktitle = {Proceedings of the European Conference on Computer Vision},
    year = {2024}
}

@article{adashield,
  title={Adashield: Safeguarding multimodal large language models from structure-based attack via adaptive shield prompting},
  author={Wang, Yu and Liu, Xiaogeng and Li, Yu and Chen, Muhao and Xiao, Chaowei},
  journal={arXiv preprint arXiv:2403.09513},
  year={2024}
}

@inproceedings{universal_attack,
    author = {Zhang, Chaoning and Benz, Philipp and Lin, Chenguo and Karjauv, Adil and Wu, Jing and Kweon, In So},
    title = {A survey on universal adversarial attack},
    booktitle = {Proceedings of International Joint Conference on Artificial Intelligence},
    year = {2021}
}

@inproceedings{pgd,
  title={Towards Deep Learning Models Resistant to Adversarial Attacks},
  author={Madry, Aleksander and Makelov, Aleksandar and Schmidt, Ludwig and Tsipras, Dimitris and Vladu, Adrian},
  booktitle={Proceedings of the International Conference on Learning Representations},
  year={2018}
}

@inproceedings{adv_clip,
  title={Towards adversarial attack on vision-language pre-training models},
  author={Zhang, Jiaming and Yi, Qi and Sang, Jitao},
  booktitle={Proceedings of the ACM International Conference on Multimedia},
  year={2022}
}
%pages={5005--5013},
@inproceedings{backdoor_clip1,
  title={Poisoning and Backdooring Contrastive Learning},
  author={Carlini, Nicholas and Terzis, Andreas},
  booktitle={Proceedings of the International Conference on Learning Representations},
  year={2022}
}

@inproceedings{backdoor_clip2,
  title={Badencoder: Backdoor attacks to pre-trained encoders in self-supervised learning},
  author={Jia, Jinyuan and Liu, Yupei and Gong, Neil Zhenqiang},
  booktitle={Proceedings of the IEEE Symposium on Security and Privacy},
 
  year={2022},
}
 %pages={2043--2059},
@inproceedings{face_recognition,
  title={Accessorize to a crime: Real and stealthy attacks on state-of-the-art face recognition},
  author={Sharif, Mahmood and Bhagavatula, Sruti and Bauer, Lujo and Reiter, Michael K},
  booktitle={Proceedings of the ACM Sigsac Conference on Computer and Communications Security},
  year={2016}
}
 %pages={1528--1540},
@inproceedings{sticky_auto,
  title={Robust physical-world attacks on deep learning visual classification},
  author={Eykholt, Kevin and Evtimov, Ivan and Fernandes, Earlence and Li, Bo and Rahmati, Amir and Xiao, Chaowei and Prakash, Atul and Kohno, Tadayoshi and Song, Dawn},
  booktitle={Proceedings of the IEEE Conference on Computer Vision and Pattern Recognition},
 
  year={2018}
}
 %pages={1625--1634},
@InProceedings{shadow_auto,
    author    = {Zhong, Yiqi and Liu, Xianming and Zhai, Deming and Jiang, Junjun and Ji, Xiangyang},
    title     = {Shadows Can Be Dangerous: Stealthy and Effective Physical-World Adversarial Attack by Natural Phenomenon},
    booktitle = {Proceedings of the IEEE Conference on Computer Vision and Pattern Recognition},
    year = {2022},
    
}
%pages     = {15345-15354}
@InProceedings{mi_fgsm,
author = {Dong, Yinpeng and Liao, Fangzhou and Pang, Tianyu and Su, Hang and Zhu, Jun and Hu, Xiaolin and Li, Jianguo},
title = {Boosting Adversarial Attacks With Momentum},
booktitle = {Proceedings of the IEEE Conference on Computer Vision and Pattern Recognition},
year = {2018}
}

@InProceedings{targeted_adv,
author = {Li, Maosen and Deng, Cheng and Li, Tengjiao and Yan, Junchi and Gao, Xinbo and Huang, Heng},
title = {Towards Transferable Targeted Attack},
booktitle = {Proceedings of the IEEE Conference on Computer Vision and Pattern Recognition},
year = {2020}
}

@inproceedings{lfgs,
    author = {Szegedy, Christian and Zaremba, Wojciech and Sutskever, Ilya and Bruna, Joan and Erhan, Dumitru and Goodfellow, Ian and Fergus, Rob},
    title = {Intriguing properties of neural networks},
    booktitle = {Proceedings of the International Conference on Learning Representations},
    year = {2014}
}

@INPROCEEDINGS{adv_irreverse,
  author={Li, Chau Yi and Shahin Shamsabadi, Ali and Sanchez-Matilla, Ricardo and Mazzon, Riccardo and Cavallaro, Andrea},
  booktitle={Proceddings of the IEEE International Conference on Acoustics, Speech and Signal Processing}, 
  title={Scene Privacy Protection}, 
  year={2019}
}

@inproceedings{disentangle,
  title={Disentangling visual and written concepts in {CLIP}},
  author={Materzy{\'n}ska, Joanna and Torralba, Antonio and Bau, David},
  booktitle={Proceedings of the IEEE Conference on Computer Vision and Pattern Recognition},
  year={2022}
}

@inproceedings{sandovalUnlearnable,
    author = {Sandoval-Segura, Pedro and Singla, Vasu and Geiping, Jonas and Goldblum, Micah and Goldstein, Tom},
    title = {What can we learn from unlearnable datasets?},
    booktitle = {Advances in Neural Information Processing Systems},
    year = {2023},
    volume = {36},
    pages = {75372–75391}
}

@inproceedings{sandoval2022poisons,
  title={Poisons that are learned faster are more effective},
  author={Sandoval-Segura, Pedro and Singla, Vasu and Fowl, Liam and Geiping, Jonas and Goldblum, Micah and Jacobs, David and Goldstein, Tom},
  booktitle={Proceedings of the IEEE Conference on Computer Vision and Pattern Recognition, Workshop on Art of Robustness},
  year={2022}
}

@inproceedings{sandoval2022autoregressive,
    author = {Sandoval-Segura, Pedro and Singla, Vasu and Geiping, Jonas and Goldblum, Micah and Goldstein, Tom and Jacobs, David},
    title = {Autoregressive perturbations for data poisoning},
    booktitle = {Advances in Neural Information Processing Systems},
    year = {2022},
    volume = {35},
    pages = {27374–27386}
}

@inproceedings{laion,
    author = {Schuhmann, Christoph and Beaumont, Romain and Vencu, Richard and Gordon, Cade and Wightman, Ross and Cherti, Mehdi and Coombes, Theo and Katta, Aarush and Mullis, Clayton and Wortsman, Mitchell and others},
    title ={{LAION-5B}: An open large-scale dataset for training next generation image-text models}, 
    booktitle = {Advances in Neural Information Processing Systems},
    year = {2022},
    volume={35},
    pages={25278--25294},
}

@inproceedings{TabacofExploring,
  author={Tabacof, Pedro and Valle, Eduardo},
  booktitle={Proceedings of the International Joint Conference on Neural Networks}, 
  title={Exploring the space of adversarial images}, 
  year={2016},
}

@inproceedings{narodytska2017simple,
  title={Simple Black-Box Adversarial Attacks on Deep Neural Networks.},
  author={Narodytska, Nina and Kasiviswanathan, Shiva Prasad},
  booktitle={Proceedings of the Conference on Computer Vision and Pattern Recognition Workshops},
  year={2017}
}

@inproceedings{moosavi2017universal,
  title={Universal adversarial perturbations},
  author={Moosavi-Dezfooli, Seyed-Mohsen and Fawzi, Alhussein and Fawzi, Omar and Frossard, Pascal},
  booktitle={Proceedings of the IEEE conference on Computer Vision and Pattern Recognition},
}

@article{ocrbench,
    title={OCRBench: on the hidden mystery of OCR in large multimodal models},
    volume={67},
    ISSN={1869-1919},
    number={12},
    journal={Science China Information Sciences},
    publisher={Springer Science and Business Media LLC},
    author={Liu, Yuliang and Li, Zhang and Huang, Mingxin and Yang, Biao and Yu, Wenwen and Li, Chunyuan and Yin, Xu-Cheng and Liu, Cheng-Lin and Jin, Lianwen and Bai, Xiang},
    year={2024},
    month=dec }


@article{noever2021reading,
  title={Reading Isn't Believing: Adversarial Attacks On Multi-Modal Neurons},
  author={Noever, David A and Noever, Samantha E Miller},
  journal={arXiv preprint arXiv:2103.10480},
  year={2021}
}

@inproceedings{azuma2023defense,
  title={Defense-Prefix for Preventing Typographic Attacks on CLIP},
  author={Azuma, Hiroki and Matsui, Yusuke},
  booktitle={Proceedings of the IEEE International Conference on Computer Vision, Workshop on Adversarial Robustness in the Real World},
  pages={3644--3653},
  year={2023}
}