@article{awasthi2021calibration,
  title={Calibration and consistency of adversarial surrogate losses},
  author={Awasthi, Pranjal and Frank, Natalie and Mao, Anqi and Mohri, Mehryar and Zhong, Yutao},
  journal={Advances in Neural Information Processing Systems},
  volume={34},
  pages={9804--9815},
  year={2021}
}

@article{awasthi2021finer,
  title={A finer calibration analysis for adversarial robustness},
  author={Awasthi, Pranjal and Mao, Anqi and Mohri, Mehryar and Zhong, Yutao},
  journal={arXiv preprint arXiv:2105.01550},
  year={2021}
}

@article{ben2003difficulty,
  title={On the difficulty of approximately maximizing agreements},
  author={Ben-David, Shai and Eiron, Nadav and Long, Philip M},
  journal={Journal of Computer and System Sciences},
  volume={66},
  number={3},
  pages={496--514},
  year={2003},
  publisher={Elsevier}
}

@article{guruswami2009hardness,
  title={Hardness of learning halfspaces with noise},
  author={Guruswami, Venkatesan and Raghavendra, Prasad},
  journal={SIAM Journal on Computing},
  volume={39},
  number={2},
  pages={742--765},
  year={2009},
  publisher={SIAM}
}

@article{kuznetsov2014multi,
  title={Multi-class deep boosting},
  author={Kuznetsov, Vitaly and Mohri, Mehryar and Syed, Umar},
  journal={Advances in Neural Information Processing Systems},
  volume={27},
  year={2014},
url={https://papers.nips.cc/paper_files/paper/2014/hash/7bb060764a818184ebb1cc0d43d382aa-Abstract.html}
}

