@InProceedings{Zhu_2015_ICCV,
    title = {Aligning Books and Movies: Towards Story-Like Visual Explanations by Watching Movies and Reading Books},
    author = {Zhu, Yukun and Kiros, Ryan and Zemel, Rich and Salakhutdinov, Ruslan and Urtasun, Raquel and Torralba, Antonio and Fidler, Sanja},
    booktitle = {The IEEE International Conference on Computer Vision (ICCV)},
    month = {December},
    year = {2015}
}

@inproceedings{babi,
  author    = {Jason Weston and
               Antoine Bordes and
               Sumit Chopra and
               Tom{\'{a}}s Mikolov},
  editor    = {Yoshua Bengio and
               Yann LeCun},
  title     = {Towards AI-Complete Question Answering: {A} Set of Prerequisite Toy
               Tasks},
  booktitle = {4th International Conference on Learning Representations, {ICLR} 2016,
               San Juan, Puerto Rico, May 2-4, 2016, Conference Track Proceedings},
  year      = {2016},
  url       = {http://arxiv.org/abs/1502.05698},
  timestamp = {Mon, 28 Dec 2020 11:31:02 +0100},
  biburl    = {https://dblp.org/rec/journals/corr/WestonBCM15.bib},
  bibsource = {dblp computer science bibliography, https://dblp.org}
}

@article{bai2024longbench,
  title={LongBench v2: Towards Deeper Understanding and Reasoning on Realistic Long-context Multitasks},
  author={Bai, Yushi and Tu, Shangqing and Zhang, Jiajie and Peng, Hao and Wang, Xiaozhi and Lv, Xin and Cao, Shulin and Xu, Jiazheng and Hou, Lei and Dong, Yuxiao and others},
  journal={arXiv preprint arXiv:2412.15204},
  year={2024}
}

@article{bowman2022quality,
  title={QuALITY: Question Answering with Long Input Texts, Yes!},
  author={Bowman, Samuel R and Chen, Angelica and He, He and Joshi, Nitish and Ma, Johnny and Nangia, Nikita and Padmakumar, Vishakh and Pang, Richard Yuanzhe and Parrish, Alicia and Phang, Jason and others},
  journal={NAACL 2022},
  year={2022}
}

@article{devlin2018bert,
  title={Bert: Pre-training of deep bidirectional transformers for language understanding},
  author={Devlin, Jacob and Chang, Ming-Wei and Lee, Kenton and Toutanova, Kristina},
  journal={arXiv preprint arXiv:1810.04805},
  year={2018}
}

@inproceedings{fld23,
  title={Learning deductive reasoning from synthetic corpus based on formal logic},
  author={Morishita, Terufumi and Morio, Gaku and Yamaguchi, Atsuki and Sogawa, Yasuhiro},
  booktitle={International Conference on Machine Learning},
  pages={25254--25274},
  year={2023},
  organization={PMLR}
}

@article{fragmentsaaai,
author = {Richardson, Kyle and Hu, Hai and Moss, Lawrence and Sabharwal, Ashish},
year = {2020},
month = {04},
pages = {8713-8721},
title = {Probing Natural Language Inference Models through Semantic Fragments},
volume = {34},
journal = {Proceedings of the AAAI Conference on Artificial Intelligence},
doi = {10.1609/aaai.v34i05.6397}
}

@inproceedings{helwe2022logitorch,
  title={LogiTorch: A PyTorch-based library for logical reasoning on natural language},
  author={Helwe, Chadi and Clavel, Chlo{\'e} and Suchanek, Fabian},
  booktitle={The 2022 Conference on Empirical Methods in Natural Language Processing: System Demonstrations},
  year={2022}
}

@inproceedings{jin2023cladder,
  title={Cladder: Assessing causal reasoning in language models},
  author={Jin, Zhijing and Chen, Yuen and Leeb, Felix and Gresele, Luigi and Kamal, Ojasv and Zhiheng, LYU and Blin, Kevin and Adauto, Fernando Gonzalez and Kleiman-Weiner, Max and Sachan, Mrinmaya and others},
  booktitle={Thirty-seventh conference on neural information processing systems},
  year={2023}
}

@misc{kamradt2023needlenih,
  author = {Kamradt, Greg},
  title = {LLMTest\_NeedleInAHaystack},
  year = {2023},
  url = {https://github.com/gkamradt/LLMTest_NeedleInAHaystack},
  note = {GitHub repository},
}

@article{kazemi2024boardgameqa,
  title={Boardgameqa: A dataset for natural language reasoning with contradictory information},
  author={Kazemi, Mehran and Yuan, Quan and Bhatia, Deepti and Kim, Najoung and Xu, Xin and Imbrasaite, Vaiva and Ramachandran, Deepak},
  journal={Advances in Neural Information Processing Systems},
  volume={36},
  year={2024}
}

@article{kuratov2024babilong,
  title={BABILong: Testing the Limits of LLMs with Long Context Reasoning-in-a-Haystack},
  author={Kuratov, Yuri and Bulatov, Aydar and Anokhin, Petr and Rodkin, Ivan and Sorokin, Dmitry and Sorokin, Artyom and Burtsev, Mikhail},
  journal={arXiv preprint arXiv:2406.10149},
  year={2024}
}

@article{levy2024same,
  title={Same task, more tokens: the impact of input length on the reasoning performance of large language models},
  author={Levy, Mosh and Jacoby, Alon and Goldberg, Yoav},
  journal={arXiv preprint arXiv:2402.14848},
  year={2024}
}

@article{li2024needlebench,
  title={NeedleBench: Can LLMs Do Retrieval and Reasoning in 1 Million Context Window?},
  author={Li, Mo and Zhang, Songyang and Liu, Yunxin and Chen, Kai},
  journal={arXiv preprint arXiv:2407.11963},
  year={2024}
}

@article{mohtashami2024random,
  title={Random-access infinite context length for transformers},
  author={Mohtashami, Amirkeivan and Jaggi, Martin},
  journal={Advances in Neural Information Processing Systems},
  volume={36},
  year={2024}
}

@inproceedings{olausson-etal-2023-linc,
    title = "{LINC}: A Neurosymbolic Approach for Logical Reasoning by Combining Language Models with First-Order Logic Provers",
    author = "Olausson, Theo  and
      Gu, Alex  and
      Lipkin, Ben  and
      Zhang, Cedegao  and
      Solar-Lezama, Armando  and
      Tenenbaum, Joshua  and
      Levy, Roger",
    editor = "Bouamor, Houda  and
      Pino, Juan  and
      Bali, Kalika",
    booktitle = "Proceedings of the 2023 Conference on Empirical Methods in Natural Language Processing",
    month = dec,
    year = "2023",
    address = "Singapore",
    publisher = "Association for Computational Linguistics",
    url = "https://aclanthology.org/2023.emnlp-main.313",
    doi = "10.18653/v1/2023.emnlp-main.313",
    pages = "5153--5176",
}

@inproceedings{richardson2022pushing,
  title={Pushing the limits of rule reasoning in transformers through natural language satisfiability},
  author={Richardson, Kyle and Sabharwal, Ashish},
  booktitle={Proceedings of the AAAI Conference on Artificial Intelligence},
  volume={36},
  pages={11209--11219},
  year={2022}
}

@inproceedings{ruletaker,
  title     = {Transformers as Soft Reasoners over Language},
  author    = {Clark, Peter and Tafjord, Oyvind and Richardson, Kyle},
  booktitle = {Proceedings of the Twenty-Ninth International Joint Conference on
               Artificial Intelligence, {IJCAI-20}},
  publisher = {International Joint Conferences on Artificial Intelligence Organization},
  editor    = {Christian Bessiere},
  pages     = {3882--3890},
  year      = {2020},
  month     = {7},
  note      = {Main track},
  doi       = {10.24963/ijcai.2020/537},
  url       = {https://doi.org/10.24963/ijcai.2020/537},
}

@inproceedings{sileo-lernould-2023-mindgames,
    title = "{M}ind{G}ames: Targeting Theory of Mind in Large Language Models with Dynamic Epistemic Modal Logic",
    author = "Sileo, Damien  and
      Lernould, Antoine",
    editor = "Bouamor, Houda  and
      Pino, Juan  and
      Bali, Kalika",
    booktitle = "Findings of the Association for Computational Linguistics: EMNLP 2023",
    month = dec,
    year = "2023",
    address = "Singapore",
    publisher = "Association for Computational Linguistics",
    url = "https://aclanthology.org/2023.findings-emnlp.303",
    doi = "10.18653/v1/2023.findings-emnlp.303",
    pages = "4570--4577",
}

@inproceedings{sileo2022probing,
    title = "Probing neural language models for understanding of words of estimative probability",
    author = "Sileo, Damien  and
      Moens, Marie-francine",
    editor = "Palmer, Alexis  and
      Camacho-collados, Jose",
    booktitle = "Proceedings of the 12th Joint Conference on Lexical and Computational Semantics (*SEM 2023)",
    month = jul,
    year = "2023",
    address = "Toronto, Canada",
    publisher = "Association for Computational Linguistics",
    url = "https://aclanthology.org/2023.starsem-1.41",
    doi = "10.18653/v1/2023.starsem-1.41",
    pages = "469--476",
}

@article{sileo2024attention,
  title={Attention Overflow: Language Model Input Blur during Long-Context Missing Items Recommendation},
  author={Sileo, Damien},
  journal={arXiv preprint arXiv:2407.13481},
  year={2024}
}

@inproceedings{sileo2024scaling,
    title = "Scaling Synthetic Logical Reasoning Datasets with Context-Sensitive Declarative Grammars",
    author = "Sileo, Damien",
    editor = "Al-Onaizan, Yaser  and
      Bansal, Mohit  and
      Chen, Yun-Nung",
    booktitle = "Proceedings of the 2024 Conference on Empirical Methods in Natural Language Processing",
    month = nov,
    year = "2024",
    address = "Miami, Florida, USA",
    publisher = "Association for Computational Linguistics",
    url = "https://aclanthology.org/2024.emnlp-main.301",
    pages = "5275--5283",
}

@article{sprague2023musr,
  title={Musr: Testing the limits of chain-of-thought with multistep soft reasoning},
  author={Sprague, Zayne and Ye, Xi and Bostrom, Kaj and Chaudhuri, Swarat and Durrett, Greg},
  journal={arXiv preprint arXiv:2310.16049},
  year={2023}
}

@inproceedings{tay2021long,
title={Long Range Arena : A Benchmark for Efficient Transformers },
author={Yi Tay and Mostafa Dehghani and Samira Abnar and Yikang Shen and Dara Bahri and Philip Pham and Jinfeng Rao and Liu Yang and Sebastian Ruder and Donald Metzler},
booktitle={International Conference on Learning Representations},
year={2021},
url={https://openreview.net/forum?id=qVyeW-grC2k}
}

@inproceedings{tian-etal-2021-diagnosing,
    title = "Diagnosing the First-Order Logical Reasoning Ability Through {L}ogic{NLI}",
    author = "Tian, Jidong  and
      Li, Yitian  and
      Chen, Wenqing  and
      Xiao, Liqiang  and
      He, Hao  and
      Jin, Yaohui",
    editor = "Moens, Marie-Francine  and
      Huang, Xuanjing  and
      Specia, Lucia  and
      Yih, Scott Wen-tau",
    booktitle = "Proceedings of the 2021 Conference on Empirical Methods in Natural Language Processing",
    month = nov,
    year = "2021",
    address = "Online and Punta Cana, Dominican Republic",
    publisher = "Association for Computational Linguistics",
    url = "https://aclanthology.org/2021.emnlp-main.303",
    doi = "10.18653/v1/2021.emnlp-main.303",
    pages = "3738--3747",
}

@article{wang2024novelqa,
  title={Novelqa: A benchmark for long-range novel question answering},
  author={Wang, Cunxiang and Ning, Ruoxi and Pan, Boqi and Wu, Tonghui and Guo, Qipeng and Deng, Cheng and Bao, Guangsheng and Wang, Qian and Zhang, Yue},
  journal={arXiv preprint arXiv:2403.12766},
  year={2024}
}

