@inproceedings{Bhalla_NeurIPS24_splice,
  title={Interpreting clip with sparse linear concept embeddings (splice)},
  author={Bhalla, Usha and Oesterling, Alex and Srinivas, Suraj and Calmon, Flavio P and Lakkaraju, Himabindu},
  booktitle={Advances in Neural Information Processing Systems},
  year={2024}
}

@article{Brown_NeurIPS20_GPT3,
  title   = {Language models are few-shot learners},
  author  = {Brown, Tom and Mann, Benjamin and Ryder, Nick and Subbiah, Melanie and Kaplan, Jared D and Dhariwal, Prafulla and Neelakantan, Arvind and Shyam, Pranav and Sastry, Girish and Askell, Amanda and others},
  journal = {Advances in neural information processing systems},
  year    = {2020}
}

@inproceedings{Demirel_ICCV17_attributes2classname,
  title={Attributes2classname: A discriminative model for attribute-based unsupervised zero-shot learning},
  author={Demirel, Berkan and Gokberk Cinbis, Ramazan and Ikizler-Cinbis, Nazli},
  booktitle={Proceedings of the IEEE international conference on computer vision},
  year={2017}
}

@inproceedings{Koh_ICML20_concept_bottleneck,
  title={Concept bottleneck models},
  author={Koh, Pang Wei and Nguyen, Thao and Tang, Yew Siang and Mussmann, Stephen and Pierson, Emma and Kim, Been and Liang, Percy},
  booktitle={International conference on machine learning},
  year={2020},
}

@inproceedings{Lundberg_NeurIPS17_shap_attribute,
author = {Lundberg, Scott M. and Lee, Su-In},
title = {A unified approach to interpreting model predictions},
year = {2017},
booktitle = {Advances in Neural Information Processing Systems},
}

@inproceedings{Menon_ICLR23_classification_via_llm_description,
  title={Visual classification via description from large language models},
  author={Menon, Sachit and Vondrick, Carl},
  booktitle={International Conference on Learning Representations},
  year={2023}
}

@inproceedings{Moayeri_ICML23_text-to-concept,
  title={Text-to-concept (and back) via cross-model alignment},
  author={Moayeri, Mazda and Rezaei, Keivan and Sanjabi, Maziar and Feizi, Soheil},
  booktitle={International Conference on Machine Learning},
  year={2023},
}

@inproceedings{Norouzi_ICLR14_ConSe,
  title={Zero-shot learning by convex combination of semantic embeddings},
  author={Norouzi, Mohammad and Mikolov, Tomas and Bengio, Samy and Singer, Yoram and Shlens, Jonathon and Frome, Andrea and Corrado, Greg S and Dean, Jeffrey},
  booktitle={International Conference on Learning Representations},
  year={2014}
}

@inproceedings{Oikarinen_ICLR23_label-free_CBMs,
  title={Label-free Concept Bottleneck Models},
  author={Oikarinen, Tuomas and Das, Subhro and Nguyen, Lam M and Weng, Tsui-Wei},
  booktitle={International Conference on Learning Representations},
  year={2023}
}

@inproceedings{Panousis_ICCV23_CDM,
  title={Sparse linear concept discovery models},
  author={Panousis, Konstantinos Panagiotis and Ienco, Dino and Marcos, Diego},
  booktitle={Proceedings of the IEEE/CVF International Conference on Computer Vision},
  pages={2767--2771},
  year={2023}
}

@inproceedings{Radford_ICML21_CLIP,
  title={Learning transferable visual models from natural language supervision},
  author={Radford, Alec and Kim, Jong Wook and Hallacy, Chris and Ramesh, Aditya and Goh, Gabriel and Agarwal, Sandhini and Sastry, Girish and Askell, Amanda and Mishkin, Pamela and Clark, Jack and others},
  booktitle={International conference on machine learning},
  year={2021},
  organization={PMLR}
}

@inproceedings{Ramaswamy_CVPR23_overlooked_factors_CBMs,
  title={Overlooked factors in concept-based explanations: Dataset choice, concept learnability, and human capability},
  author={Ramaswamy, Vikram V and Kim, Sunnie SY and Fong, Ruth and Russakovsky, Olga},
  booktitle={Proceedings of the IEEE/CVF Conference on Computer Vision and Pattern Recognition},
  year={2023}
}

@inproceedings{Rao_ECCV24_DN_CBMs,
  title={Discover-then-Name: Task-Agnostic Concept Bottlenecks via Automated Concept Discovery},
  author={Rao, Sukrut and Mahajan, Sweta and B{\"o}hle, Moritz and Schiele, Bernt},
  booktitle={Proceedings of the European Conference on Computer Vision},
  year={2024}
}

@article{Rao_arXiv24_DN_CBMs,
  title={Discover-then-Name: Task-Agnostic Concept Bottlenecks via Automated Concept Discovery},
  author={Rao, Sukrut and Mahajan, Sweta and B{\"o}hle, Moritz and Schiele, Bernt},
  journal={arXiv preprint arXiv:2407.14499},
  year={2024}
}

@inproceedings{Selvaraju_ICCV17_gradcam,
  title={Grad-cam: Visual explanations from deep networks via gradient-based localization},
  author={Selvaraju, Ramprasaath R and Cogswell, Michael and Das, Abhishek and Vedantam, Ramakrishna and Parikh, Devi and Batra, Dhruv},
  booktitle={Proceedings of the IEEE international conference on computer vision},
  pages={618--626},
  year={2017}
}

@article{Srivastava_arXiv_vlg_cbm,
  title={VLG-CBM: Training Concept Bottleneck Models with Vision-Language Guidance},
  author={Srivastava, Divyansh and Yan, Ge and Weng, Tsui-Wei},
  journal={arXiv preprint arXiv:2408.01432},
  year={2024}
}

@inproceedings{Sundararajan_ICML17_axiomatic_attribution,
  title={Axiomatic attribution for deep networks},
  author={Sundararajan, Mukund and Taly, Ankur and Yan, Qiqi},
  booktitle={International conference on machine learning},
  pages={3319--3328},
  year={2017},
  organization={PMLR}
}

@article{Tan_arXiv24_OpenCBM,
  title={Explain via Any Concept: Concept Bottleneck Model with Open Vocabulary Concepts},
  author={Tan, Andong and Zhou, Fengtao and Chen, Hao},
  journal={arXiv preprint arXiv:2408.02265},
  year={2024}
}

@inproceedings{Xu_ICLR24_energy-based_CBMs,
  title={Energy-based concept bottleneck models: unifying prediction, concept intervention, and conditional interpretations},
  author={Xu, Xinyue and Qin, Yi and Mi, Lu and Wang, Hao and Li, Xiaomeng},
  booktitle={International Conference on Learning Representations},
  year={2024}
}

@inproceedings{Yang_CVPR23_LaBo,
  title={Language in a bottle: Language model guided concept bottlenecks for interpretable image classification},
  author={Yang, Yue and Panagopoulou, Artemis and Zhou, Shenghao and Jin, Daniel and Callison-Burch, Chris and Yatskar, Mark},
  booktitle={Proceedings of the IEEE/CVF Conference on Computer Vision and Pattern Recognition},
  year={2023}
}

@inproceedings{Yuksekgonul_ICLR23_post-hoc_CBMs,
  title={Post-hoc Concept Bottleneck Models},
  author={Yuksekgonul, Mert and Wang, Maggie and Zou, James},
  booktitle={International Conference on Learning Representations},
  year={2023}
}

@inproceedings{Zarlenga_NeurIPS22_concept_embedding,
  title={Concept embedding models},
  author={Zarlenga, Mateo Espinosa and Barbiero, Pietro and Ciravegna, Gabriele and Marra, Giuseppe and Giannini, Francesco and Diligenti, Michelangelo and Precioso, Frederic and Melacci, Stefano and Weller, Adrian and Lio, Pietro and others},
  booktitle={Advances in Neural Information Processing Systems},
  year={2022}
}

