@inproceedings{Sun_ICCV17,
  author    = {C. Sun and A. Shrivastava and S. Singh and A. Gupta},
  booktitle = {International Conference on Computer Vision},
  title     = {Revisiting Unreasonable Effectiveness of Data in Deep Learning Era},
  year      = {2017}
}

@article{Pan_transferlearning_IEEE,
  author   = {S. J. Pan and Q. Yang},
  journal  = {IEEE Transactions on Knowledge and Data Engineering},
  title    = {A Survey on Transfer Learning},
  year     = {2010},
  volume   = {22},
  number   = {10},
  keywords = {knowledge engineering;learning by example;optimisation;unsupervised learning;data mining;inductive transfer learning;knowledge transfer;machine learning;transductive transfer learning;unsupervised transfer learning;Data mining;Knowledge engineering;Knowledge transfer;Labeling;Learning systems;Machine learning;Machine learning algorithms;Space technology;Testing;Training data;Transfer learning;data mining.;machine learning;survey},
  doi      = {10.1109/TKDE.2009.191},
  issn     = {1041-4347},
  month    = {Oct}
}

@inproceedings{Krizhevsky_NIPS12,
  author    = {Krizhevsky, Alex and Sutskever, Ilya and Hinton, Geoffrey E.},
  title     = {ImageNet Classification with Deep Convolutional Neural Networks},
  booktitle = {Advances in Neural Information Processing Systems},
  year      = {2012},
  url       = {http://dl.acm.org/citation.cfm?id=2999134.2999257}
} 

@inproceedings{Simard_ICDAR03,
  author    = {Simard, Patrice Y. and Steinkraus, Dave and Platt, John C.},
  title     = {Best Practices for Convolutional Neural Networks Applied to Visual Document Analysis},
  booktitle = {Proceedings of the Seventh International Conference on Document Analysis and Recognition - Volume 2},
  series    = {ICDAR '03},
  year      = {2003},
  isbn      = {0-7695-1960-1},
  url       = {http://dl.acm.org/citation.cfm?id=938980.939477},
  acmid     = {939477},
  address   = {Washington, DC, USA}
} 

@inproceedings{Szegedy_CVPR15,
  author    = {C. Szegedy and Wei Liu and Yangqing Jia and P. Sermanet and S. Reed and D. Anguelov and D. Erhan and V. Vanhoucke and A. Rabinovich},
  booktitle = {2015 IEEE Conference on Computer Vision and Pattern Recognition (CVPR)},
  title     = {Going deeper with convolutions},
  year      = {2015},
  volume    = {},
  number    = {},
  keywords  = {Hebbian learning;convolution;decision making;feature extraction;image classification;neural net architecture;resource allocation;Hebbian principle;architectural decision;convolutional neural network architecture;object classification;object detection;resource utilization;Computer architecture;Computer vision;Convolutional codes;Neural networks;Object detection;Sparse matrices;Visualization},
  doi       = {10.1109/CVPR.2015.7298594},
  issn      = {1063-6919},
  month     = {June}
}

@inproceedings{Ko_PPK15,
  author    = {Ko, Tom and Peddinti, Vijayaditya and Povey, Daniel and Khudanpur, Sanjeev},
  booktitle = {16th Annual Conference of the International Speech Communication Association},
  title     = {Audio augmentation for speech recognition.},
  url       = {http://dblp.uni-trier.de/db/conf/interspeech/interspeech2015.html#KoPPK15},
  year      = 2015
}

@inproceedings{Xie_ICLR17,
  author    = {Z. Xie and S. I. Wang and J. Li and D. LÃ©vy and A. Nie and D. Jurafsky and A. Y. Ng},
  booktitle = {International Conference on Learning Representations},
  title     = {Data Noising as Smoothing in Neural Network Language Models},
  year      = {2017}
}

@inproceedings{Kingma_ICLR14_VAE,
  author    = {Diederik P. Kingma and Max Welling},
  title     = {Auto-Encoding Variational Bayes},
  year      = {2014},
  booktitle = {International Conference on Learning Representations}
}

@inproceedings{Goodfellow_NIPS14_GANs,
  title     = {Generative Adversarial Nets},
  author    = {Goodfellow, Ian and Pouget-Abadie, Jean and Mirza, Mehdi and Xu, Bing and Warde-Farley, David and Ozair, Sherjil and Courville, Aaron and Bengio, Yoshua},
  booktitle = {Advances in Neural Information Processing Systems 27},
  year      = {2014}
}

@inproceedings{tran_NIPS17_bayesian_data_augmentation,
  title     = {A Bayesian Data Augmentation Approach for Learning Deep Models},
  author    = {Tran, Toan and Pham, Trung and Carneiro, Gustavo and Palmer, Lyle and Reid, Ian},
  booktitle = {Advances in Neural Information Processing Systems 30},
  year      = {2017}
}

@article{Bengio_IEEE13,
  author  = {Y. Bengio and A. Courville and P. Vincent},
  journal = {IEEE Transactions on Pattern Analysis and Machine Intelligence},
  title   = {Representation Learning: A Review and New Perspectives},
  year    = {2013},
  volume  = {35},
  number  = {8},
  doi     = {10.1109/TPAMI.2013.50},
  issn    = {0162-8828},
  month   = {Aug}
}

@inproceedings{Kapoor_ICCV07,
  author    = {A. Kapoor and K. Grauman and R. Urtasun and T. Darrell},
  booktitle = {International Conference on Computer Vision},
  title     = {Active Learning with Gaussian Processes for Object Categorization},
  year      = {2007}
}

@article{MacKay_NC92,
  author   = {D. J. C. MacKay},
  journal  = {Neural Computation},
  title    = {Information-Based Objective Functions for Active Data Selection},
  year     = {1992},
  volume   = {4},
  number   = {4},
  keywords = {},
  doi      = {10.1162/neco.1992.4.4.590},
  issn     = {0899-7667},
  month    = {July}
}

@inproceedings{Joshi_CVPR09,
  author    = {A. J. Joshi and F. Porikli and N. Papanikolopoulos},
  booktitle = {2009 IEEE Conference on Computer Vision and Pattern Recognition},
  title     = {Multi-class active learning for image classification},
  year      = {2009},
  volume    = {},
  number    = {},
  keywords  = {character recognition;image classification;learning (artificial intelligence);object recognition;uncertainty handling;digit recognition;image classification;labeling examples;letter recognition;multi-class active learning;object recognition;uncertainty sampling;Humans;Image classification;Iterative algorithms;Labeling;Layout;Measurement uncertainty;Object recognition;Sampling methods;Size measurement;Training data},
  doi       = {10.1109/CVPR.2009.5206627},
  issn      = {1063-6919},
  month     = {June}
}

@inproceedings{Quattoni_CVPR09_Recognizing_Indoor_Scene,
  author    = {A. Quattoni and A. Torralba},
  booktitle = {2009 IEEE Conference on Computer Vision and Pattern Recognition},
  title     = {Recognizing Indoor Scenes},
  year      = {2009},
  volume    = {},
  number    = {},
  month     = {June}
}

@inproceedings{Li_Guo_CVPR13,
  author    = {X. Li and Y. Guo},
  booktitle = {2013 IEEE Conference on Computer Vision and Pattern Recognition},
  title     = {Adaptive Active Learning for Image Classification},
  year      = {2013},
  volume    = {},
  number    = {},
  keywords  = {computer vision;image classification;learning (artificial intelligence);natural scenes;object recognition;query processing;adaptive active learning approach;computer vision field;critical instance selection criteria;image classifications;information density measure;labeled images;object recognition;scene recognition;uncertainty measures;uncertainty query selection strategies;vision data analysis;Covariance matrices;Current measurement;Density measurement;Learning systems;Measurement uncertainty;Training;Uncertainty;active learning;image classification},
  doi       = {10.1109/CVPR.2013.116},
  issn      = {1063-6919},
  month     = {June}
}

@incollection{Salakhutdinov_NIPS07,
  title     = {Using Deep Belief Nets to Learn Covariance Kernels for Gaussian Processes},
  author    = {Hinton, Geoffrey E and Salakhutdinov, Ruslan R},
  booktitle = {Advances in Neural Information Processing Systems},
  editor    = {J. C. Platt and D. Koller and Y. Singer and S. T. Roweis},
  year      = {2008},
  url       = {http://papers.nips.cc/paper/3211-using-deep-belief-nets-to-learn-covariance-kernels-for-gaussian-processes.pdf}
}

@inproceedings{Coates_ICML11,
  author    = {Coates, Adam and Ng, Andrew Y.},
  title     = {The Importance of Encoding Versus Training with Sparse Coding and Vector Quantization},
  booktitle = {Proceedings of the 28th International Conference on International Conference on Machine Learning},
  series    = {ICML'11},
  year      = {2011},
  isbn      = {978-1-4503-0619-5},
  location  = {Bellevue, Washington, USA},
  url       = {http://dl.acm.org/citation.cfm?id=3104482.3104598},
  acmid     = {3104598},
  address   = {USA}
} 

@inproceedings{Goodfellow_NIPS11,
  author    = {Goodfellow, Ian J. and Courville, Aaron and Bengio, Yoshua},
  title     = {Spike-and-Slab Sparse Coding for Unsupervised Feature Discovery},
  booktitle = {NIPS Workshop on Challenges in Learning Hierarchical Models},
  year      = {2011}
}

@incollection{Kingma_NIPS14,
  title     = {Semi-supervised Learning with Deep Generative Models},
  author    = {Kingma, Diederik P and Mohamed, Shakir and Jimenez Rezende, Danilo and Welling, Max},
  booktitle = {Advances in Neural Information Processing Systems},
  editor    = {Z. Ghahramani and M. Welling and C. Cortes and N. D. Lawrence and K. Q. Weinberger},
  year      = {2014},
  url       = {http://papers.nips.cc/paper/5352-semi-supervised-learning-with-deep-generative-models.pdf}
}

@inproceedings{Pu_NIPS16,
  author    = {Pu, Yunchen and Gan, Zhe and Henao, Ricardo and Yuan, Xin and Li, Chunyuan and Stevens, Andrew and Carin, Lawrence},
  title     = {Variational Autoencoder for Deep Learning of Images, Labels and Captions},
  booktitle = {Advances in Neural Information Processing Systems},
  series    = {NIPS'16},
  year      = {2016},
  isbn      = {978-1-5108-3881-9},
  location  = {Barcelona, Spain},
  url       = {http://dl.acm.org/citation.cfm?id=3157096.3157360},
  acmid     = {3157360},
  address   = {USA}
} 

@incollection{Salimans_NIPS16,
  title     = {Improved Techniques for Training GANs},
  author    = {Salimans, Tim and Goodfellow, Ian and Zaremba, Wojciech and Cheung, Vicki and Radford, Alec and Chen, Xi and Chen, Xi},
  booktitle = {Advances in Neural Information Processing Systems},
  year      = {2016},
  url       = {http://papers.nips.cc/paper/6125-improved-techniques-for-training-gans.pdf}
}

@inproceedings{Zheng_ICCV17,
  title     = {Unlabeled Samples Generated by GAN Improve the Person Re-identification Baseline in vitro},
  author    = {Zheng, Zhedong and Zheng, Liang and Yang, Yi},
  booktitle = {Proceedings of the IEEE International Conference on Computer Vision},
  year      = {2017}
}

@book{Goodfellow_Book16,
  title  = {Deep Learning},
  author = {Ian Goodfellow and Yoshua Bengio and Aaron Courville},
  note   = {\url{http://www.deeplearningbook.org}},
  year   = {2016}
}

@article{Radford_ICLR16_DCGAN,
  author    = {Alec Radford and
               Luke Metz and
               Soumith Chintala},
  title     = {Unsupervised Representation Learning with Deep Convolutional Generative
               Adversarial Networks},
  booktitle = {International Conference on Learning Representations (ICLR)},
  year      = {2015}
}

@article{Karras_ICLR18,
  author  = {Tero Karras and
             Timo Aila and
             Samuli Laine and
             Jaakko Lehtinen},
  title   = {Progressive Growing of GANs for Improved Quality, Stability, and Variation},
  journal = {CoRR},
  volume  = {abs/1710.10196},
  year    = {2017}
}

@article{Zhang_StacGAN++,
  author  = {Han Zhang and Tao Xu and Hongsheng Li and Shaoting Zhang and Xiaogang Wang and Xiaolei Huang and Dimitris Metaxas},
  title   = {StackGAN++: Realistic Image Synthesis with Stacked Generative Adversarial Networks},
  journal = {arXiv: 1710.10916},
  year    = {2017}
}

@article{Isola_CVPR17,
  title   = {Image-to-Image Translation with Conditional Adversarial Networks},
  author  = {Isola, Phillip and Zhu, Jun-Yan and Zhou, Tinghui and Efros, Alexei A},
  journal = {CVPR},
  year    = {2017}
}

@article{Zhu_ICCV17,
  title   = {Unpaired Image-to-Image Translation using Cycle-Consistent Adversarial Networks},
  author  = {Zhu, Jun-Yan and Park, Taesung and Isola, Phillip and Efros, Alexei A},
  journal = {ICCV},
  year    = {2017}
}

@article{Choi_CVPR18,
  title   = {StarGAN: Unified Generative Adversarial Networks for Multi-Domain Image-to-Image Translation},
  author  = {Choi, Yunjey and Choi, Minje and Kim, Munyoung and Ha, Jung-Woo and Kim, Sunghun and Choo, Jaegul},
  journal = {CVPR},
  year    = {2018}
}

@article{Mirza_CGAN14,
  author  = {Mehdi Mirza and
             Simon Osindero},
  title   = {Conditional Generative Adversarial Nets},
  journal = {CoRR},
  volume  = {abs/1411.1784},
  year    = {2014}
}

@inproceedings{Cheng_CVPR16,
  author    = {D. Cheng and Y. Gong and S. Zhou and J. Wang and N. Zheng},
  booktitle = {2016 IEEE Conference on Computer Vision and Pattern Recognition (CVPR)},
  title     = {Person Re-identification by Multi-Channel Parts-Based CNN with Improved Triplet Loss Function},
  year      = {2016},
  volume    = {},
  number    = {},
  keywords  = {cameras;image recognition;neural nets;CNN model;CUHK01 datasets;PRID2011;VIPeR;cameras;deep network-based ones;i-LIDS;multichannel parts-based CNN;multichannel parts-based convolutional neural network;person reidentification;triplet framework;triplet loss function;Cameras;Convolution;Feature extraction;Measurement;Robot vision systems;Training;Visualization},
  doi       = {10.1109/CVPR.2016.149},
  issn      = {},
  month     = {June}
}

@inproceedings{Wei_CVPR14,
  title     = {DeepReID: Deep Filter Pairing Neural Network for Person Re-identification},
  author    = {Li, Wei and Zhao, Rui and Xiao, Tong and Wang, Xiaogang},
  booktitle = {CVPR},
  year      = {2014}
}

@inproceedings{Zheng_IEEE15,
  title     = {Scalable Person Re-identification: A Benchmark},
  author    = {Zheng, Liang and Shen, Liyue and Tian, Lu and Wang, Shengjin and Wang, Jingdong and Tian, Qi},
  booktitle = {Computer Vision, IEEE International Conference on},
  year      = {2015}
}

@article{krizhevsky2009learning,
  title   = {Learning multiple layers of features from tiny images, 2009},
  author  = {Krizhevsky, Alex and Hinton, Geoffrey},
  journal = {URL http://www. cs. toronto. edu/\~{} kriz/learning-features-2009-TR. pdf},
  year    = {2009}
}

@article{miyato_SNGAN_iclr18,
  title   = {Spectral normalization for generative adversarial networks},
  author  = {Miyato, Takeru and Kataoka, Toshiki and Koyama, Masanori and Yoshida, Yuichi},
  journal = {International Conference on Learning Representations},
  year    = {2018}
}

@article{miyato_cgans_iclr18,
  title   = {c{GAN}s with projection discriminator},
  author  = {Miyato, Takeru and Koyama, Masanori},
  journal = {International Conference on Learning Representations},
  year    = {2018}
}

@article{russakovsky_imagenet,
  title   = {Imagenet large scale visual recognition challenge},
  author  = {Russakovsky, Olga and Deng, Jia and Su, Hao and Krause, Jonathan and Satheesh, Sanjeev and Ma, Sean and Huang, Zhiheng and Karpathy, Andrej and Khosla, Aditya and Bernstein, Michael and others},
  journal = {International Journal of Computer Vision},
  volume  = {115},
  number  = {3},
  year    = {2015}
}

@inproceedings{wang_transferring_iccv18,
  title     = {Transferring GANs: generating images from limited data},
  author    = {Wang, Yaxing and Wu, Chenshen and Herranz, Luis and van de Weijer, Joost and Gonzalez-Garcia, Abel and Raducanu, Bogdan},
  booktitle = {Proceedings of the European Conference on Computer Vision},
  year      = {2018}
}

@inproceedings{heusel_ttur_fid_nips17,
  title     = {Gans trained by a two time-scale update rule converge to a local nash equilibrium},
  author    = {Heusel, Martin and Ramsauer, Hubert and Unterthiner, Thomas and Nessler, Bernhard and Hochreiter, Sepp},
  booktitle = {Advances in Neural Information Processing Systems},
  year      = {2017}
}

@article{zhang_dada,
  title   = {DADA: Deep Adversarial Data Augmentation for Extremely Low Data Regime Classification},
  author  = {Zhang, Xiaofeng and Wang, Zhangyang and Liu, Dong and Ling, Qing},
  journal = { arXiv:1809.00981},
  year    = {2018}
}

@inproceedings{zamir_taskonomy_cvpr18,
  title     = {Taskonomy: Disentangling Task Transfer Learning},
  author    = {Zamir, Amir R and Sax, Alexander and Shen, William and Guibas, Leonidas and Malik, Jitendra and Savarese, Silvio},
  booktitle = {Proceedings of the IEEE Conference on Computer Vision and Pattern Recognition},
  year      = {2018}
}

@article{alonso_multitask,
  title   = {When is multitask learning effective? Semantic sequence prediction under varying data conditions},
  author  = {Alonso, H{\'e}ctor Mart{\'\i}nez and Plank, Barbara},
  journal = { arXiv:1612.02251},
  year    = {2016}
}

@article{sugiyama_kldiv,
  title   = {Direct importance estimation for covariate shift adaptation},
  author  = {Sugiyama, Masashi and Suzuki, Taiji and Nakajima, Shinichi and Kashima, Hisashi and von B{\"u}nau, Paul and Kawanabe, Motoaki},
  journal = {Annals of the Institute of Statistical Mathematics},
  volume  = {60},
  number  = {4},
  year    = {2008}
}

@incollection{guyon_wasserstain_nips17,
  title     = {Joint distribution optimal transportation for domain adaptation},
  author    = {Courty, Nicolas and Flamary, RÂ¥'{e}mi and Habrard, Amaury and Rakotomamonjy, Alain},
  booktitle = {Advances in Neural Information Processing Systems},
  editor    = {I. Guyon and U. V. Luxburg and S. Bengio and H. Wallach and R. Fergus and S. Vishwanathan and R. Garnett},
  year      = {2017}
}

@article{lucic_aregans,
  title   = {Are gans created equal? a large-scale study},
  author  = {Lucic, Mario and Kurach, Karol and Michalski, Marcin and Gelly, Sylvain and Bousquet, Olivier},
  journal = { arXiv:1711.10337},
  year    = {2017}
}

@inproceedings{wang_msssim,
  title        = {Multiscale structural similarity for image quality assessment},
  author       = {Wang, Zhou and Simoncelli, Eero P and Bovik, Alan C},
  booktitle    = {The Thrity-Seventh Asilomar Conference on Signals, Systems \& Computers, 2003},
  volume       = {2},
  year         = {2003},
  organization = {IEEE}
}

@inproceedings{odena_ICML17_acgan,
  title     = {Conditional image synthesis with auxiliary classifier gans},
  author    = {Odena, Augustus and Olah, Christopher and Shlens, Jonathon},
  booktitle = {International Conference on Machine Learning},
  year      = {2017}
}

@inproceedings{azadi_drs_iclr19,
  title     = {Discriminator Rejection Sampling},
  author    = {Samaneh Azadi and Catherine Olsson and Trevor Darrell and Ian Goodfellow and Augustus Odena},
  booktitle = {International Conference on Learning Representations},
  year      = {2019}
}

@techreport{krizhevsky09_cifar10,
  title       = {Learning multiple layers of features from tiny images},
  author      = {Krizhevsky, Alex and Hinton, Geoffrey},
  year        = {2009},
  institution = {Citeseer}
}

@inproceedings{he_resnet,
  title     = {Deep residual learning for image recognition},
  author    = {He, Kaiming and Zhang, Xiangyu and Ren, Shaoqing and Sun, Jian},
  booktitle = {Proceedings of the IEEE conference on computer vision and pattern recognition},
  year      = {2016}
}

@inproceedings{gulrajani17_wgangp,
  title     = {Improved training of wasserstein gans},
  author    = {Gulrajani, Ishaan and Ahmed, Faruk and Arjovsky, Martin and Dumoulin, Vincent and Courville, Aaron C},
  booktitle = {Advances in Neural Information Processing Systems},
  year      = {2017}
}

@inproceedings{Nilsback_08_flowers,
  author    = {Nilsback, M-E. and Zisserman, A.},
  title     = {Automated Flower Classification over a Large Number of Classes},
  booktitle = {Proceedings of the Indian Conference on Computer Vision, Graphics and Image Processing},
  year      = {2008}
} 

@article{maji_13_aircraft,
  title   = {Fine-Grained Visual Classification of Aircraft},
  author  = {S. Maji and J. Kannala and E. Rahtu
             and M. Blaschko and A. Vedaldi},
  year    = {2013},
  journal = {arXiv},
  eprint  = {1306.5151}
}

@inproceedings{FeiFei_caltech101,
  author    = {Li Fei-Fei and R. Fergus and P. Perona},
  booktitle = {Conference on CVPR Workshop},
  title     = {Learning Generative Visual Models from Few Training Examples: An Incremental Bayesian Approach Tested on 101 Object Categories},
  year      = {2004},
  volume    = {},
  number    = {}
}

@inproceedings{krause_3DRR2013_stanford_cars,
  title     = {3D Object Representations for Fine-Grained Categorization},
  booktitle = {4th International IEEE Workshop on 3D Representation and Recognition},
  address   = {Sydney, Australia},
  author    = {Jonathan Krause and Michael Stark and Jia Deng and Li Fei-Fei},
  year      = {2013}
}

@inproceedings{bossard14_Food101,
  title     = {Food-101 -- Mining Discriminative Components with Random Forests},
  author    = {Bossard, Lukas and Guillaumin, Matthieu and Van Gool, Luc},
  booktitle = {European Conference on Computer Vision},
  year      = {2014}
}

@inproceedings{cimpoi_CVPR14_DTD,
  author    = {M. Cimpoi and S. Maji and I. Kokkinos and S. Mohamed and and A. Vedaldi},
  title     = {Describing Textures in the Wild},
  booktitle = {Proceedings of the IEEE/CVF Conference on Computer Vision and Pattern Recognition},
  year      = {2014}
}

@techreport{LFWTech,
  author = {Gary B. Huang and Manu Ramesh and Tamara Berg and 
            Erik Learned-Miller},
  title  = {Labeled Faces in the Wild: A Database for Studying 
            Face Recognition in Unconstrained Environments},
  year   = 2007
}

@inproceedings{netzer2011reading_svhn,
  title     = {Reading digits in natural images with unsupervised feature learning},
  author    = {Netzer, Yuval and Wang, Tao and Coates, Adam and Bissacco, Alessandro and Wu, Bo and Ng, Andrew Y},
  booktitle = {NIPS workshop on deep learning and unsupervised feature learning},
  volume    = {2011},
  number    = {2},
  year      = {2011}
}

@article{Everingham15_PascalVOC,
  author  = {Everingham, M. and Eslami, S. M. A. and Van~Gool, L. and Williams, C. K. I. and Winn, J. and Zisserman, A.},
  title   = {The Pascal Visual Object Classes Challenge: A Retrospective},
  journal = {International Journal of Computer Vision},
  volume  = {111},
  year    = {2015}
}
@inproceedings{shmelkov_ECCV18_howgoodismygan,
  title     = {How good is my GAN?},
  author    = {Shmelkov, Konstantin and Schmid, Cordelia and Alahari, Karteek},
  booktitle = {Proceedings of the European Conference on Computer Vision},
  year      = {2018}
}
@article{IBM_BAGAN,
  title   = {BAGAN: Data Augmentation with Balancing GAN},
  author  = {Mariani, Giovanni and Scheidegger, Florian and Istrate, Roxana and Bekas, Costas and Malossi, Cristiano},
  journal = { arXiv:1803.09655},
  year    = {2018}
}
@article{DAGAN_Antoniou,
  title   = {Data augmentation generative adversarial networks},
  author  = {Antoniou, Antreas and Storkey, Amos and Edwards, Harrison},
  journal = { arXiv:1711.04340},
  year    = {2017}
}

@inproceedings{Huang_ECCV18_AugGAN,
  title     = {AugGAN: Cross Domain Adaptation with GAN-based Data Augmentation},
  author    = {Huang, Sheng-Wei and Lin, Che-Tsung and Chen, Shu-Ping and Wu, Yen-Yi and Hsu, Po-Hao and Lai, Shang-Hong},
  booktitle = {Proceedings of the European Conference on Computer Vision},
  year      = {2018}
}

@inproceedings{calimeri2017_biomedical_data_augmentation,
  title        = {Biomedical data augmentation using generative adversarial neural networks},
  author       = {Calimeri, Francesco and Marzullo, Aldo and Stamile, Claudio and Terracina, Giorgio},
  booktitle    = {International Conference on Artificial Neural Networks},
  year         = {2017},
  organization = {Springer}
}


@inproceedings{brock2018biggan,
  title     = {Large Scale {GAN} Training for High Fidelity Natural Image Synthesis},
  author    = {Andrew Brock and Jeff Donahue and Karen Simonyan},
  booktitle = {International Conference on Learning Representations},
  year      = {2019}
}

@article{kingma_adam_iclr14,
  author  = {Kingma, Diederik and Ba, Jimmy},
  year    = {2014},
  month   = {12},
  title   = {Adam: A Method for Stochastic Optimization},
  journal = {International Conference on Learning Representations}
}

@inproceedings{cui_icassp_dataaugmentation_acoustic,
  author    = {X. {Cui} and V. {Goel} and B. {Kingsbury}},
  booktitle = {2014 IEEE International Conference on Acoustics, Speech and Signal Processing},
  title     = {Data Augmentation for deep neural network acoustic modeling},
  year      = {2014},
  month     = {May}
}

@article{real2018regularized_amoebanet,
  title   = {Regularized evolution for image classifier architecture search},
  author  = {Real, Esteban and Aggarwal, Alok and Huang, Yanping and Le, Quoc V},
  journal = {The Thirty-Third AAAI Conference on Artificial Intelligence},
  year    = {2019}
}

@incollection{NIPS2017_7181_attention_is_all_you_need,
  title     = {Attention is All you Need},
  author    = {Vaswani, Ashish and Shazeer, Noam and Parmar, Niki and Uszkoreit, Jakob and Jones, Llion and Gomez, Aidan N and Kaiser, Lukasz and Polosukhin, Illia},
  booktitle = {Advances in Neural Information Processing Systems},
  year      = {2017},
  url       = {http://papers.nips.cc/paper/7181-attention-is-all-you-need.pdf}
}

@inproceedings{seq2seq_attention_interspeech18,
  author    = {Zeyer, Albert and Irie, Kazuki and SchlÃ¼ter, Ralf and Ney, Hermann},
  year      = {2018},
  booktitle = {19th Annual Conference of the International Speech Communication Association},
  title     = {Improved Training of End-to-end Attention Models for Speech Recognition}
}

@article{thanh2018_catastrophic_gan,
  title   = {On catastrophic forgetting and mode collapse in generative adversarial networks},
  author  = {Thanh-Tung, Hoang and Tran, Truyen and Venkatesh, Svetha},
  journal = {Workshop on International Conferrence of Machine Learning},
  year    = {2018}
}

@inproceedings{ICDM18_DOPING,
  author    = {S. K. {Lim} and Y. {Loo} and N. {Tran} and N. {Cheung} and G. {Roig} and Y. {Elovici}},
  booktitle = {2018 IEEE International Conference on Data Mining (ICDM)},
  title     = {DOPING: Generative Data Augmentation for Unsupervised Anomaly Detection with GAN},
  year      = {2018},
  month     = {Nov}
}

@inproceedings{ICML19_S3GAN_lucic,
  title     = {High-Fidelity Image Generation With Fewer Labels},
  author    = {Lu{\v{c}}i{\'c}, Mario and Tschannen, Michael and Ritter, Marvin and Zhai, Xiaohua and Bachem, Olivier and Gelly, Sylvain},
  booktitle = {Proceedings of the 36th International Conference on Machine Learning},
  year      = {2019}
}

@article{goodfellow2013empirical,
  title   = {An empirical investigation of catastrophic forgetting in gradient-based neural networks},
  author  = {Goodfellow, Ian J and Mirza, Mehdi and Xiao, Da and Courville, Aaron and Bengio, Yoshua},
  journal = {arXiv preprint arXiv:1312.6211},
  year    = {2013}
}

@inproceedings{Zhu2018bmvc_CGAN_Augmentation,
  title     = {Data Augmentation using Conditional Generative Adversarial Networks for Leaf Counting in Arabidopsis Plants},
  author    = {Yezi Zhu and Marc Aoun and Marcel Krijn and Joaquin Vanschoren},
  booktitle = {British Machine Vision Conference},
  year      = {2018}
}

@article{arjovsky_ICLR17_towards_GANs,
  title     = {Towards principled methods for training generative adversarial networks},
  author    = {Arjovsky, Martin and Bottou, L{\'e}on},
  booktitle = {International Conference on Learning Representations (ICLR)},
  year      = {2017}
}

@inproceedings{karras_NeurIPS20_training_GANs_with_limited_data,
  title     = {Training generative adversarial networks with limited data},
  author    = {Karras, Tero and Aittala, Miika and Hellsten, Janne and Laine, Samuli and Lehtinen, Jaakko and Aila, Timo},
  booktitle = {Advances in Neural Information Processing Systems},
  year      = {2020}
}

@inproceedings{durall_CVPR20_watch_your_upconv,
  title     = {Watch your Up-Convolution: CNN Based Generative Deep Neural Networks are Failing to Reproduce Spectral Distributions},
  author    = {Durall, Ricard and Keuper, Margret and Keuper, Janis},
  booktitle = {Proceedings of the IEEE/CVF Conference on Computer Vision and Pattern Recognition},
  year      = {2020}
}

@article{frankICML20_leveraging_frequency,
  title     = {Leveraging Frequency Analysis for Deep Fake Image Recognition},
  author    = {Frank, Joel and Eisenhofer, Thorsten and Sch{\"o}nherr, Lea and Fischer, Asja and Kolossa, Dorothea and Holz, Thorsten},
  booktitle = {Proceedings of the 37th International Conference on Machine Learning},
  year      = {2020}
}

@inproceedings{yin_NIPS2019_fourier,
  title     = {A fourier perspective on model robustness in computer vision},
  author    = {Yin, Dong and Lopes, Raphael Gontijo and Shlens, Jon and Cubuk, Ekin Dogus and Gilmer, Justin},
  booktitle = {Advances in Neural Information Processing Systems},
  year      = {2019}
}

@inproceedings{wang_CVPR2020_high_frequency,
  title     = {High-frequency Component Helps Explain the Generalization of Convolutional Neural Networks},
  author    = {Wang, Haohan and Wu, Xindi and Huang, Zeyi and Xing, Eric P},
  booktitle = {Proceedings of the IEEE/CVF Conference on Computer Vision and Pattern Recognition},
  pages     = {8684--8694},
  year      = {2020}
}

@inproceedings{tsuzuku_CVPR2019_structural_sensitivity,
  title     = {On the structural sensitivity of deep convolutional networks to the directions of fourier basis functions},
  author    = {Tsuzuku, Yusuke and Sato, Issei},
  booktitle = {Proceedings of the IEEE Conference on Computer Vision and Pattern Recognition},
  pages     = {51--60},
  year      = {2019}
}

@inproceedings{xu_CVPR2020_learning_in_frequency,
  title     = {Learning in the Frequency Domain},
  author    = {Xu, Kai and Qin, Minghai and Sun, Fei and Wang, Yuhao and Chen, Yen-Kuang and Ren, Fengbo},
  booktitle = {Proceedings of the IEEE Conference on Computer Vision and Pattern Recognition},
  year      = {2020}
}

@inproceedings{wang_CVPR2020_cnn_generated_spot,
  title     = {CNN-generated images are surprisingly easy to spot... for now},
  author    = {Wang, Sheng-Yu and Wang, Oliver and Zhang, Richard and Owens, Andrew and Efros, Alexei A},
  booktitle = {Proceedings of the IEEE Conference on Computer Vision and Pattern Recognition},
  volume    = {7},
  year      = {2020}
}

@inproceedings{goodfellow_ICLR2015_adversarial_examples,
  title     = {Explaining and Harnessing Adversarial Examples},
  author    = {Ian Goodfellow and Jonathon Shlens and Christian Szegedy},
  year      = {2015},
  booktitle = {International Conference on Learning Representations}
}

@inproceedings{kurakin_ICLR2017_adversarial_training,
  title     = {Adversarial Machine Learning at Scale},
  author    = {Alexey Kurakin and Ian J. Goodfellow and Samy Bengio},
  year      = {2017},
  booktitle = {International Conference on Learning Representations}
}

@article{tribolet_IEEE1979_frequency_end_effect,
  title     = {Frequency domain coding of speech},
  author    = {Tribolet, Jose and Crochiere, Ronald},
  journal   = {IEEE Transactions on Acoustics, Speech, and Signal Processing},
  volume    = {27},
  number    = {5},
  pages     = {512--530},
  year      = {1979},
  publisher = {IEEE}
}

@article{ahmed_IEEE1974_dct,
  title     = {Discrete cosine transform},
  author    = {Ahmed, Nasir and Natarajan, T\_ and Rao, Kamisetty R},
  journal   = {IEEE transactions on Computers},
  volume    = {100},
  number    = {1},
  pages     = {90--93},
  year      = {1974},
  publisher = {IEEE}
}

@book{gonzalez_book_digital_image_processing,
  author    = {Gonzalez, Rafael C. and Wintz, Paul A},
  title     = { Digital image processing},
  isbn      = {0201025973},
  publisher = { Addison-Wesley Pub. Co., Advanced Book Program Reading, Mass },
  year      = {1977},
  language  = { English }
}

@misc{chen_AAAI21_SSDGAN,
  title         = {SSD-GAN: Measuring the Realness in the Spatial and Spectral Domains},
  author        = {Yuanqi Chen and Ge Li and Cece Jin and Shan Liu and Thomas Li},
  year          = {2020},
  eprint        = {2012.05535},
  archiveprefix = {arXiv}
}

@inproceedings{liu_ICCV15_celeba,
  title     = {Deep Learning Face Attributes in the Wild},
  author    = {Liu, Ziwei and Luo, Ping and Wang, Xiaogang and Tang, Xiaoou},
  booktitle = {Proceedings of International Conference on Computer Vision (ICCV)},
  month     = {December},
  year      = {2015}
}

@techreport{wu2017tiny,
  title  = {Tiny ImageNet Challenge},
  author = {Wu, Jiayu and Zhang, Qixiang and Xu, Guoxi},
  year   = {2017}
}

@inproceedings{coates_JMLR11_stl10,
  title        = {An analysis of single-layer networks in unsupervised feature learning},
  author       = {Coates, Adam and Ng, Andrew and Lee, Honglak},
  booktitle    = {Proceedings of the fourteenth international conference on artificial intelligence and statistics},
  pages        = {215--223},
  year         = {2011},
  organization = {JMLR Workshop and Conference Proceedings}
}

@inproceedings{Zhang_ICLR20_CRGAN,
  title     = {Consistency Regularization for Generative Adversarial Networks},
  author    = {Han Zhang and Zizhao Zhang and Augustus Odena and Honglak Lee},
  booktitle = {International Conference on Learning Representations},
  year      = {2020}
}

@inproceedings{Lee_WACV21_InfoMaxGAN,
  author    = {Lee, Kwot Sin and Tran, Ngoc-Trung and Cheung, Ngai-Man},
  title     = {InfoMax-GAN: Improved Adversarial Image Generation via Information Maximization and Contrastive Learning},
  booktitle = {Proceedings of the IEEE/CVF Winter Conference on Applications of Computer Vision (WACV)},
  month     = {January},
  year      = {2021},
  pages     = {3942-3952}
}

@article{lee_CVPRW20_mimicry,
  title     = {Mimicry: Towards the Reproducibility of GAN Research},
  author    = {Kwot Sin Lee and Christopher Town},
  booktitle = {CVPR Workshop on AI for Content Creation},
  year      = {2020}
}

@inproceedings{binkowski_ICLR18_KID,
  title     = {Demystifying {MMD} {GAN}s},
  author    = {MikoÅaj BiÅkowski and Dougal J. Sutherland and Michael Arbel and Arthur Gretton},
  booktitle = {International Conference on Learning Representations},
  year      = {2018}
}

@inproceedings{zhang_ICML19_binomial,
  title        = {Making convolutional networks shift-invariant again},
  author       = {Zhang, Richard},
  booktitle    = {International Conference on Machine Learning},
  pages        = {7324--7334},
  year         = {2019},
  organization = {PMLR}
}

@inproceedings{Li_NIPS2017_MMDGAN,
  author    = {Li, Chun-Liang and Chang, Wei-Cheng and Cheng, Yu and Yang, Yiming and Poczos, Barnabas},
  booktitle = {Advances in Neural Information Processing Systems},
  editor    = {I. Guyon and U. V. Luxburg and S. Bengio and H. Wallach and R. Fergus and S. Vishwanathan and R. Garnett},
  title     = {MMD GAN: Towards Deeper Understanding of Moment Matching Network},
  year      = {2017}
}

@inproceedings{karras_CVPR19_stylegan,
  title     = {A style-based generator architecture for generative adversarial networks},
  author    = {Karras, Tero and Laine, Samuli and Aila, Timo},
  booktitle = {Proceedings of the IEEE Conference on Computer Vision and Pattern Recognition},
  year      = {2019}
}

@inproceedings{choi_CVPR20_starganv2,
  title     = {StarGAN v2: Diverse Image Synthesis for Multiple Domains},
  author    = {Yunjey Choi and Youngjung Uh and Jaejun Yoo and Jung-Woo Ha},
  booktitle = {Proceedings of the IEEE Conference on Computer Vision and Pattern Recognition},
  year      = {2020}
}

@inproceedings{sohn_NIPS20_fixmatch,
  author    = {Sohn, Kihyuk and Berthelot, David and Carlini, Nicholas and Zhang, Zizhao and Zhang, Han and Raffel, Colin A and Cubuk, Ekin Dogus and Kurakin, Alexey and Li, Chun-Liang},
  booktitle = {Advances in Neural Information Processing Systems},
  title     = {FixMatch: Simplifying Semi-Supervised Learning with Consistency and Confidence},
  year      = {2020}
}

@inproceedings{xie_NIPS20_UDA,
  author    = {Xie, Qizhe and Dai, Zihang and Hovy, Eduard and Luong, Thang and Le, Quoc},
  booktitle = {Advances in Neural Information Processing Systems},
  title     = {Unsupervised Data Augmentation for Consistency Training},
  year      = {2020}
}

@inproceedings{oliver_NIPS18_real_eval_semi_sl,
  title     = {Realistic Evaluation of Semi-Supervised Learning Algorithms},
  author    = {Avital Oliver and Augustus Odena and Colin Raffel and Ekin Dogus Cubuk and Ian Goodfellow},
  booktitle = {Advances in Neural Information Processing Systems},
  year      = {2018}
}

@inproceedings{zhao_ICML20_leveraging_pretrained_gans,
  title        = {On leveraging pretrained GANs for generation with limited data},
  author       = {Zhao, Miaoyun and Cong, Yulai and Carin, Lawrence},
  booktitle    = {International Conference on Machine Learning},
  pages        = {11340--11351},
  year         = {2020},
  organization = {PMLR}
}

@inproceedings{karras_NeurIPS20_ada,
  title     = {Training Generative Adversarial Networks with Limited Data},
  author    = {Tero Karras and Miika Aittala and Janne Hellsten and Samuli Laine and Jaakko Lehtinen and Timo Aila},
  booktitle = {Advances in Neural Information Processing Systems},
  year      = {2020}
}

@inproceedings{dhariwal_NeurIPS21_diffusion_models_beat_gans,
  title     = {Diffusion models beat gans on image synthesis},
  author    = {Dhariwal, Prafulla and Nichol, Alex},
  booktitle = {Advances in Neural Information Processing Systems},
  year      = {2021}
}

@inproceedings{brock_ICLR18_biggan,
  title     = {Large Scale GAN Training for High Fidelity Natural Image Synthesis},
  author    = {Brock, Andrew and Donahue, Jeff and Simonyan, Karen},
  booktitle = {International Conference on Learning Representations},
  year      = {2018}
}

@inproceedings{delvin_NAACL19_BERT,
  author    = {Jacob Devlin and
               Ming{-}Wei Chang and
               Kenton Lee and
               Kristina Toutanova},
  title     = {{BERT:} Pre-training of Deep Bidirectional Transformers for Language
               Understanding},
  booktitle = {Conference of the North American Chapter of
               the Association for Computational Linguistics},
  year      = {2019}
}


@inproceedings{tan_ICML19_efficientnet,
  title     = {{E}fficient{N}et: Rethinking Model Scaling for Convolutional Neural Networks},
  author    = {Tan, Mingxing and Le, Quoc},
  booktitle = {International Conference on Machine Learning},
  year      = {2019}
}

@inproceedings{xu_ICASSP21_self_pre_training_speech,
  title     = {Self-training and pre-training are complementary for speech recognition},
  author    = {Xu, Qiantong and Baevski, Alexei and Likhomanenko, Tatiana and Tomasello, Paden and Conneau, Alexis and Collobert, Ronan and Synnaeve, Gabriel and Auli, Michael},
  booktitle = {IEEE International Conference on Acoustics, Speech and Signal Processing},
  year      = {2021}
}

@inproceedings{yosinski_NeurIPS14_transferable,
  title     = {How transferable are features in deep neural networks?},
  author    = {Yosinski, Jason and Clune, Jeff and Bengio, Yoshua and Lipson, Hod},
  booktitle = {Advances in Neural Information Processing Systems},
  year      = {2014}
}

@inproceedings{shu_ICML21zoo_tuning,
  title     = {Zoo-Tuning: Adaptive Transfer from a Zoo of Models},
  author    = {Shu, Yang and Kou, Zhi and Cao, Zhangjie and Wang, Jianmin and Long, Mingsheng},
  booktitle = {International Conference on Machine Learning},
  year      = {2021}
}

@inproceedings{li_ICML20_rifle,
  title     = {RIFLE: Backpropagation in Depth for Deep Transfer Learning through Re-Initializing the Fully-connected LayEr},
  author    = {Li, Xingjian and Xiong, Haoyi and An, Haozhe and Xu, Cheng-Zhong and Dou, Dejing},
  booktitle = {International Conference on Machine Learning},
  year      = {2020}
}

@inproceedings{zamir_CVPR18_taskonomy,
  title     = {Taskonomy: Disentangling task transfer learning},
  author    = {Zamir, Amir R and Sax, Alexander and Shen, William and Guibas, Leonidas J and Malik, Jitendra and Savarese, Silvio},
  booktitle = {Proceedings of the IEEE conference on computer vision and pattern recognition},
  year      = {2018}
}


@inproceedings{wang_ICML21_alphanet,
  title     = {AlphaNet: Improved Training of Supernets with Alpha-Divergence},
  author    = {Wang, Dilin and Gong, Chengyue and Li, Meng and Liu, Qiang and Chandra, Vikas},
  booktitle = {International Conference on Machine Learning},
  year      = {2021}
}

@inproceedings{yamaguchi_AAAI20_effective_data_augmentation_with_GANs,
  title     = {Effective data augmentation with multi-domain learning gans},
  author    = {Yamaguchi, Shin'ya and Kanai, Sekitoshi and Eda, Takeharu},
  booktitle = {Proceedings of the AAAI Conference on Artificial Intelligence},
  year      = {2020}
}

@inproceedings{saenko_ECCV10_domain_adaptation,
  title     = {Adapting visual category models to new domains},
  author    = {Saenko, Kate and Kulis, Brian and Fritz, Mario and Darrell, Trevor},
  booktitle = {European Conference on Computer Vision},
  year      = {2010}
}

@article{wang_Neuro_domain_adaptation_survey,
  title   = {Deep visual domain adaptation: A survey},
  author  = {Wang, Mei and Deng, Weihong},
  journal = {Neurocomputing},
  year    = {2018}
}

@article{ganin_JMLR16_DAAN,
  title   = {Domain-adversarial training of neural networks},
  author  = {Ganin, Yaroslav and Ustinova, Evgeniya and Ajakan, Hana and Germain, Pascal and Larochelle, Hugo and Laviolette, Fran{\c{c}}ois and Marchand, Mario and Lempitsky, Victor},
  journal = {The journal of machine learning research},
  year    = {2016}
}

@inproceedings{zoph_ICLR17_nas,
  title     = {Neural architecture search with reinforcement learning},
  author    = {Zoph, Barret and Le, Quoc V},
  booktitle = {International Conference on Learning Representation},
  year      = {2017}
}

@inproceedings{simonyan_ICLR15_vgg,
  title     = {Very deep convolutional networks for large-scale image recognition},
  author    = {Simonyan, Karen and Zisserman, Andrew},
  booktitle = {International Conference on Learning Representation},
  year      = {2015}
}

@inproceedings{he_ICCV19_rethinking_finetuning,
  title     = {Rethinking imagenet pre-training},
  author    = {He, Kaiming and Girshick, Ross and Doll{\'a}r, Piotr},
  booktitle = {International Conference on Computer Vision},
  pages     = {4918--4927},
  year      = {2019}
}

@inproceedings{zhang_ICLR21_revisiting_finetuning,
  title     = {Revisiting Few-sample {\{}BERT{\}} Fine-tuning},
  author    = {Tianyi Zhang and Felix Wu and Arzoo Katiyar and Kilian Q Weinberger and Yoav Artzi},
  booktitle = {International Conference on Learning Representations},
  year      = {2021}
}

@inproceedings{baevski_ICASSP20_effectiveness_pretraining,
  title     = {Effectiveness of self-supervised pre-training for asr},
  author    = {Baevski, Alexei and Mohamed, Abdelrahman},
  booktitle = {IEEE International Conference on Acoustics, Speech and Signal Processing},
  year      = {2020}
}

@inproceedings{Achille_ICCV19_Task2Vec,
  author    = {Achille, Alessandro and Lam, Michael and Tewari, Rahul and Ravichandran, Avinash and Maji, Subhransu and Fowlkes, Charless C. and Soatto, Stefano and Perona, Pietro},
  title     = {Task2Vec: Task Embedding for Meta-Learning},
  booktitle = {International Conference on Computer Vision},
  year      = {2019}
}

@inproceedings{kornblith_CVPR19_better_imagenet_transfer,
  title     = {Do better imagenet models transfer better?},
  author    = {Kornblith, Simon and Shlens, Jonathon and Le, Quoc V},
  booktitle = {Proceedings of the IEEE/CVF Conference on Computer Vision and Pattern Recognition},
  year      = {2019}
}

@article{you_NeurIPS20_co_tuning,
  title   = {Co-tuning for transfer learning},
  author  = {You, Kaichao and Kou, Zhi and Long, Mingsheng and Wang, Jianmin},
  journal = {Advances in Neural Information Processing Systems},
  year    = {2020}
}

@inproceedings{li_ICLR19_delta,
  title     = {Delta: Deep learning transfer using feature map with attention for convolutional networks},
  author    = {Li, Xingjian and Xiong, Haoyi and Wang, Hanchao and Rao, Yuxuan and Liu, Liping and Chen, Zeyu and Huan, Jun},
  booktitle = {International Conference on Learning Representations},
  year      = {2019}
}

@inproceedings{agrawal_ECCV14_analyzing_finetuning,
  title     = {Analyzing the performance of multilayer neural networks for object recognition},
  author    = {Agrawal, Pulkit and Girshick, Ross and Malik, Jitendra},
  booktitle = {European conference on computer vision},
  year      = {2014}
}

@inproceedings{girshick_CVPR14_rich_feature,
  title     = {Rich feature hierarchies for accurate object detection and semantic segmentation},
  author    = {Girshick, Ross and Donahue, Jeff and Darrell, Trevor and Malik, Jitendra},
  booktitle = {Proceedings of the IEEE conference on computer vision and pattern recognition},
  year      = {2014}
}

@inproceedings{grandvalet_NIPS04_entmin,
  author    = {Grandvalet, Yves and Bengio, Yoshua},
  booktitle = {Advances in Neural Information Processing Systems},
  title     = {Semi-supervised Learning by Entropy Minimization},
  year      = {2005}
}

@inproceedings{lee_ICMLW13_pseudo_labels,
  title     = {Pseudo-label: The simple and efficient semi-supervised learning method for deep neural networks},
  author    = {Lee, Dong-Hyun and others},
  booktitle = {Workshop on challenges in representation learning, ICML},
  year      = {2013}
}

@article{miyato_TPAMI_vat,
  title   = {Virtual adversarial training: a regularization method for supervised and semi-supervised learning},
  author  = {Miyato, Takeru and Maeda, Shin-ichi and Koyama, Masanori and Ishii, Shin},
  journal = {IEEE transactions on pattern analysis and machine intelligence},
  year    = {2017}
}

@inproceedings{bachman_NIPS14_learning_with_pseudo_ensembles,
  title     = {Learning with pseudo-ensembles},
  author    = {Bachman, Philip and Alsharif, Ouais and Precup, Doina},
  booktitle = {Advances in neural information processing systems},
  year      = {2014}
}

@inproceedings{sajjadi_NIPS16_regularization_SSL,
  title     = {Regularization with stochastic transformations and perturbations for deep semi-supervised learning},
  author    = {Sajjadi, Mehdi and Javanmardi, Mehran and Tasdizen, Tolga},
  booktitle = {Advances in neural information processing systems},
  year      = {2016}
}

@inproceedings{laine_ICLR16_temporal_ensembling,
  title     = {Temporal ensembling for semi-supervised learning},
  author    = {Laine, Samuli and Aila, Timo},
  booktitle = {International Conference on Learning Representations},
  year      = {2016}
}

@inproceedings{cubuk_CVPR20_randaugment,
  title     = {Randaugment: Practical automated data augmentation with a reduced search space},
  author    = {Cubuk, Ekin D and Zoph, Barret and Shlens, Jonathon and Le, Quoc V},
  booktitle = {Proceedings of the IEEE/CVF Conference on Computer Vision and Pattern Recognition Workshops},
  pages     = {702--703},
  year      = {2020}
}

@inproceedings{brown_NIPS20_gpt3,
  author    = {Brown, Tom and Mann, Benjamin and Ryder, Nick and Subbiah, Melanie and Kaplan, Jared D and Dhariwal, Prafulla and Neelakantan, Arvind and Shyam, Pranav and Sastry, Girish and Askell, Amanda and Agarwal, Sandhini and Herbert-Voss, Ariel and Krueger, Gretchen and Henighan, Tom and Child, Rewon and Ramesh, Aditya and Ziegler, Daniel and Wu, Jeffrey and Winter, Clemens and Hesse, Chris and Chen, Mark and Sigler, Eric and Litwin, Mateusz and Gray, Scott and Chess, Benjamin and Clark, Jack and Berner, Christopher and McCandlish, Sam and Radford, Alec and Sutskever, Ilya and Amodei, Dario},
  booktitle = {Advances in Neural Information Processing Systems},
  title     = {Language Models are Few-Shot Learners},
  year      = {2020}
}

@inproceedings{oord_NeurIPS17_vqvae,
  title     = {Neural discrete representation learning},
  author    = {Oord, Aaron van den and Vinyals, Oriol and Kavukcuoglu, Koray},
  booktitle = {Advances in neural information processing systems},
  year      = {2017}
}

@inproceedings{razavi_NeurIPS19_vqvae2,
  title     = {Generating diverse high-fidelity images with vq-vae-2},
  author    = {Razavi, Ali and van den Oord, Aaron and Vinyals, Oriol},
  booktitle = {Advances in neural information processing systems},
  year      = {2019}
}

@inproceedings{ho_NeurIPS20_DDPM,
  title     = {Denoising diffusion probabilistic models},
  author    = {Ho, Jonathan and Jain, Ajay and Abbeel, Pieter},
  booktitle = {Advances in neural information processing systems},
  year      = {2020}
}

@inproceedings{nichol_ICML21_DDIM,
  title     = {Improved denoising diffusion probabilistic models},
  author    = {Nichol, Alex and Dhariwal, Prafulla},
  booktitle = {International Conference on Machine Learning},
  year      = {2021}
}

@inproceedings{sankaranarayanan_CVPR18_domain_adaptation_gan,
  title     = {Generate to adapt: Aligning domains using generative adversarial networks},
  author    = {Sankaranarayanan, Swami and Balaji, Yogesh and Castillo, Carlos D and Chellappa, Rama},
  booktitle = {Proceedings of the IEEE Conference on Computer Vision and Pattern Recognition},
  year      = {2018}
}

@inproceedings{zhao_NeurIPS20_diffaugment,
  title     = {Differentiable Augmentation for Data-Efficient GAN Training},
  author    = {Zhao, Shengyu and Liu, Zhijian and Lin, Ji and Zhu, Jun-Yan and Han, Song},
  booktitle = {Advances in neural information processing systems},
  year      = {2020}
}

@book{chapelle_MIT06_ssl_survey,
  title     = {Semi-supervised Learning},
  author    = {Chapelle, Olivier and Sch{\"o}lkopf, Bernhard and Zien, Alexander},
  year      = {2006},
  publisher = {MIT Press}
}

@article{yang_arxiv21_ssl_survey,
  title   = {A Survey on Deep Semi-supervised Learning},
  author  = {Yang, Xiangli and Song, Zixing and King, Irwin and Xu, Zenglin},
  journal = {arXiv preprint arXiv:2103.00550},
  year    = {2021}
}

@inproceedings{lee_ICLR21_MetaD2A,
  title     = {Rapid Neural Architecture Search by Learning to Generate Graphs from Datasets},
  author    = {Hayeon Lee and Eunyoung Hyung and Sung Ju Hwang},
  booktitle = {International Conference on Learning Representations},
  year      = {2021}
}

@article{griffin_07_caltech256,
  title     = {Caltech-256 object category dataset},
  author    = {Griffin, Gregory and Holub, Alex and Perona, Pietro},
  year      = {2007},
  publisher = {California Institute of Technology}
}

@techreport{Welinder_10_cub2002011,
  author      = {P. Welinder and S. Branson and T. Mita and C. Wah and F. Schroff and S. Belongie and P. Perona},
  institution = {California Institute of Technology},
  title       = {{Caltech-UCSD Birds 200}},
  year        = {2010}
}

@inproceedings{quattoni_CVPR09_indoor,
  title     = {Recognizing indoor scenes},
  author    = {Quattoni, Ariadna and Torralba, Antonio},
  booktitle = {IEEE Conference on Computer Vision and Pattern Recognition},
  year      = {2009}
}

@inproceedings{parkhi_CVPR12_oxford_pets,
  author    = {Omkar M. Parkhi and Andrea Vedaldi and Andrew Zisserman and C. V. Jawahar},
  title     = {Cats and Dogs},
  booktitle = {IEEE Conference on Computer Vision and Pattern Recognition},
  year      = {2012}
}

@inproceedings{khosla_11_stanford_dogs,
  author    = {Aditya Khosla and Nityananda Jayadevaprakash and Bangpeng Yao and Li Fei-Fei},
  title     = {Novel Dataset for Fine-Grained Image Categorization},
  booktitle = {First Workshop on Fine-Grained Visual Categorization, IEEE Conference on Computer Vision and Pattern Recognition},
  year      = {2011}
}

@inproceedings{li_ICLR20_rethinking_finetuning,
  title     = {Rethinking the Hyperparameters for Fine-tuning},
  author    = {Hao Li and Pratik Chaudhari and Hao Yang and Michael Lam and Avinash Ravichandran and Rahul Bhotika and Stefano Soatto},
  booktitle = {International Conference on Learning Representations},
  year      = {2020}
}

@inproceedings{kang_NeurIPS20_ContraGAN,
  title     = {ContraGAN: Contrastive Learning for Conditional Image Generation},
  author    = {Minguk, Kang and Jaesik, Park},
  booktitle = {Advances in Neural Information Processing Systems},
  year      = {2020}
}

@inproceedings{zhang_ICML19_SAGAN,
  title     = {Self-attention generative adversarial networks},
  author    = {Zhang, Han and Goodfellow, Ian and Metaxas, Dimitris and Odena, Augustus},
  booktitle = {International conference on machine learning},
  year      = {2019}
}

@inproceedings{kang_NeurIPS21_ReACGAN,
  title     = {Rebooting ACGAN: Auxiliary Classifier GANs with Stable Training},
  author    = {Minguk, Kang and Woohyeon, Shim and Minsu, Cho and Jaesik, Park},
  booktitle = {Advances in Neural Information Processing Systems},
  year      = {2021}
}

@inproceedings{zagoruyko_BMVC16_wide_resnet,
  title     = {Wide Residual Networks},
  author    = {Zagoruyko, Sergey and Komodakis, Nikos},
  booktitle = {British Machine Vision Conference 2016},
  year      = {2016}
}

@inproceedings{tan_CVPR19_mnasnet,
  title     = {Mnasnet: Platform-aware neural architecture search for mobile},
  author    = {Tan, Mingxing and Chen, Bo and Pang, Ruoming and Vasudevan, Vijay and Sandler, Mark and Howard, Andrew and Le, Quoc V},
  booktitle = {Proceedings of the IEEE/CVF Conference on Computer Vision and Pattern Recognition},
  year      = {2019}
}

@inproceedings{howard_CVPR19_MobileNetV3,
  title     = {Searching for mobilenetv3},
  author    = {Howard, Andrew and Sandler, Mark and Chu, Grace and Chen, Liang-Chieh and Chen, Bo and Tan, Mingxing and Wang, Weijun and Zhu, Yukun and Pang, Ruoming and Vasudevan, Vijay and others},
  booktitle = {Proceedings of the IEEE/CVF International Conference on Computer Vision},
  pages     = {1314--1324},
  year      = {2019}
}

@inproceedings{xuhong_ICML18_l2sp,
  title     = {Explicit inductive bias for transfer learning with convolutional networks},
  author    = {Li, Xuhong and Grandvalet, Yves and Davoine, Franck},
  booktitle = {International Conference on Machine Learning},
  year      = {2018}
}

@inproceedings{Chen_NeurIPS19_BSS,
  author    = {Chen, Xinyang and Wang, Sinan and Fu, Bo and Long, Mingsheng and Wang, Jianmin},
  booktitle = {Advances in Neural Information Processing Systems},
  title     = {Catastrophic Forgetting Meets Negative Transfer: Batch Spectral Shrinkage for Safe Transfer Learning},
  year      = {2019}
}

@inproceedings{cui_CVPR18_large_scale_finegrained,
  title     = {Large scale fine-grained categorization and domain-specific transfer learning},
  author    = {Cui, Yin and Song, Yang and Sun, Chen and Howard, Andrew and Belongie, Serge},
  booktitle = {Proceedings of the IEEE conference on computer vision and pattern recognition},
  year      = {2018}
}


@article{hinton_2015_distilling,
  title   = {Distilling the knowledge in a neural network},
  author  = {Hinton, Geoffrey and Vinyals, Oriol and Dean, Jeff},
  journal = {arXiv preprint arXiv:1503.02531},
  year    = {2015}
}

@inproceedings{ba_NIPS14_logit_matching,
  author    = {Ba, Jimmy and Caruana, Rich},
  booktitle = {Advances in Neural Information Processing Systems},
  title     = {Do Deep Nets Really Need to be Deep?},
  year      = {2014}
}

@inproceedings{martins_ICML16_sparsemax,
  title        = {From softmax to sparsemax: A sparse model of attention and multi-label classification},
  author       = {Martins, Andre and Astudillo, Ramon},
  booktitle    = {International Conference on Machine Learning},
  pages        = {1614--1623},
  year         = {2016},
  organization = {PMLR}
}


@inproceedings{jian_ICML20_SHOT,
  title     = {Do We Really Need to Access the Source Data? {S}ource Hypothesis Transfer for Unsupervised Domain Adaptation},
  author    = {Liang, Jian and Hu, Dapeng and Feng, Jiashi},
  booktitle = {Proceedings of the 37th International Conference on Machine Learning},
  year      = {2020}
}

@inproceedings{kundu_CVPR20_universal_source_free_domain_adaptation,
  author    = {Kundu, Jogendra Nath and Venkat, Naveen and V, Rahul M and Babu, R. Venkatesh},
  title     = {Universal Source-Free Domain Adaptation},
  booktitle = {Proceedings of the IEEE/CVF Conference on Computer Vision and Pattern Recognition},
  year      = {2020}
}

@inproceedings{wang_ICLR21_tent,
  title     = {Tent: Fully Test-Time Adaptation by Entropy Minimization},
  author    = {Dequan Wang and Evan Shelhamer and Shaoteng Liu and Bruno Olshausen and Trevor Darrell},
  booktitle = {International Conference on Learning Representations},
  year      = {2021}
}

@inproceedings{yang_CVPR15_compcars,
  title     = {A large-scale car dataset for fine-grained categorization and verification},
  author    = {Yang, Linjie and Luo, Ping and Change Loy, Chen and Tang, Xiaoou},
  booktitle = {Proceedings of the IEEE conference on computer vision and pattern recognition},
  year      = {2015}
}

@inproceedings{Li_CVPR20_unsupervised_domain_adaptation_without_source_data,
  author    = {Li, Rui and Jiao, Qianfen and Cao, Wenming and Wong, Hau-San and Wu, Si},
  title     = {Model Adaptation: Unsupervised Domain Adaptation Without Source Data},
  booktitle = {Proceedings of the IEEE/CVF Conference on Computer Vision and Pattern Recognition},
  year      = {2020}
}

@article{van_MachineLerning20_survey_semi_supervised,
  title     = {A survey on semi-supervised learning},
  author    = {Van Engelen, Jesper E and Hoos, Holger H},
  journal   = {Machine Learning},
  year      = {2020},
  publisher = {Springer}
}

@inproceedings{chidlovskii_KDD16_domain_adaptation_without_source_domain_data,
  title     = {Domain adaptation in the absence of source domain data},
  author    = {Chidlovskii, Boris and Clinchant, Stephane and Csurka, Gabriela},
  booktitle = {ACM SIGKDD International Conference on Knowledge Discovery and Data Mining},
  year      = {2016}
}

@article{ramesh_2022_dalle2,
  title   = {Hierarchical text-conditional image generation with clip latents},
  author  = {Ramesh, Aditya and Dhariwal, Prafulla and Nichol, Alex and Chu, Casey and Chen, Mark},
  journal = {arXiv preprint arXiv:2204.06125},
  year    = {2022}
}

@inproceedings{liew_ICLR22_pearl,
  title     = {PEARL: Data Synthesis via Private Embeddings and Adversarial Reconstruction Learning},
  author    = {Liew, Seng Pei and Takahashi, Tsubasa and Ueno, Michihiko},
  booktitle = {International Conference on Learning Representations},
  year      = {2022}
}

@inproceedings{liu_ICLR21_unbiased_teacher,
  title     = {Unbiased Teacher for Semi-Supervised Object Detection},
  author    = {Liu, Yen-Cheng and Ma, Chih-Yao and He, Zijian and Kuo, Chia-Wen and Chen, Kan and Zhang, Peizhao and Wu, Bichen and Kira, Zsolt and Vajda, Peter},
  booktitle = {International Conference on Learning Representations},
  year      = {2021}
}

@inproceedings{augenstein_ICLR20_generative_decentralized_datasets,
  title     = {Generative models for effective ML on private, decentralized datasets},
  author    = {Augenstein, Sean and McMahan, H Brendan and Ramage, Daniel and Ramaswamy, Swaroop and Kairouz, Peter and Chen, Mingqing and Mathews, Rajiv and others},
  booktitle = {International Conference on Learning Representations},
  year      = {2020}
}

@inproceedings{torkzadehmahani_CVPRW19_dpcgan,
  title     = {Dp-cgan: Differentially private synthetic data and label generation},
  author    = {Torkzadehmahani, Reihaneh and Kairouz, Peter and Paten, Benedict},
  booktitle = {Proceedings of the IEEE/CVF Conference on Computer Vision and Pattern Recognition Workshops},
  pages     = {0--0},
  year      = {2019}
}

@inproceedings{lin_CVPR17_fpn,
  title     = {Feature pyramid networks for object detection},
  author    = {Lin, Tsung-Yi and Doll{\'a}r, Piotr and Girshick, Ross and He, Kaiming and Hariharan, Bharath and Belongie, Serge},
  booktitle = {Proceedings of the IEEE/CVF Conference on Computer Vision and Pattern Recognition},
  year      = {2017}
}

@misc{wu2019detectron2,
  author       = {Yuxin Wu and Alexander Kirillov and Francisco Massa and
                  Wan-Yen Lo and Ross Girshick},
  title        = {Detectron2},
  howpublished = {\url{https://github.com/facebookresearch/detectron2}},
  year         = {2019}
}

@inproceedings{Patashnik_ICCV21_StyleCLIP,
  author    = {Patashnik, Or and Wu, Zongze and Shechtman, Eli and Cohen-Or, Daniel and Lischinski, Dani},
  title     = {StyleCLIP: Text-Driven Manipulation of StyleGAN Imagery},
  booktitle = {Proceedings of the IEEE/CVF International Conference on Computer Vision (ICCV)},
  year      = {2021}
}

@inproceedings{Kaiyu_ICML22_Face_Obfuscation_ImageNet,
  title     = {A Study of Face Obfuscation in {I}mage{N}et},
  author    = {Yang, Kaiyu and Yau, Jacqueline H. and Fei-Fei, Li and Deng, Jia and Russakovsky, Olga},
  booktitle = {International Conference on Machine Learning},
  year      = {2022}
}

@inproceedings{Krishnarm_WSDM19_privacy_data_mining,
  author    = {Kenthapadi, Krishnaram and Mironov, Ilya and Thakurta, Abhradeep Guha},
  title     = {Privacy-Preserving Data Mining in Industry},
  year      = {2019},
  booktitle = {Proceedings of the Twelfth ACM International Conference on Web Search and Data Mining}
}

@inproceedings{Chang_AAAI19_disjoint_label_transfer,
  title     = {Disjoint label space transfer learning with common factorised space},
  author    = {Chang, Xiaobin and Yang, Yongxin and Xiang, Tao and Hospedales, Timothy M},
  booktitle = {Proceedings of the AAAI Conference on Artificial Intelligence},
  volume    = {33},
  number    = {01},
  pages     = {3288--3295},
  year      = {2019}
}

@inproceedings{Dosovitskiy_ICLR21_ViT,
  title     = {An Image is Worth 16x16 Words: Transformers for Image Recognition at Scale},
  author    = {Alexey Dosovitskiy and Lucas Beyer and Alexander Kolesnikov and Dirk Weissenborn and Xiaohua Zhai and Thomas Unterthiner and Mostafa Dehghani and Matthias Minderer and Georg Heigold and Sylvain Gelly and Jakob Uszkoreit and Neil Houlsby},
  booktitle = {International Conference on Learning Representations},
  year      = {2021}
}

@inproceedings{Devlin_NAACL19_BERT,
  title     = {{BERT}: Pre-training of Deep Bidirectional Transformers for Language Understanding},
  author    = {Devlin, Jacob  and
               Chang, Ming-Wei  and
               Lee, Kenton  and
               Toutanova, Kristina},
  booktitle = {Conference of the North {A}merican Chapter of the Association for Computational Linguistics},
  year      = {2019}
}

@article{Brown_NeurIPS20_GPT3,
  title   = {Language models are few-shot learners},
  author  = {Brown, Tom and Mann, Benjamin and Ryder, Nick and Subbiah, Melanie and Kaplan, Jared D and Dhariwal, Prafulla and Neelakantan, Arvind and Shyam, Pranav and Sastry, Girish and Askell, Amanda and others},
  journal = {Advances in neural information processing systems},
  year    = {2020}
}

@article{Li_NeurIPS21_improved_fine-tuning,
  title   = {Improved regularization and robustness for fine-tuning in neural networks},
  author  = {Li, Dongyue and Zhang, Hongyang},
  journal = {Advances in Neural Information Processing Systems},
  year    = {2021}
}

@inproceedings{Standley_ICML20_MTL_which_task,
  title     = {Which tasks should be learned together in multi-task learning?},
  author    = {Standley, Trevor and Zamir, Amir and Chen, Dawn and Guibas, Leonidas and Malik, Jitendra and Savarese, Silvio},
  booktitle = {International Conference on Machine Learning},
  year      = {2020}
}

@article{Caruana_MachineLearning97_multitask_learning,
  title   = {Multitask learning},
  author  = {Caruana, Rich},
  journal = {Machine learning},
  year    = {1997}
}

@inproceedings{Shahbazi_CVPR21_cGAN_Transfer,
  title     = {Efficient conditional gan transfer with knowledge propagation across classes},
  author    = {Shahbazi, Mohamad and Huang, Zhiwu and Paudel, Danda Pani and Chhatkuli, Ajad and Van Gool, Luc},
  booktitle = {Proceedings of the IEEE/CVF Conference on Computer Vision and Pattern Recognition},
  year      = {2021}
}

@inproceedings{Rombach_CVPR22_StableDiffusion,
  author    = {Rombach, Robin and Blattmann, Andreas and Lorenz, Dominik and Esser, Patrick and Ommer, Bj\"orn},
  title     = {High-Resolution Image Synthesis With Latent Diffusion Models},
  booktitle = {Proceedings of the IEEE/CVF Conference on Computer Vision and Pattern Recognition},
  year      = {2022}
}

@article{Frid_NC18_gan_aug_liver_lesion,
  title     = {GAN-based synthetic medical image augmentation for increased CNN performance in liver lesion classification},
  author    = {Frid-Adar, Maayan and Diamant, Idit and Klang, Eyal and Amitai, Michal and Goldberger, Jacob and Greenspan, Hayit},
  journal   = {Neurocomputing},
  year      = {2018},
  publisher = {Elsevier}
}

@inproceedings{Frid_ISBI18_gan_aug_liver_lesion,
  title     = {Synthetic data augmentation using GAN for improved liver lesion classification},
  author    = {Frid-Adar, Maayan and Klang, Eyal and Amitai, Michal and Goldberger, Jacob and Greenspan, Hayit},
  booktitle = {2018 IEEE 15th International Symposium on Biomedical Imaging},
  year      = {2018}
}

@inproceedings{Choi_ICCV19_self_ensembling_gan_aug,
  title     = {Self-ensembling with gan-based data augmentation for domain adaptation in semantic segmentation},
  author    = {Choi, Jaehoon and Kim, Taekyung and Kim, Changick},
  booktitle = {Proceedings of the IEEE/CVF International Conference on Computer Vision},
  pages     = {6830--6840},
  year      = {2019}
}

@inproceedings{Zhang_CVPR21_datasetgan,
  author    = {Zhang, Yuxuan and Ling, Huan and Gao, Jun and Yin, Kangxue and Lafleche, Jean-Francois and Barriuso, Adela and Torralba, Antonio and Fidler, Sanja},
  title     = {DatasetGAN: Efficient Labeled Data Factory With Minimal Human Effort},
  booktitle = {Proceedings of the IEEE/CVF Conference on Computer Vision and Pattern Recognition},
  month     = {June},
  year      = {2021},
  pages     = {10145-10155}
}

@inproceedings{Calimeri_ICANN17_biomedical_data_aug_using_gans,
  title        = {Biomedical data augmentation using generative adversarial neural networks},
  author       = {Calimeri, Francesco and Marzullo, Aldo and Stamile, Claudio and Terracina, Giorgio},
  booktitle    = {International conference on artificial neural networks},
  pages        = {626--634},
  year         = {2017},
  organization = {Springer}
}

@inproceedings{Zhu_PAKDD18_gan_aug_emotion,
  author    = {Zhu, Xinyue
               and Liu, Yifan
               and Li, Jiahong
               and Wan, Tao
               and Qin, Zengchang},
  editor    = {Phung, Dinh
               and Tseng, Vincent S.
               and Webb, Geoffrey I.
               and Ho, Bao
               and Ganji, Mohadeseh
               and Rashidi, Lida},
  title     = {Emotion Classification with Data Augmentation Using Generative Adversarial Networks},
  booktitle = {Advances in Knowledge Discovery and Data Mining},
  year      = {2018},
  publisher = {Springer International Publishing}
}

@article{Waheed_IEEEAccess20_covidgan,
  title     = {Covidgan: data augmentation using auxiliary classifier gan for improved covid-19 detection},
  author    = {Waheed, Abdul and Goyal, Muskan and Gupta, Deepak and Khanna, Ashish and Al-Turjman, Fadi and Pinheiro, Pl{\'a}cido Rogerio},
  journal   = {Ieee Access},
  year      = {2020},
  publisher = {IEEE}
}

@article{Shorten_JBigData19_survey_on_data_augmentation,
  title     = {A survey on image data augmentation for deep learning},
  author    = {Shorten, Connor and Khoshgoftaar, Taghi M},
  journal   = {Journal of big data},
  year      = {2019},
  publisher = {SpringerOpen}
}

@inproceedings{Finn_ICML17_maml,
  title     = {Model-agnostic meta-learning for fast adaptation of deep networks},
  author    = {Finn, Chelsea and Abbeel, Pieter and Levine, Sergey},
  booktitle = {International conference on machine learning},
  year      = {2017}
}

@inproceedings{Liu_ICLR18_darts,
  title     = {{DARTS}: Differentiable Architecture Search},
  author    = {Hanxiao Liu and Karen Simonyan and Yiming Yang},
  booktitle = {International Conference on Learning Representations},
  year      = {2019}
}

@inproceedings{Wang_CVPR20_minegan,
  title     = {Minegan: effective knowledge transfer from gans to target domains with few images},
  author    = {Wang, Yaxing and Gonzalez-Garcia, Abel and Berga, David and Herranz, Luis and Khan, Fahad Shahbaz and Weijer, Joost van de},
  booktitle = {Proceedings of the IEEE/CVF Conference on Computer Vision and Pattern Recognition},
  pages     = {9332--9341},
  year      = {2020}
}

@article{Yamaguchi_arXiv22_PSSL,
  title   = {Transfer Learning with Pre-trained Conditional Generative Models},
  author  = {Yamaguchi, Shin'ya and Kanai, Sekitoshi and Kumagai, Atsutoshi and Chijiwa, Daiki and Kashima, Hisashi},
  journal = {arXiv preprint arXiv:2204.12833},
  year    = {2022}
}

@inproceedings{Riba_WACV20_kornia,
  title     = {Kornia: an open source differentiable computer vision library for pytorch},
  author    = {Riba, Edgar and Mishkin, Dmytro and Ponsa, Daniel and Rublee, Ethan and Bradski, Gary},
  booktitle = {Proceedings of the IEEE/CVF Winter Conference on Applications of Computer Vision},
  year      = {2020}
}

@article{Mcinnes_arXiv18_umap,
  title   = {Umap: Uniform manifold approximation and projection for dimension reduction},
  author  = {McInnes, Leland and Healy, John and Melville, James},
  journal = {arXiv preprint arXiv:1802.03426},
  year    = {2018}
}

@inproceedings{Muller_ICCV21_trivialaugment,
  title     = {Trivialaugment: Tuning-free yet state-of-the-art data augmentation},
  author    = {M{\"u}ller, Samuel G and Hutter, Frank},
  booktitle = {Proceedings of the IEEE/CVF international conference on computer vision},
  pages     = {774--782},
  year      = {2021}
}

@inproceedings{Hendrycks_ICLR20_augmix,
  title     = {{AugMix}: A Simple Data Processing Method to Improve Robustness and Uncertainty},
  author    = {Hendrycks, Dan and Mu, Norman and Cubuk, Ekin D. and Zoph, Barret and Gilmer, Justin and Lakshminarayanan, Balaji},
  booktitle = {Proceedings of the International Conference on Learning Representations},
  year      = {2020}
}

@inproceedings{Sauer_SIGGRAPH22_styleganxl,
  title     = {Stylegan-xl: Scaling stylegan to large diverse datasets},
  author    = {Sauer, Axel and Schwarz, Katja and Geiger, Andreas},
  booktitle = {ACM SIGGRAPH},
  year      = {2022}
}

@inproceedings{Liu_ICLR21_fastgan,
  title     = {Towards faster and stabilized gan training for high-fidelity few-shot image synthesis},
  author    = {Liu, Bingchen and Zhu, Yizhe and Song, Kunpeng and Elgammal, Ahmed},
  booktitle = {International Conference on Learning Representations},
  year      = {2021}
}

@article{He_ICLR23_synthetic_data,
  title   = {Is synthetic data from generative models ready for image recognition?},
  author  = {He, Ruifei and Sun, Shuyang and Yu, Xin and Xue, Chuhui and Zhang, Wenqing and Torr, Philip and Bai, Song and Qi, Xiaojuan},
  journal = {arXiv preprint arXiv:2210.07574},
  year    = {2022}
}

@inproceedings{Karras_NeurIPS22_edm,
  title     = {Elucidating the design space of diffusion-based generative models},
  author    = {Karras, Tero and Aittala, Miika and Aila, Timo and Laine, Samuli},
  booktitle = {Advances in Neural Information Processing Systems},
  year      = {2022}
}

@inproceedings{Meng_CVPR23_distillation_diffusion,
  title={On distillation of guided diffusion models},
  author={Meng, Chenlin and Gao, Ruiqi and Kingma, Diederik P and Ermon, Stefano and Ho, Jonathan and Salimans, Tim},
  booktitle = {Proceedings of the IEEE/CVF international conference on computer vision},
  year={2022}
}

@inproceedings{Zhang_ICLR17_mixup,
  title={mixup: Beyond empirical risk minimization},
  author={Zhang, Hongyi and Cisse, Moustapha and Dauphin, Yann N and Lopez-Paz, David},
  booktitle={International Conference on Learning Representations},
  year={2018}
}

@inproceedings{Yun_ICCV19_cutmix,
  title={Cutmix: Regularization strategy to train strong classifiers with localizable features},
  author={Yun, Sangdoo and Han, Dongyoon and Oh, Seong Joon and Chun, Sanghyuk and Choe, Junsuk and Yoo, Youngjoon},
  booktitle={Proceedings of the IEEE/CVF international conference on computer vision},
  year={2019}
}

@inproceedings{Huang_AAAI21_snapmix,
  title={Snapmix: Semantically proportional mixing for augmenting fine-grained data},
  author={Huang, Shaoli and Wang, Xinchao and Tao, Dacheng},
  booktitle={Proceedings of the AAAI Conference on Artificial Intelligence},
  year={2021}
}


@inproceedings{Such_ICML20_gtn,
  title={Generative teaching networks: Accelerating neural architecture search by learning to generate synthetic training data},
  author={Such, Felipe Petroski and Rawal, Aditya and Lehman, Joel and Stanley, Kenneth and Clune, Jeffrey},
  booktitle={International Conference on Machine Learning},
  year={2020},
}

@inproceedings{Liu_ICCV23_Landscape,
  title={Landscape learning for neural network inversion},
  author={Liu, Ruoshi and Mao, Chengzhi and Tendulkar, Purva and Wang, Hao and Vondrick, Carl},
  booktitle={Proceedings of the IEEE/CVF International Conference on Computer Vision},
  year={2023}
}

@inproceedings{Mokady_SIGGRAPH22_selfdistill_multi_modal_truncation,
  title={Self-distilled stylegan: Towards generation from internet photos},
  author={Mokady, Ron and Tov, Omer and Yarom, Michal and Lang, Oran and Mosseri, Inbar and Dekel, Tali and Cohen-Or, Daniel and Irani, Michal},
  booktitle={ACM SIGGRAPH 2022 Conference Proceedings},
  year={2022}
}

@inproceedings{Hendrycks_ICLR19_cifarc,
  title={Benchmarking Neural Network Robustness to Common Corruptions and Perturbations},
  author={Dan Hendrycks and Thomas Dietterich},
  booktitle={International Conference on Learning Representations},
  year={2019},
}

@inproceedings{Koh_ICML20_concept_bottleneck,
  title={Concept bottleneck models},
  author={Koh, Pang Wei and Nguyen, Thao and Tang, Yew Siang and Mussmann, Stephen and Pierson, Emma and Kim, Been and Liang, Percy},
  booktitle={International conference on machine learning},
  year={2020},
}

@inproceedings{Ramaswamy_CVPR23_overlooked_factors_CBMs,
  title={Overlooked factors in concept-based explanations: Dataset choice, concept learnability, and human capability},
  author={Ramaswamy, Vikram V and Kim, Sunnie SY and Fong, Ruth and Russakovsky, Olga},
  booktitle={Proceedings of the IEEE/CVF Conference on Computer Vision and Pattern Recognition},
  year={2023}
}

@inproceedings{Radford_ICML21_CLIP,
  title={Learning transferable visual models from natural language supervision},
  author={Radford, Alec and Kim, Jong Wook and Hallacy, Chris and Ramesh, Aditya and Goh, Gabriel and Agarwal, Sandhini and Sastry, Girish and Askell, Amanda and Mishkin, Pamela and Clark, Jack and others},
  booktitle={International conference on machine learning},
  year={2021},
  organization={PMLR}
}

@inproceedings{Yuksekgonul_ICLR23_post-hoc_CBMs,
  title={Post-hoc Concept Bottleneck Models},
  author={Yuksekgonul, Mert and Wang, Maggie and Zou, James},
  booktitle={International Conference on Learning Representations},
  year={2023}
}

@inproceedings{Oikarinen_ICLR23_label-free_CBMs,
  title={Label-free Concept Bottleneck Models},
  author={Oikarinen, Tuomas and Das, Subhro and Nguyen, Lam M and Weng, Tsui-Wei},
  booktitle={International Conference on Learning Representations},
  year={2023}
}

@inproceedings{Speer_AAAI17_conceptnet, 
    title={ConceptNet 5.5: An Open Multilingual Graph of General Knowledge}, 
    booktitle={Proceedings of the AAAI Conference on Artificial Intelligence},
    author={Speer, Robyn and Chin, Joshua and Havasi, Catherine},
    year={2017}
}

@inproceedings{Yang_CVPR23_LaBo,
  title={Language in a bottle: Language model guided concept bottlenecks for interpretable image classification},
  author={Yang, Yue and Panagopoulou, Artemis and Zhou, Shenghao and Jin, Daniel and Callison-Burch, Chris and Yatskar, Mark},
  booktitle={Proceedings of the IEEE/CVF Conference on Computer Vision and Pattern Recognition},
  year={2023}
}

@inproceedings{Zarlenga_NeurIPS22_concept_embedding,
  title={Concept embedding models},
  author={Zarlenga, Mateo Espinosa and Barbiero, Pietro and Ciravegna, Gabriele and Marra, Giuseppe and Giannini, Francesco and Diligenti, Michelangelo and Precioso, Frederic and Melacci, Stefano and Weller, Adrian and Lio, Pietro and others},
  booktitle={Advances in Neural Information Processing Systems},
  year={2022}
}

@inproceedings{Moayeri_ICML23_text-to-concept,
  title={Text-to-concept (and back) via cross-model alignment},
  author={Moayeri, Mazda and Rezaei, Keivan and Sanjabi, Maziar and Feizi, Soheil},
  booktitle={International Conference on Machine Learning},
  year={2023},
}

@inproceedings{Xu_ICLR24_energy-based_CBMs,
  title={Energy-based concept bottleneck models: unifying prediction, concept intervention, and conditional interpretations},
  author={Xu, Xinyue and Qin, Yi and Mi, Lu and Wang, Hao and Li, Xiaomeng},
  booktitle={International Conference on Learning Representations},
  year={2024}
}

@inproceedings{Li_ICML22_BLIP,
  title={Blip: Bootstrapping language-image pre-training for unified vision-language understanding and generation},
  author={Li, Junnan and Li, Dongxu and Xiong, Caiming and Hoi, Steven},
  booktitle={International conference on machine learning},
  year={2022},
}

@inproceedings{Li_ICML23_BLIP2,
  title={Blip-2: Bootstrapping language-image pre-training with frozen image encoders and large language models},
  author={Li, Junnan and Li, Dongxu and Savarese, Silvio and Hoi, Steven},
  booktitle={International conference on machine learning},
  year={2023},
}

@inproceedings{Hessel_EMNLP21_clipscore,
  title={CLIPScore: A Reference-free Evaluation Metric for Image Captioning},
  author={Hessel, Jack and Holtzman, Ari and Forbes, Maxwell and Le Bras, Ronan and Choi, Yejin},
  booktitle={Proceedings of the 2021 Conference on Empirical Methods in Natural Language Processing},
  pages={7514--7528},
  year={2021}
}

@inproceedings{Kim_EMNLP16_seqkd,
  title={Sequence-Level Knowledge Distillation},
  author={Kim, Yoon and Rush, Alexander M},
  booktitle={Proceedings of the 2016 Conference on Empirical Methods in Natural Language Processing},
  year={2016},
  organization={Association for Computational Linguistics}
}

@inproceedings{Jang_ICLR17_gumbel_softmax,
  title={Categorical reparameterization with gumbel-softmax},
  author={Jang, Eric and Gu, Shixiang and Poole, Ben},
  booktitle={International Conference on Learning Representation},
  year={2017}
}

@inproceedings{liu_NeurIPS23_llava,
  title={Visual Instruction Tuning}, 
  author={Liu, Haotian and Li, Chunyuan and Wu, Qingyang and Lee, Yong Jae},
  booktitle={Advances in Neural Information Processing Systems},
  year={2023},
}

@article{Touvron_arXiv23_llama,
  title={Llama: Open and efficient foundation language models},
  author={Touvron, Hugo and Lavril, Thibaut and Izacard, Gautier and Martinet, Xavier and Lachaux, Marie-Anne and Lacroix, Timoth{\'e}e and Rozi{\`e}re, Baptiste and Goyal, Naman and Hambro, Eric and Azhar, Faisal and others},
  journal={arXiv preprint arXiv:2302.13971},
  year={2023}
}

@inproceedings{Loshchilov_ICLR19_AdamW,
  title={Decoupled weight decay regularization},
  author={Loshchilov, Ilya and Hutter, Frank},
  booktitle={International Conference on Learning Representations},
  year={2019}
}

@inproceedings{Chan_EMNLP23_clair,
  title={CLAIR: Evaluating Image Captions with Large Language Models},
  author={Chan, David and Petryk, Suzanne and Gonzalez, Joseph and Darrell, Trevor and Canny, John},
  booktitle={Proceedings of the 2023 Conference on Empirical Methods in Natural Language Processing},
  year={2023}
}

@article{Radford_Pre19_GPT2,
  title={Language Models are Unsupervised Multitask Learners},
  author={Radford, Alec and Wu, Jeff and Child, Rewon and Luan, David and Amodei, Dario and Sutskever, Ilya},
  year={2019}
}

@article{Wolf_arXiv19_huggingface,
  title={Huggingface's transformers: State-of-the-art natural language processing},
  author={Wolf, Thomas and Debut, Lysandre and Sanh, Victor and Chaumond, Julien and Delangue, Clement and Moi, Anthony and Cistac, Pierric and Rault, Tim and Louf, R{\'e}mi and Funtowicz, Morgan and others},
  journal={arXiv preprint arXiv:1910.03771},
  year={2019}
}

@inproceedings{Feng_ICLR23_training-free_compositional_t2i,
  title={Training-Free Structured Diffusion Guidance for Compositional Text-to-Image Synthesis},
  author={Feng, Weixi and He, Xuehai and Fu, Tsu-Jui and Jampani, Varun and Akula, Arjun Reddy and Narayana, Pradyumna and Basu, Sugato and Wang, Xin Eric and Wang, William Yang},
  booktitle={The Eleventh International Conference on Learning Representations},
  year={2022}
}

@inproceedings{Zhang_ICLR20_BERTScore,
title={BERTScore: Evaluating Text Generation with BERT},
author={Tianyi Zhang* and Varsha Kishore* and Felix Wu* and Kilian Q. Weinberger and Yoav Artzi},
booktitle={International Conference on Learning Representations},
year={2020},
}

@inproceedings{Gandelsman_ICLR24_interpreting_CLIP,
      title={Interpreting {CLIP}'s Image Representation via Text-Based Decomposition},
      author={Yossi Gandelsman and Alexei A. Efros and Jacob Steinhardt},
      booktitle={International Conference on Learning Representations},
      year={2024},
}

@inproceedings{Chefer_CVPR21_transformer_interpretability,
  title={Transformer interpretability beyond attention visualization},
  author={Chefer, Hila and Gur, Shir and Wolf, Lior},
  booktitle={Proceedings of the IEEE/CVF conference on computer vision and pattern recognition},
  pages={782--791},
  year={2021}
}

@article{Guillaumin_IJCV14_imagenet_segmentation,
  title={Imagenet auto-annotation with segmentation propagation},
  author={Guillaumin, Matthieu and K{\"u}ttel, Daniel and Ferrari, Vittorio},
  journal={International Journal of Computer Vision},
  volume={110},
  pages={328--348},
  year={2014},
  publisher={Springer}
}

@inproceedings{Selvaraju_ICCV17_gradcam,
  title={Grad-cam: Visual explanations from deep networks via gradient-based localization},
  author={Selvaraju, Ramprasaath R and Cogswell, Michael and Das, Abhishek and Vedantam, Ramakrishna and Parikh, Devi and Batra, Dhruv},
  booktitle={Proceedings of the IEEE international conference on computer vision},
  pages={618--626},
  year={2017}
}

@inproceedings{Zhou_CVPR16_cam,
  title={Learning deep features for discriminative localization},
  author={Zhou, Bolei and Khosla, Aditya and Lapedriza, Agata and Oliva, Aude and Torralba, Antonio},
  booktitle={Proceedings of the IEEE conference on computer vision and pattern recognition},
  year={2016}
}

@inproceedings{Kim_ICML18_tcav,
  title={Interpretability beyond feature attribution: Quantitative testing with concept activation vectors (tcav)},
  author={Kim, Been and Wattenberg, Martin and Gilmer, Justin and Cai, Carrie and Wexler, James and Viegas, Fernanda and others},
  booktitle={International conference on machine learning},
  year={2018},
}

@article{Jiang_arXiv23_mistral,
  title={Mistral 7B (2023)},
  author={Jiang, AQ and Sablayrolles, A and Mensch, A and Bamford, C and Chaplot, DS and de las Casas, D and Bressand, F and Lengyel, G and Lample, G and Saulnier, L and others},
  journal={arXiv preprint arXiv:2310.06825},
  year={2023}
}

@misc{vicuna2023,
    title = {Vicuna: An Open-Source Chatbot Impressing GPT-4 with 90\%* ChatGPT Quality},
    url = {https://lmsys.org/blog/2023-03-30-vicuna/},
    author = {Chiang, Wei-Lin and Li, Zhuohan and Lin, Zi and Sheng, Ying and Wu, Zhanghao and Zhang, Hao and Zheng, Lianmin and Zhuang, Siyuan and Zhuang, Yonghao and Gonzalez, Joseph E. and Stoica, Ion and Xing, Eric P.},
    month = {March},
    year = {2023}
}

@inproceedings{Hendricks_ECCV16_generating_explanation,
  title={Generating visual explanations},
  author={Hendricks, Lisa Anne and Akata, Zeynep and Rohrbach, Marcus and Donahue, Jeff and Schiele, Bernt and Darrell, Trevor},
  booktitle={Proceedings of the European Conference on Computer Vision},
  year={2016},
}

@inproceedings{Nishida_ACL22_improving_by_description,
  title={Improving Few-Shot Image Classification Using Machine-and User-Generated Natural Language Descriptions},
  author={Nishida, Kosuke and Nishida, Kyosuke and Nishioka, Shuichi},
  booktitle={Findings of the Association for Computational Linguistics: NAACL 2022},
  pages={1421--1430},
  year={2022}
}

@inproceedings{Hu_ICLR22_lora,
  title={Lo{RA}: Low-Rank Adaptation of Large Language Models},
  author={Edward J Hu and Yelong Shen and Phillip Wallis and Zeyuan Allen-Zhu and Yuanzhi Li and Shean Wang and Lu Wang and Weizhu Chen},
  booktitle={International Conference on Learning Representations},
  year={2022},
}

@inproceedings{Binder_ICANN16_lrp,
  title={Layer-wise relevance propagation for neural networks with local renormalization layers},
  author={Binder, Alexander and Montavon, Gr{\'e}goire and Lapuschkin, Sebastian and M{\"u}ller, Klaus-Robert and Samek, Wojciech},
  booktitle={International Conference on Artificial Neural Networks},
  year={2016},
  organization={Springer}
}

@inproceedings{Voita_ACL19_partial_lrp,
    title={Analyzing Multi-Head Self-Attention: Specialized Heads Do the Heavy Lifting, the Rest Can Be Pruned},
    author={Voita, Elena  and  Talbot, David  and  Moiseev, Fedor  and  Sennrich, Rico  and  Titov, Ivan},
    booktitle={Annual Meeting of the Association for Computational Linguistics},
    year = {2019},
}

@inproceedings{Abnar_ACL20_rollout,
    title={Quantifying Attention Flow in Transformers},
    author={Abnar, Samira and Zuidema, Willem},
    booktitle={Annual Meeting of the Association for Computational Linguistics},
    year = {2020},
}

@inproceedings{Kaneko_EACL21_debiasing,
  title={Debiasing Pre-trained Contextualised Embeddings},
  author={Kaneko, Masahiro and Bollegala, Danushka},
  booktitle={Proceedings of the 16th Conference of the European Chapter of the Association for Computational Linguistics: Main Volume},
  pages={1256--1266},
  year={2021}
}

@inproceedings{Yan_ICCV23_LaBo2,
  title={Learning concise and descriptive attributes for visual recognition},
  author={Yan, An and Wang, Yu and Zhong, Yiwu and Dong, Chengyu and He, Zexue and Lu, Yujie and Wang, William Yang and Shang, Jingbo and McAuley, Julian},
  booktitle={Proceedings of the IEEE/CVF International Conference on Computer Vision},
  pages={3090--3100},
  year={2023}
}

@inproceedings{Shang_CVPR24_incremental_residual_CBMs,
  title={Incremental residual concept bottleneck models},
  author={Shang, Chenming and Zhou, Shiji and Zhang, Hengyuan and Ni, Xinzhe and Yang, Yujiu and Wang, Yuwang},
  booktitle={Proceedings of the IEEE/CVF Conference on Computer Vision and Pattern Recognition},
  pages={11030--11040},
  year={2024}
}

@inproceedings{Rao_ECCV24_DN_CBMs,
  title={Discover-then-Name: Task-Agnostic Concept Bottlenecks via Automated Concept Discovery},
  author={Rao, Sukrut and Mahajan, Sweta and B{\"o}hle, Moritz and Schiele, Bernt},
  booktitle={Proceedings of the European Conference on Computer Vision},
  year={2024}
}

@article{Rao_arXiv24_DN_CBMs,
  title={Discover-then-Name: Task-Agnostic Concept Bottlenecks via Automated Concept Discovery},
  author={Rao, Sukrut and Mahajan, Sweta and B{\"o}hle, Moritz and Schiele, Bernt},
  journal={arXiv preprint arXiv:2407.14499},
  year={2024}
}

@inproceedings{Tan_ECCV24_OpenCBM,
  title={Explain via Any Concept: Concept Bottleneck Model with Open Vocabulary Concepts},
  author={Tan, Andong and Zhou, Fengtao and Chen, Hao},
  booktitle={Proceedings of the European Conference on Computer Vision},
  year={2024}
}

@article{Tan_arXiv24_OpenCBM,
  title={Explain via Any Concept: Concept Bottleneck Model with Open Vocabulary Concepts},
  author={Tan, Andong and Zhou, Fengtao and Chen, Hao},
  journal={arXiv preprint arXiv:2408.02265},
  year={2024}
}

@article{Yamaguchi_arXiv24_XBMs,
  title   = {Explanation Bottleneck Models},
  author  = {Yamaguchi, Shin'ya and Nishida, Kosuke},
  journal = {arXiv preprint arXiv:2409.17663},
  year    = {2024}
}

@book{Millar_MITPress_WordNet,
  title   = {WordNet: An electronic lexicaldatabase.},
  author  = {George, A, Miller},
  publisher = {MIT Press},
  year    = {1998}
}

@inproceedings{Conti_NeurIPS23_vocabulary_free_classification,
  title={Vocabulary-free image classification},
  author={Conti, Alessandro and Fini, Enrico and Mancini, Massimiliano and Rota, Paolo and Wang, Yiming and Ricci, Elisa},
  booktitle={Advances in Neural Information Processing Systems},
  year={2023}
}

@article{Douze_arXiv24_faiss,
      title={The Faiss library},
      author={Matthijs Douze and Alexandr Guzhva and Chengqi Deng and Jeff Johnson and Gergely Szilvasy and Pierre-Emmanuel MazarÃ© and Maria Lomeli and Lucas Hosseini and HervÃ© JÃ©gou},
      year={2024},
      journal = {arXiv preprint arXiv:2401.08281},
}

@article{Johnson_IEEE19_faiss_gpu,
  title={Billion-scale similarity search with {GPUs}},
  author={Johnson, Jeff and Douze, Matthijs and J{\'e}gou, Herv{\'e}},
  journal={IEEE Transactions on Big Data},
  volume={7},
  number={3},
  pages={535--547},
  year={2019},
  publisher={IEEE}
}

@inproceedings{Jia_ICML21_ALIGN,
  title={Scaling up visual and vision-language representation learning with noisy text supervision},
  author={Jia, Chao and Yang, Yinfei and Xia, Ye and Chen, Yi-Ting and Parekh, Zarana and Pham, Hieu and Le, Quoc and Sung, Yun-Hsuan and Li, Zhen and Duerig, Tom},
  booktitle={International conference on machine learning},
  year={2021},
  organization={PMLR}
}

@article{Tibshirani_1996_lasso,
  title={Regression shrinkage and selection via the lasso},
  author={Tibshirani, Robert},
  journal={Journal of the Royal Statistical Society Series B: Statistical Methodology},
  volume={58},
  number={1},
  pages={267--288},
  year={1996},
  publisher={Oxford University Press}
}

@article{Zou_2005_elasticnet,
  title={Regularization and variable selection via the elastic net},
  author={Zou, Hui and Hastie, Trevor},
  journal={Journal of the Royal Statistical Society Series B: Statistical Methodology},
  volume={67},
  number={2},
  pages={301--320},
  year={2005},
  publisher={Oxford University Press}
}

@inproceedings{Yuan_ICML14_sparsity-constrained_htp,
  title={Gradient hard thresholding pursuit for sparsity-constrained optimization},
  author={Yuan, Xiaotong and Li, Ping and Zhang, Tong},
  booktitle={International Conference on Machine Learning},
  pages={127--135},
  year={2014},
  organization={PMLR}
}

@article{sklearn,
  title={Scikit-learn: Machine Learning in {P}ython},
  author={Pedregosa, F. and Varoquaux, G. and Gramfort, A. and Michel, V.
          and Thirion, B. and Grisel, O. and Blondel, M. and Prettenhofer, P.
          and Weiss, R. and Dubourg, V. and Vanderplas, J. and Passos, A. and
          Cournapeau, D. and Brucher, M. and Perrot, M. and Duchesnay, E.},
  journal={Journal of Machine Learning Research},
  volume={12},
  pages={2825--2830},
  year={2011}
}

@article{skscope,
      title={skscope: Fast Sparsity-Constrained Optimization in Python}, 
      author={Zezhi Wang and Jin Zhu and Peng Chen and Huiyang Peng and Xiaoke Zhang and Anran Wang and Yu Zheng and Junxian Zhu and Xueqin Wang},
      year={2024},
      journal = {arXiv preprint arXiv:2403.18540},
}

@article{Young_2014_Flikr30K,
  title={From image descriptions to visual denotations: New similarity metrics for semantic inference over event descriptions},
  author={Young, Peter and Lai, Alice and Hodosh, Micah and Hockenmaier, Julia},
  journal={Transactions of the Association for Computational Linguistics},
  volume={2},
  pages={67--78},
  year={2014},
  publisher={MIT Press One Rogers Street, Cambridge, MA 02142-1209, USA journals-info~â¦}
}

@inproceedings{Sharma_ACL18_CC3M,
  title={Conceptual captions: A cleaned, hypernymed, image alt-text dataset for automatic image captioning},
  author={Sharma, Piyush and Ding, Nan and Goodman, Sebastian and Soricut, Radu},
  booktitle={Proceedings of the 56th Annual Meeting of the Association for Computational Linguistics (Volume 1: Long Papers)},
  pages={2556--2565},
  year={2018}
}

@inproceedings{Changpinyo_CVPR21_CC12M,
  title={Conceptual 12m: Pushing web-scale image-text pre-training to recognize long-tail visual concepts},
  author={Changpinyo, Soravit and Sharma, Piyush and Ding, Nan and Soricut, Radu},
  booktitle={Proceedings of the IEEE/CVF conference on computer vision and pattern recognition},
  pages={3558--3568},
  year={2021}
}

@article{Thomee_ACM16_yfcc100m,
  title={Yfcc100m: The new data in multimedia research},
  author={Thomee, Bart and Shamma, David A and Friedland, Gerald and Elizalde, Benjamin and Ni, Karl and Poland, Douglas and Borth, Damian and Li, Li-Jia},
  journal={Communications of the ACM},
  volume={59},
  number={2},
  pages={64--73},
  year={2016},
  publisher={ACM New York, NY, USA}
}

@article{Zhou_IJCV_CoOp,
  title={Learning to prompt for vision-language models},
  author={Zhou, Kaiyang and Yang, Jingkang and Loy, Chen Change and Liu, Ziwei},
  journal={International Journal of Computer Vision},
  volume={130},
  number={9},
  pages={2337--2348},
  year={2022},
  publisher={Springer}
}

@inproceedings{Xiao_CVPR10_sun397,
  title={Sun database: Large-scale scene recognition from abbey to zoo},
  author={Xiao, Jianxiong and Hays, James and Ehinger, Krista A and Oliva, Aude and Torralba, Antonio},
  booktitle={2010 IEEE computer society conference on computer vision and pattern recognition},
  pages={3485--3492},
  year={2010},
  organization={IEEE}
}

@article{Soomro_arXiv12ucf101,
  title={UCF101: A dataset of 101 human actions classes from videos in the wild},
  author={Soomro, K},
  journal={arXiv preprint arXiv:1212.0402},
  year={2012}
}

@article{Helber_IEEE_eurosat,
  title={Eurosat: A novel dataset and deep learning benchmark for land use and land cover classification},
  author={Helber, Patrick and Bischke, Benjamin and Dengel, Andreas and Borth, Damian},
  journal={IEEE Journal of Selected Topics in Applied Earth Observations and Remote Sensing},
  volume={12},
  number={7},
  pages={2217--2226},
  year={2019},
  publisher={IEEE}
}

@article{Hastie_2015_statistical_sparsity,
  title={Statistical learning with sparsity},
  author={Hastie, Trevor and Tibshirani, Robert and Wainwright, Martin},
  journal={Monographs on statistics and applied probability},
  volume={143},
  number={143},
  pages={8},
  year={2015}
}

@inproceedings{Zhai_ICCV23_SigLIP,
  title={Sigmoid loss for language image pre-training},
  author={Zhai, Xiaohua and Mustafa, Basil and Kolesnikov, Alexander and Beyer, Lucas},
  booktitle={Proceedings of the IEEE/CVF International Conference on Computer Vision},
  year={2023}
}

@inproceedings{Cherti_CVPR23_openclip,
  title={Reproducible scaling laws for contrastive language-image learning},
  author={Cherti, Mehdi and Beaumont, Romain and Wightman, Ross and Wortsman, Mitchell and Ilharco, Gabriel and Gordon, Cade and Schuhmann, Christoph and Schmidt, Ludwig and Jitsev, Jenia},
  booktitle={Proceedings of the IEEE/CVF Conference on Computer Vision and Pattern Recognition},
  pages={2818--2829},
  year={2023}
}

@inproceedings{Panousis_ICCV23_CDM,
  title={Sparse linear concept discovery models},
  author={Panousis, Konstantinos Panagiotis and Ienco, Dino and Marcos, Diego},
  booktitle={Proceedings of the IEEE/CVF International Conference on Computer Vision},
  pages={2767--2771},
  year={2023}
}

@inproceedings{Lundberg_NeurIPS17_shap_attribute,
author = {Lundberg, Scott M. and Lee, Su-In},
title = {A unified approach to interpreting model predictions},
year = {2017},
booktitle = {Advances in Neural Information Processing Systems},
}

@inproceedings{Sundararajan_ICML17_axiomatic_attribution,
  title={Axiomatic attribution for deep networks},
  author={Sundararajan, Mukund and Taly, Ankur and Yan, Qiqi},
  booktitle={International conference on machine learning},
  pages={3319--3328},
  year={2017},
  organization={PMLR}
}

@article{Srivastava_arXiv_vlg_cbm,
  title={VLG-CBM: Training Concept Bottleneck Models with Vision-Language Guidance},
  author={Srivastava, Divyansh and Yan, Ge and Weng, Tsui-Wei},
  journal={arXiv preprint arXiv:2408.01432},
  year={2024}
}

@inproceedings{Fang_ICLR24_DFN,
  title={Data filtering networks},
  author={Fang, Alex and Jose, Albin Madappally and Jain, Amit and Schmidt, Ludwig and Toshev, Alexander and Shankar, Vaishaal},
  booktitle={International Conference on Learning Representations},
  year={2024}
}

@inproceedings{Bird_ACL06_nltk,
  title={NLTK: the natural language toolkit},
  author={Bird, Steven},
  booktitle={Proceedings of the COLING/ACL 2006 Interactive Presentation Sessions},
  pages={69--72},
  year={2006}
}

@misc{Detoxify,
  title={Detoxify},
  author={Hanu, Laura and {Unitary team}},
  howpublished={Github. https://github.com/unitaryai/detoxify},
  year={2020}
}

@article{Liang_NeurIPS22_clip_modality_gap,
  title={Mind the gap: Understanding the modality gap in multi-modal contrastive representation learning},
  author={Liang, Victor Weixin and Zhang, Yuhui and Kwon, Yongchan and Yeung, Serena and Zou, James Y},
  journal={Advances in Neural Information Processing Systems},
  year={2022}
}

@inproceedings{Demirel_ICCV17_attributes2classname,
  title={Attributes2classname: A discriminative model for attribute-based unsupervised zero-shot learning},
  author={Demirel, Berkan and Gokberk Cinbis, Ramazan and Ikizler-Cinbis, Nazli},
  booktitle={Proceedings of the IEEE international conference on computer vision},
  year={2017}
}

@inproceedings{Norouzi_ICLR14_ConSe,
  title={Zero-shot learning by convex combination of semantic embeddings},
  author={Norouzi, Mohammad and Mikolov, Tomas and Bengio, Samy and Singer, Yoram and Shlens, Jonathon and Frome, Andrea and Corrado, Greg S and Dean, Jeffrey},
  booktitle={International Conference on Learning Representations},
  year={2014}
}

@article{Lampert_TPAMI13_AwA,
  title={Attribute-based classification for zero-shot visual object categorization},
  author={Lampert, Christoph H and Nickisch, Hannes and Harmeling, Stefan},
  journal={IEEE transactions on pattern analysis and machine intelligence},
  volume={36},
  number={3},
  pages={453--465},
  year={2013},
  publisher={IEEE}
}

@inproceedings{Mensink_CVPR14_costa,
  title={Costa: Co-occurrence statistics for zero-shot classification},
  author={Mensink, Thomas and Gavves, Efstratios and Snoek, Cees GM},
  booktitle={Proceedings of the IEEE conference on computer vision and pattern recognition},
  pages={2441--2448},
  year={2014}
}

@inproceedings{Jain_ICCV15_objects2action,
  title={Objects2action: Classifying and localizing actions without any video example},
  author={Jain, Mihir and Van Gemert, Jan C and Mensink, Thomas and Snoek, Cees GM},
  booktitle={Proceedings of the IEEE international conference on computer vision},
  pages={4588--4596},
  year={2015}
}

@inproceedings{Elhoseiny_ICCV13_write,
  title={Write a classifier: Zero-shot learning using purely textual descriptions},
  author={Elhoseiny, Mohamed and Saleh, Babak and Elgammal, Ahmed},
  booktitle={Proceedings of the IEEE International Conference on Computer Vision},
  pages={2584--2591},
  year={2013}
}

@inproceedings{Menon_ICLR23_classification_via_llm_description,
  title={Visual classification via description from large language models},
  author={Menon, Sachit and Vondrick, Carl},
  booktitle={International Conference on Learning Representations},
  year={2023}
}

@inproceedings{Bhalla_NeurIPS24_splice,
  title={Interpreting clip with sparse linear concept embeddings (splice)},
  author={Bhalla, Usha and Oesterling, Alex and Srinivas, Suraj and Calmon, Flavio P and Lakkaraju, Himabindu},
  booktitle={Advances in Neural Information Processing Systems},
  year={2024}
}