@article{achiam2023gpt,
  title={Gpt-4 technical report},
  author={Achiam, Josh and Adler, Steven and Agarwal, Sandhini and Ahmad, Lama and Akkaya, Ilge and Aleman, Florencia Leoni and Almeida, Diogo and Altenschmidt, Janko and Altman, Sam and Anadkat, Shyamal and others},
  journal={arXiv preprint arXiv:2303.08774},
  year={2023}
}

@article{charles2024towards,
  title={Towards federated foundation models: Scalable dataset pipelines for group-structured learning},
  author={Charles, Zachary and Mitchell, Nicole and Pillutla, Krishna and Reneer, Michael and Garrett, Zachary},
  journal={Advances in Neural Information Processing Systems},
  volume={36},
  year={2024}
}

@inproceedings{chen2024feddat,
  title={Feddat: An approach for foundation model finetuning in multi-modal heterogeneous federated learning},
  author={Chen, Haokun and Zhang, Yao and Krompass, Denis and Gu, Jindong and Tresp, Volker},
  booktitle={Proceedings of the AAAI Conference on Artificial Intelligence},
  volume={38},
  pages={11285--11293},
  year={2024}
}

@article{dai2024enhancing,
  title={Enhancing One-Shot Federated Learning Through Data and Ensemble Co-Boosting},
  author={Dai, Rong and Zhang, Yonggang and Li, Ang and Liu, Tongliang and Yang, Xun and Han, Bo},
  journal={arXiv preprint arXiv:2402.15070},
  year={2024}
}

@article{guo2023promptfl,
  title={Promptfl: Let federated participants cooperatively learn prompts instead of models-federated learning in age of foundation model},
  author={Guo, Tao and Guo, Song and Wang, Junxiao and Tang, Xueyang and Xu, Wenchao},
  journal={IEEE Transactions on Mobile Computing},
  year={2023},
  publisher={IEEE}
}

@inproceedings{heinbaugh2023data,
  title={Data-free one-shot federated learning under very high statistical heterogeneity},
  author={Heinbaugh, Clare Elizabeth and Luz-Ricca, Emilio and Shao, Huajie},
  booktitle={The Eleventh International Conference on Learning Representations},
  year={2023}
}

@inproceedings{jhunjhunwala2024fedfisher,
  title={FedFisher: Leveraging Fisher Information for One-Shot Federated Learning},
  author={Jhunjhunwala, Divyansh and Wang, Shiqiang and Joshi, Gauri},
  booktitle={International Conference on Artificial Intelligence and Statistics},
  pages={1612--1620},
  year={2024},
  organization={PMLR}
}

@article{li2020practical,
  title={Practical one-shot federated learning for cross-silo setting},
  author={Li, Qinbin and He, Bingsheng and Song, Dawn},
  journal={arXiv preprint arXiv:2010.01017},
  year={2020}
}

@inproceedings{li2023blip,
  title={Blip-2: Bootstrapping language-image pre-training with frozen image encoders and large language models},
  author={Li, Junnan and Li, Dongxu and Savarese, Silvio and Hoi, Steven},
  booktitle={International conference on machine learning},
  pages={19730--19742},
  year={2023},
  organization={PMLR}
}

@article{mendieta2024navigating,
  title={Navigating Heterogeneity and Privacy in One-Shot Federated Learning with Diffusion Models},
  author={Mendieta, Matias and Sun, Guangyu and Chen, Chen},
  journal={arXiv preprint arXiv:2405.01494},
  year={2024}
}

@article{tan2022federated,
  title={Federated learning from pre-trained models: A contrastive learning approach},
  author={Tan, Yue and Long, Guodong and Ma, Jie and Liu, Lu and Zhou, Tianyi and Jiang, Jing},
  journal={Advances in neural information processing systems},
  volume={35},
  pages={19332--19344},
  year={2022}
}

@article{yang2023one,
  title={One-Shot Federated Learning with Classifier-Guided Diffusion Models},
  author={Yang, Mingzhao and Su, Shangchao and Li, Bin and Xue, Xiangyang},
  journal={arXiv preprint arXiv:2311.08870},
  year={2023}
}

@inproceedings{yang2024exploring,
  title={Exploring One-Shot Semi-supervised Federated Learning with Pre-trained Diffusion Models},
  author={Yang, Mingzhao and Su, Shangchao and Li, Bin and Xue, Xiangyang},
  booktitle={Proceedings of the AAAI Conference on Artificial Intelligence},
  volume={38},
  pages={16325--16333},
  year={2024}
}

@inproceedings{yu2024federated,
  title={Federated Foundation Models: Privacy-Preserving and Collaborative Learning for Large Models},
  author={Yu, Sixing and Munoz, Juan Pablo and Jannesari, Ali},
  booktitle={Proceedings of the 2024 Joint International Conference on Computational Linguistics, Language Resources and Evaluation (LREC-COLING 2024)},
  pages={7174--7184},
  year={2024}
}

@article{zhang2022dense,
  title={Dense: Data-free one-shot federated learning},
  author={Zhang, Jie and Chen, Chen and Li, Bo and Lyu, Lingjuan and Wu, Shuang and Ding, Shouhong and Shen, Chunhua and Wu, Chao},
  journal={Advances in Neural Information Processing Systems},
  volume={35},
  pages={21414--21428},
  year={2022}
}

@article{zhou2020distilled,
  title={Distilled one-shot federated learning},
  author={Zhou, Yanlin and Pu, George and Ma, Xiyao and Li, Xiaolin and Wu, Dapeng},
  journal={arXiv preprint arXiv:2009.07999},
  year={2020}
}

