@inproceedings{peng2019moment,
  title={Moment matching for multi-source domain adaptation},
  author={Peng, Xingchao and Bai, Qinxun and Xia, Xide and Huang, Zijun and Saenko, Kate and Wang, Bo},
  booktitle={Proceedings of the IEEE/CVF international conference on computer vision},
  pages={1406--1415},
  year={2019}
}

@article{kuznetsova2020open,
  title={The open images dataset v4: Unified image classification, object detection, and visual relationship detection at scale},
  author={Kuznetsova, Alina and Rom, Hassan and Alldrin, Neil and Uijlings, Jasper and Krasin, Ivan and Pont-Tuset, Jordi and Kamali, Shahab and Popov, Stefan and Malloci, Matteo and Kolesnikov, Alexander and others},
  journal={International journal of computer vision},
  volume={128},
  number={7},
  pages={1956--1981},
  year={2020},
  publisher={Springer}
}
@inproceedings{yang2024exploring,
  title={Exploring One-Shot Semi-supervised Federated Learning with Pre-trained Diffusion Models},
  author={Yang, Mingzhao and Su, Shangchao and Li, Bin and Xue, Xiangyang},
  booktitle={Proceedings of the AAAI Conference on Artificial Intelligence},
  volume={38},
  pages={16325--16333},
  year={2024}
}

@inproceedings{mcmahan2017communication,
  title={Communication-efficient learning of deep networks from decentralized data},
  author={McMahan, Brendan and Moore, Eider and Ramage, Daniel and Hampson, Seth and y Arcas, Blaise Aguera},
  booktitle={Artificial intelligence and statistics},
  pages={1273--1282},
  year={2017},
  organization={PMLR}
}

@article{kairouz2021advances,
  title={Advances and open problems in federated learning},
  author={Kairouz, Peter and McMahan, H Brendan and Avent, Brendan and Bellet, Aur{\'e}lien and Bennis, Mehdi and Bhagoji, Arjun Nitin and Bonawitz, Kallista and Charles, Zachary and Cormode, Graham and Cummings, Rachel and others},
  journal={Foundations and Trends{\textregistered} in Machine Learning},
  volume={14},
  number={1--2},
  pages={1--210},
  year={2021},
  publisher={Now Publishers, Inc.}
}


@article{xue2024spatial,
  title={Spatial-Temporal Attention Model for Traffic State Estimation with Sparse Internet of Vehicles},
  author={Xue, Jianzhe and Yuan, Dongcheng and Sun, Yu and Zhang, Tianqi and Xu, Wenchao and Zhou, Haibo and others},
  journal={arXiv preprint arXiv:2407.08047},
  year={2024}
}

@inproceedings{banerjee2020multi,
  title={Multi-diseases classification from chest-x-ray: A federated deep learning approach},
  author={Banerjee, Sourasekhar and Misra, Rajiv and Prasad, Mukesh and Elmroth, Erik and Bhuyan, Monowar H},
  booktitle={AI 2020: Advances in Artificial Intelligence: 33rd Australasian Joint Conference, AI 2020, Canberra, ACT, Australia, November 29--30, 2020, Proceedings 33},
  pages={3--15},
  year={2020},
  organization={Springer}
}

@article{wang2022blockchain,
  title={A blockchain based privacy-preserving federated learning scheme for Internet of Vehicles},
  author={Wang, Naiyu and Yang, Wenti and Wang, Xiaodong and Wu, Longfei and Guan, Zhitao and Du, Xiaojiang and Guizani, Mohsen},
  journal={Digital Communications and Networks},
  year={2022},
  publisher={Elsevier}
}

@article{singhal2024greedy,
  title={Greedy Shapley Client Selection for Communication-Efficient Federated Learning},
  author={Singhal, Pranava and Pandey, Shashi Raj and Popovski, Petar},
  journal={IEEE Networking Letters},
  year={2024},
  publisher={IEEE}
}

@article{lan2023improved,
  title={Improved communication efficiency in federated natural policy gradient via admm-based gradient updates},
  author={Lan, Guangchen and Wang, Han and Anderson, James and Brinton, Christopher and Aggarwal, Vaneet},
  journal={arXiv preprint arXiv:2310.19807},
  year={2023}
}

@article{zhou2024accelerating,
  title={Accelerating Federated Learning Via Parameter Selection and Pre-Synchronization in Mobile Edge-Cloud Networks},
  author={Zhou, Huan and Li, Mingze and Sun, Peng and Guo, Bin and Yu, Zhiwen},
  journal={IEEE Transactions on Mobile Computing},
  year={2024},
  publisher={IEEE}
}

@inproceedings{buyukates2021timely,
  title={Timely communication in federated learning},
  author={Buyukates, Baturalp and Ulukus, Sennur},
  booktitle={IEEE INFOCOM 2021-IEEE Conference on Computer Communications Workshops (INFOCOM WKSHPS)},
  pages={1--6},
  year={2021},
  organization={IEEE}
}


@article{guha2019one,
  title={One-shot federated learning},
  author={Guha, Neel and Talwalkar, Ameet and Smith, Virginia},
  journal={arXiv preprint arXiv:1902.11175},
  year={2019}
}

@article{ho2020denoising,
  title={Denoising diffusion probabilistic models},
  author={Ho, Jonathan and Jain, Ajay and Abbeel, Pieter},
  journal={Advances in neural information processing systems},
  year={2020}
}
@inproceedings{ronneberger2015u,
  title={U-net: Convolutional networks for biomedical image segmentation},
  author={Ronneberger, Olaf and Fischer, Philipp and Brox, Thomas},
  booktitle={Medical Image Computing and Computer-Assisted Intervention--MICCAI 2015: 18th International Conference, Munich, Germany, October 5-9, 2015, Proceedings, Part III 18},
  year={2015},
}

@article{kingma2013auto,
  title={Auto-encoding variational bayes},
  author={Kingma, Diederik P and Welling, Max},
  journal={arXiv preprint arXiv:1312.6114},
  year={2013}
}

@article{dhariwal2021diffusion,
  title={Diffusion models beat gans on image synthesis},
  author={Dhariwal, Prafulla and Nichol, Alexander},
  journal={Advances in neural information processing systems},
  volume={34},
  pages={8780--8794},
  year={2021}
}

@article{ho2022classifier,
  title={Classifier-free diffusion guidance},
  author={Ho, Jonathan and Salimans, Tim},
  journal={arXiv preprint arXiv:2207.12598},
  year={2022}
}

@misc{betker2023improving,
  title={Improving image generation with better captions},
  author={Betker, James and Goh, Gabriel and Jing, Li and Brooks, Tim and Wang, Jianfeng and Li, Linjie and Ouyang, Long and Zhuang, Juntang and Lee, Joyce and Guo, Yufei and others},
  year={2023},
  publisher={OpenAI}
}

@inproceedings{rombach2022high,
  title={High-resolution image synthesis with latent diffusion models},
  author={Rombach, Robin and Blattmann, Andreas and Lorenz, Dominik and Esser, Patrick and Ommer, Bj{\"o}rn},
  booktitle={Proceedings of the IEEE/CVF conference on computer vision and pattern recognition},
  year={2022}
}

@inproceedings{radford2021learning,
  title={Learning transferable visual models from natural language supervision},
  author={Radford, Alec and Kim, Jong Wook and Hallacy, Chris and Ramesh, Aditya and Goh, Gabriel and Agarwal, Sandhini and Sastry, Girish and Askell, Amanda and Mishkin, Pamela and Clark, Jack and others},
  booktitle={International conference on machine learning},
  pages={8748--8763},
  year={2021},
  organization={PMLR}
}

@inproceedings{li2022blip,
  title={Blip: Bootstrapping language-image pre-training for unified vision-language understanding and generation},
  author={Li, Junnan and Li, Dongxu and Xiong, Caiming and Hoi, Steven},
  booktitle={International conference on machine learning},
  pages={12888--12900},
  year={2022},
  organization={PMLR}
}







%%% OSFL related work Start

@article{chen2021communication,
  title={Communication-efficient federated learning},
  author={Chen, Mingzhe and Shlezinger, Nir and Poor, H Vincent and Eldar, Yonina C and Cui, Shuguang},
  journal={Proceedings of the National Academy of Sciences},
  volume={118},
  number={17},
  pages={e2024789118},
  year={2021},
  publisher={National Acad Sciences}
}


@article{herzog2024selective,
  title={Selective Updates and Adaptive Masking for Communication-Efficient Federated Learning},
  author={Herzog, Alexander and Southamy, Robbie and Belarbiyx, Othmane and Anwarz, Saif and Bulloy, Marcello and Carnelliy, Pietro and Khany, Aftab},
  journal={IEEE Transactions on Green Communications and Networking},
  year={2024},
  publisher={IEEE}
}

@inproceedings{jhunjhunwala2024fedfisher,
  title={FedFisher: Leveraging Fisher Information for One-Shot Federated Learning},
  author={Jhunjhunwala, Divyansh and Wang, Shiqiang and Joshi, Gauri},
  booktitle={International Conference on Artificial Intelligence and Statistics},
  pages={1612--1620},
  year={2024},
  organization={PMLR}
}

@inproceedings{heinbaugh2023data,
  title={Data-free one-shot federated learning under very high statistical heterogeneity},
  author={Heinbaugh, Clare Elizabeth and Luz-Ricca, Emilio and Shao, Huajie},
  booktitle={The Eleventh International Conference on Learning Representations},
  year={2023}
}

@article{dai2024enhancing,
  title={Enhancing One-Shot Federated Learning Through Data and Ensemble Co-Boosting},
  author={Dai, Rong and Zhang, Yonggang and Li, Ang and Liu, Tongliang and Yang, Xun and Han, Bo},
  journal={arXiv preprint arXiv:2402.15070},
  year={2024}
}

@article{li2020practical,
  title={Practical one-shot federated learning for cross-silo setting},
  author={Li, Qinbin and He, Bingsheng and Song, Dawn},
  journal={arXiv preprint arXiv:2010.01017},
  year={2020}
}

@article{zhou2020distilled,
  title={Distilled one-shot federated learning},
  author={Zhou, Yanlin and Pu, George and Ma, Xiyao and Li, Xiaolin and Wu, Dapeng},
  journal={arXiv preprint arXiv:2009.07999},
  year={2020}
}

@article{zhang2022dense,
  title={Dense: Data-free one-shot federated learning},
  author={Zhang, Jie and Chen, Chen and Li, Bo and Lyu, Lingjuan and Wu, Shuang and Ding, Shouhong and Shen, Chunhua and Wu, Chao},
  journal={Advances in Neural Information Processing Systems},
  volume={35},
  pages={21414--21428},
  year={2022}
}

@article{yang2023one,
  title={One-Shot Federated Learning with Classifier-Guided Diffusion Models},
  author={Yang, Mingzhao and Su, Shangchao and Li, Bin and Xue, Xiangyang},
  journal={arXiv preprint arXiv:2311.08870},
  year={2023}
}

@article{mendieta2024navigating,
  title={Navigating Heterogeneity and Privacy in One-Shot Federated Learning with Diffusion Models},
  author={Mendieta, Matias and Sun, Guangyu and Chen, Chen},
  journal={arXiv preprint arXiv:2405.01494},
  year={2024}
}


%%% OSFL related work end

%%% FL with FM-related work Start



@article{achiam2023gpt,
  title={Gpt-4 technical report},
  author={Achiam, Josh and Adler, Steven and Agarwal, Sandhini and Ahmad, Lama and Akkaya, Ilge and Aleman, Florencia Leoni and Almeida, Diogo and Altenschmidt, Janko and Altman, Sam and Anadkat, Shyamal and others},
  journal={arXiv preprint arXiv:2303.08774},
  year={2023}
}
@inproceedings{li2023blip,
  title={Blip-2: Bootstrapping language-image pre-training with frozen image encoders and large language models},
  author={Li, Junnan and Li, Dongxu and Savarese, Silvio and Hoi, Steven},
  booktitle={International conference on machine learning},
  pages={19730--19742},
  year={2023},
  organization={PMLR}
}


@article{charles2024towards,
  title={Towards federated foundation models: Scalable dataset pipelines for group-structured learning},
  author={Charles, Zachary and Mitchell, Nicole and Pillutla, Krishna and Reneer, Michael and Garrett, Zachary},
  journal={Advances in Neural Information Processing Systems},
  volume={36},
  year={2024}
}

@inproceedings{yu2024federated,
  title={Federated Foundation Models: Privacy-Preserving and Collaborative Learning for Large Models},
  author={Yu, Sixing and Munoz, Juan Pablo and Jannesari, Ali},
  booktitle={Proceedings of the 2024 Joint International Conference on Computational Linguistics, Language Resources and Evaluation (LREC-COLING 2024)},
  pages={7174--7184},
  year={2024}
}

@article{guo2023promptfl,
  title={Promptfl: Let federated participants cooperatively learn prompts instead of models-federated learning in age of foundation model},
  author={Guo, Tao and Guo, Song and Wang, Junxiao and Tang, Xueyang and Xu, Wenchao},
  journal={IEEE Transactions on Mobile Computing},
  year={2023},
  publisher={IEEE}
}

@inproceedings{chen2024feddat,
  title={Feddat: An approach for foundation model finetuning in multi-modal heterogeneous federated learning},
  author={Chen, Haokun and Zhang, Yao and Krompass, Denis and Gu, Jindong and Tresp, Volker},
  booktitle={Proceedings of the AAAI Conference on Artificial Intelligence},
  volume={38},
  pages={11285--11293},
  year={2024}
}

@article{tan2022federated,
  title={Federated learning from pre-trained models: A contrastive learning approach},
  author={Tan, Yue and Long, Guodong and Ma, Jie and Liu, Lu and Zhou, Tianyi and Jiang, Jing},
  journal={Advances in neural information processing systems},
  volume={35},
  pages={19332--19344},
  year={2022}
}





%%% FL with FM-related work end

@inproceedings{zhang2023nico++,
  title={Nico++: Towards better benchmarking for domain generalization},
  author={Zhang, Xingxuan and He, Yue and Xu, Renzhe and Yu, Han and Shen, Zheyan and Cui, Peng},
  booktitle={Proceedings of the IEEE/CVF conference on computer vision and pattern recognition},
  pages={16036--16047},
  year={2023}
}

@article{li2020federated,
  title={Federated optimization in heterogeneous networks},
  author={Li, Tian and Sahu, Anit Kumar and Zaheer, Manzil and Sanjabi, Maziar and Talwalkar, Ameet and Smith, Virginia},
  journal={Proceedings of Machine learning and systems},
  volume={2},
  pages={429--450},
  year={2020}
}
@article{yang2024feddeo,
  title={FedDEO: Description-Enhanced One-Shot Federated Learning with Diffusion Models},
  author={Yang, Mingzhao and Su, Shangchao and Li, Bin and Xue, Xiangyang},
  journal={arXiv preprint arXiv:2407.19953},
  year={2024}
}

@article{zhang2023federated,
  title={Federated generative learning with foundation models},
  author={Zhang, Jie and Qi, Xiaohua and Zhao, Bo},
  journal={arXiv preprint arXiv:2306.16064},
  year={2023}
}

@article{acar2021federated,
  title={Federated learning based on dynamic regularization},
  author={Acar, Durmus Alp Emre and Zhao, Yue and Navarro, Ramon Matas and Mattina, Matthew and Whatmough, Paul N and Saligrama, Venkatesh},
  journal={arXiv preprint arXiv:2111.04263},
  year={2021}
}

@article{shi2022optimization,
  title={Optimization strategies for client drift in federated learning: A review},
  author={Shi, Yong and Zhang, Yuanying and Xiao, Yang and Niu, Lingfeng},
  journal={Procedia Computer Science},
  volume={214},
  pages={1168--1173},
  year={2022},
  publisher={Elsevier}
}

@inproceedings{tangfusefl,
  title={FuseFL: One-Shot Federated Learning through the Lens of Causality with Progressive Model Fusion},
  year = {2024},
  author={Tang, Zhenheng and Zhang, Yonggang and Dong, Peijie and Cheung, Yiu-ming and Zhou, Amelie Chi and Han, Bo and Chu, Xiaowen},
  booktitle={The Thirty-eighth Annual Conference on Neural Information Processing Systems}
}