@article{agentless,
  author    = {Xia, Chunqiu Steven and Deng, Yinlin and Dunn, Soren and Zhang, Lingming},
  title     = {Agentless: Demystifying LLM-based Software Engineering Agents},
  year      = {2024},
  journal   = {arXiv preprint},
}

@article{alphacode,
author = {Yujia Li  and David Choi  and Junyoung Chung  and Nate Kushman  and Julian Schrittwieser  and Rémi Leblond  and Tom Eccles  and James Keeling  and Felix Gimeno  and Agustin Dal Lago  and Thomas Hubert  and Peter Choy  and Cyprien de Masson d’Autume  and Igor Babuschkin  and Xinyun Chen  and Po-Sen Huang  and Johannes Welbl  and Sven Gowal  and Alexey Cherepanov  and James Molloy  and Daniel J. Mankowitz  and Esme Sutherland Robson  and Pushmeet Kohli  and Nando de Freitas  and Koray Kavukcuoglu  and Oriol Vinyals },
title = {Competition-level code generation with AlphaCode},
journal = {Science},
volume = {378},
number = {6624},
pages = {1092-1097},
year = {2022},
doi = {10.1126/science.abq1158},
URL = {https://www.science.org/doi/abs/10.1126/science.abq1158},
eprint = {https://www.science.org/doi/pdf/10.1126/science.abq1158},
}

@article{alphageometry,
  author       = {Trieu H. Trinh and
                  Yuhuai Wu and
                  Quoc V. Le and
                  He He and
                  Thang Luong},
  title        = {Solving olympiad geometry without human demonstrations},
  journal      = {Nat.},
  volume       = {625},
  number       = {7995},
  pages        = {476--482},
  year         = {2024},
  url          = {https://doi.org/10.1038/s41586-023-06747-5},
  doi          = {10.1038/S41586-023-06747-5},
  timestamp    = {Sun, 19 Jan 2025 14:46:02 +0100},
  biburl       = {https://dblp.org/rec/journals/nature/TrinhWLHL24.bib},
  bibsource    = {dblp computer science bibliography, https://dblp.org}
}

@article{api_bank,
  title={Api-bank: A comprehensive benchmark for tool-augmented llms},
  author={Li, Minghao and Zhao, Yingxiu and Yu, Bowen and Song, Feifan and Li, Hangyu and Yu, Haiyang and Li, Zhoujun and Huang, Fei and Li, Yongbin},
  journal={arXiv preprint arXiv:2304.08244},
  year={2023}
}

@misc{code_monkeys,
      title={CodeMonkeys: Scaling Test-Time Compute for Software Engineering}, 
      author={Ryan Ehrlich and Bradley Brown and Jordan Juravsky and Ronald Clark and Christopher Ré and Azalia Mirhoseini},
      year={2025},
      eprint={2501.14723},
      archivePrefix={arXiv},
      primaryClass={cs.LG},
      url={https://arxiv.org/abs/2501.14723}, 
}

@misc{codenav,
  title={CodeNav: Beyond tool-use to using real-world codebases with LLM agents}, 
  author={Tanmay Gupta and Luca Weihs and Aniruddha Kembhavi},
  year={2024},
  eprint={2406.12276},
  archivePrefix={arXiv},
  primaryClass={cs.AI},
  url={https://arxiv.org/abs/2406.12276}, 
}

@article{codetree,
  title={CodeTree: Agent-guided Tree Search for Code Generation with Large Language Models},
  author={Li, Jierui and Le, Hung and Zhou, Yinbo and Xiong, Caiming and Savarese, Silvio and Sahoo, Doyen},
  journal={arXiv preprint arXiv:2411.04329},
  year={2024}
}

@misc{large_language_monkeys,
      title={Large Language Monkeys: Scaling Inference Compute with Repeated Sampling}, 
      author={Bradley Brown and Jordan Juravsky and Ryan Ehrlich and Ronald Clark and Quoc V. Le and Christopher Ré and Azalia Mirhoseini},
      year={2024},
      eprint={2407.21787},
      archivePrefix={arXiv},
      primaryClass={cs.LG},
      url={https://arxiv.org/abs/2407.21787}, 
}

@misc{longcodearena,
      title={Long Code Arena: a Set of Benchmarks for Long-Context Code Models}, 
      author={Egor Bogomolov and Aleksandra Eliseeva and Timur Galimzyanov and Evgeniy Glukhov and Anton Shapkin and Maria Tigina and Yaroslav Golubev and Alexander Kovrigin and Arie van Deursen and Maliheh Izadi and Timofey Bryksin},
      year={2024},
      eprint={2406.11612},
      archivePrefix={arXiv},
      primaryClass={cs.LG},
      url={https://arxiv.org/abs/2406.11612}, 
}

@article{m3tooleval,
  title={Executable code actions elicit better llm agents},
  author={Wang, Xingyao and Chen, Yangyi and Yuan, Lifan and Zhang, Yizhe and Li, Yunzhu and Peng, Hao and Ji, Heng},
  journal={arXiv preprint arXiv:2402.01030},
  year={2024}
}

@inproceedings{mnms,
title={m\&m's: A Benchmark to Evaluate Tool-Use for multi-step multi-modal Tasks},
author={Ma, Zixian and Huang, Weikai and Zhang, Jieyu and Gupta, Tanmay and Krishna, Ranjay},
booktitle={European Conference on Computer Vision (ECCV)},
year={2024}
}

@article{planning_improves_code_generation,
  title={Planning in natural language improves llm search for code generation},
  author={Wang, Evan and Cassano, Federico and Wu, Catherine and Bai, Yunfeng and Song, Will and Nath, Vaskar and Han, Ziwen and Hendryx, Sean and Yue, Summer and Zhang, Hugh},
  journal={arXiv preprint arXiv:2409.03733},
  year={2024}
}

@inproceedings{swe_agent,
  title={{SWE}-agent: Agent-Computer Interfaces Enable Automated Software Engineering},
  author={John Yang and Carlos E Jimenez and Alexander Wettig and Kilian Lieret and Shunyu Yao and Karthik R Narasimhan and Ofir Press},
  booktitle={The Thirty-eighth Annual Conference on Neural Information Processing Systems},
  year={2024},
  url={https://arxiv.org/abs/2405.15793}
}

