@inproceedings{Gnewuch2018faster,
  author    = {Ulrich Gnewuch and Stefan Morana and Marc Adam and Alexander Maedche},
  title     = {Faster is Not Always Better: Understanding the Effect of Dynamic Response Delays in Human-Chatbot Interaction},
  booktitle = {Proceedings of the 26th European Conference on Information Systems (ECIS)},
  year      = {2018},
  pages     = {113},
  url       = {https://aisel.aisnet.org/ecis2018_rp/113}
}

@article{alberts2024badsocialactors,
  title={Computers as bad social actors: Dark patterns and anti-patterns in interfaces that act socially},
  author={Alberts, Lize and Lyngs, Ulrik and Van Kleek, Max},
  journal={Proceedings of the ACM on Human-Computer Interaction},
  volume={8},
  number={CSCW1},
  pages={1--25},
  year={2024},
  publisher={ACM New York, NY, USA}
}

@article{araujo2018living,
  title={Living up to the chatbot hype: The influence of anthropomorphic design cues and communicative agency framing on conversational agent and company perceptions},
  author={Araujo, Theo},
  journal={Computers in Human Behavior},
  volume={85},
  pages={183--189},
  year={2018},
  publisher={Elsevier}
}

@article{asch1956studies,
  title={Studies of independence and conformity: I. A minority of one against a unanimous majority.},
  author={Asch, Solomon E},
  journal={Psychological Monographs: General and Applied},
  volume={70},
  number={9},
  pages={1},
  year={1956},
  publisher={American Psychological Association}
}

@article{baumeister2017need,
  title={The need to belong: Desire for interpersonal attachments as a fundamental human motivation},
  author={Baumeister, Roy F and Leary, Mark R},
  journal={Interpersonal Development},
  pages={57--89},
  year={2017},
  publisher={Routledge}
}

@book{berscheid1969interpersonal,
  title={Interpersonal attraction},
  author={Berscheid, Ellen and Hatfield, Elaine},
  volume={69},
  year={1969},
  publisher={Addison-Wesley Reading, MA}
}

@article{bobko2023human,
  title={Human-agent teaming and trust calibration: A theoretical framework, configurable testbed, empirical illustration, and implications for the development of adaptive systems},
  author={Bobko, Philip and Hirshfield, Leanne and Eloy, Lucca and Spencer, Cara and Doherty, Emily and Driscoll, Jack and Obolsky, Hannah},
  journal={Theoretical Issues in Ergonomics Science},
  volume={24},
  number={3},
  pages={310--334},
  year={2023},
  publisher={Taylor \& Francis}
}

@book{brehm1966theory,
  title={A theory of psychological reactance.},
  author={Brehm, Jack W},
  year={1966},
  publisher={Academic Press}
}

@article{chattaraman2019should,
  title={Should AI-Based, conversational digital assistants employ social-or task-oriented interaction style? A task-competency and reciprocity perspective for older adults},
  author={Chattaraman, Veena and Kwon, Wi-Suk and Gilbert, Juan E and Ross, Kassandra},
  journal={Computers in Human Behavior},
  volume={90},
  pages={315--330},
  year={2019},
  publisher={Elsevier}
}

@article{christiano2017humanpreferences,
  title={Deep reinforcement learning from human preferences},
  author={Christiano, Paul F and Leike, Jan and Brown, Tom and Martic, Miljan and Legg, Shane and Amodei, Dario},
  journal={Advances in Neural Information Processing Systems},
  volume={30},
  year={2017}
}

@article{cialdini2004social,
  title={Social influence: Compliance and conformity},
  author={Cialdini, Robert B and Goldstein, Noah J},
  journal={Annu. Rev. Psychol.},
  volume={55},
  number={1},
  pages={591--621},
  year={2004},
  publisher={Annual Reviews}
}

@article{ciechanowski2019uncanny,
  title={In the shades of the uncanny valley: An experimental study of human--chatbot interaction},
  author={Ciechanowski, Leon and Przegalinska, Aleksandra and Magnuski, Mikolaj and Gloor, Peter},
  journal={Future Generation Computer Systems},
  volume={92},
  pages={539--548},
  year={2019},
  publisher={Elsevier}
}

@article{crowne1960new,
  title={A new scale of social desirability independent of psychopathology.},
  author={Crowne, Douglas P and Marlowe, David},
  journal={Journal of Consulting Psychology},
  volume={24},
  number={4},
  pages={349},
  year={1960},
  publisher={American Psychological Association}
}

@article{dillard2005nature,
  title={On the nature of reactance and its role in persuasive health communication},
  author={Dillard, James Price and Shen, Lijiang},
  journal={Communication Monographs},
  volume={72},
  number={2},
  pages={144--168},
  year={2005},
  publisher={Taylor \& Francis}
}

@book{ehrenbrink2020role,
  title={The role of psychological reactance in human-computer interaction},
  author={Ehrenbrink, Patrick},
  year={2020},
  publisher={Springer}
}

@article{fogg1997silicon,
  title={Silicon sycophants: the effects of computers that flatter},
  author={Fogg, Brian J and Nass, Clifford},
  journal={International Journal of Human-Computer Studies},
  volume={46},
  number={5},
  pages={551--561},
  year={1997},
  publisher={Elsevier}
}

@article{fogg2002persuasive,
  title={Persuasive technology: Using computers to change what we think and do},
  author={Fogg, Brian J},
  journal={Ubiquity},
  volume={2002},
  number={December},
  pages={2},
  year={2002},
  publisher={ACM New York, NY, USA}
}

@article{ghazali2018influence,
  title={The influence of social cues in persuasive social robots on psychological reactance and compliance},
  author={Ghazali, Aimi Shazwani and Ham, Jaap and Barakova, Emilia and Markopoulos, Panos},
  journal={Computers in Human Behavior},
  volume={87},
  pages={58--65},
  year={2018},
  publisher={Elsevier}
}

@inproceedings{gilad2021effects,
  title={The effects of warmth and competence perceptions on users' choice of an AI system},
  author={Gilad, Zohar and Amir, Ofra and Levontin, Liat},
  booktitle={Proceedings of the 2021 CHI Conference on Human Factors in Computing Systems},
  pages={1--13},
  year={2021}
}

@article{go2019humanizing,
  title={Humanizing chatbots: The effects of visual, identity and conversational cues on humanness perceptions},
  author={Go, Eun and Sundar, S Shyam},
  journal={Computers in Human Behavior},
  volume={97},
  pages={304--316},
  year={2019},
  publisher={Elsevier}
}

@online{google2024,
  author    = {{Google Research}},
  title     = {Guiding Frozen Language Models with Learned Soft Prompts},
  year      = {2024},
  url       = {https://research.google/blog/guiding-frozen-language-models-with-learned-soft-prompts/},
  note      = {Accessed: 2024-08-02}
}

@article{graziano2002agreeableness,
  title={Agreeableness: Dimension of personality or social desirability artifact?},
  author={Graziano, William G and Tobin, Ren{\'e}e M},
  journal={Journal of Personality},
  volume={70},
  number={5},
  pages={695--728},
  year={2002},
  publisher={Wiley Online Library}
}

@article{gunawardena1995social,
  title={Social presence theory and implications for interaction and collaborative learning in computer conferences},
  author={Gunawardena, Charlotte N},
  journal={International Journal of Educational Telecommunications},
  volume={1},
  number={2},
  pages={147--166},
  year={1995},
  publisher={Association for the Advancement of Computing in Education (AACE)}
}

@article{hart2009feeling,
  title={Feeling validated versus being correct: a meta-analysis of selective exposure to information.},
  author={Hart, William and Albarrac{\'\i}n, Dolores and Eagly, Alice H and Brechan, Inge and Lindberg, Matthew J and Merrill, Lisa},
  journal={Psychological Bulletin},
  volume={135},
  number={4},
  pages={555},
  year={2009},
  publisher={American Psychological Association}
}

@inproceedings{hu2018touch,
  title={Touch your heart: A tone-aware chatbot for customer care on social media},
  author={Hu, Tianran and Xu, Anbang and Liu, Zhe and You, Quanzeng and Guo, Yufan and Sinha, Vibha and Luo, Jiebo and Akkiraju, Rama},
  booktitle={Proceedings of the 2018 CHI Conference on Human Factors in Computing Systems},
  pages={1--12},
  year={2018}
}

@inproceedings{jakesch2023opinionated,
  title={Co-writing with opinionated language models affects usersâ€™ views},
  author={Jakesch, Maurice and Bhat, Advait and Buschek, Daniel and Zalmanson, Lior and Naaman, Mor},
  booktitle={Proceedings of the 2023 CHI Conference on Human Factors in Computing Systems},
  pages={1--15},
  year={2023}
}

@article{jin2023social,
  title={Social presence and imagery processing as predictors of chatbot continuance intention in human-AI-interaction},
  author={Jin, S Venus and Youn, Seounmi},
  journal={International Journal of Human--Computer Interaction},
  volume={39},
  number={9},
  pages={1874--1886},
  year={2023},
  publisher={Taylor \& Francis}
}

@book{jones1964ingratiation,
  title={Ingratiation.},
  author={Jones, Edward Ellsworth},
  year={1964},
  publisher={Appleton-Century-Crofts}
}

@article{kaptein2012adaptive,
  title={Adaptive persuasive systems: a study of tailored persuasive text messages to reduce snacking},
  author={Kaptein, Maurits and De Ruyter, Boris and Markopoulos, Panos and Aarts, Emile},
  journal={ACM Transactions on Interactive Intelligent Systems (TiiS)},
  volume={2},
  number={2},
  pages={1--25},
  year={2012},
  publisher={ACM New York, NY, USA}
}

@article{klayman1995varieties,
  title={Varieties of confirmation bias},
  author={Klayman, Joshua},
  journal={Psychology of Learning and Motivation},
  volume={32},
  pages={385--418},
  year={1995},
  publisher={Elsevier}
}

@article{li2022can,
  title={Can interactive media attenuate psychological reactance to health messages? A study of the role played by user commenting and audience metrics in persuasion},
  author={Li, Ruobing and Sundar, S Shyam},
  journal={Health Communication},
  volume={37},
  number={11},
  pages={1355--1367},
  year={2022},
  publisher={Taylor \& Francis}
}

@inproceedings{liao2022unwarranted,
  title={Designing for responsible trust in AI systems: A communication perspective},
  author={Liao, Q Vera and Sundar, S Shyam},
  booktitle={Proceedings of the 2022 ACM Conference on Fairness, Accountability, and Transparency},
  pages={1257--1268},
  year={2022}
}

@inproceedings{lukoff2022designing,
  title={Designing to support autonomy and reduce psychological reactance in digital self-Control tools},
  author={Lukoff, Kai and Lyngs, Ulrik and Alberts, Lize},
  booktitle={Self-Determination Theory in HCI: Shaping a Research Agenda. Workshop at the ACM CHI Conference on Human Factors in Computing Systems (CHIâ€™22)},
  volume={6},
  year={2022}
}

@article{ma2019psychological,
  title={Psychological reactance from reading basic facts on climate change: The role of prior views and political identification},
  author={Ma, Yanni and Dixon, Graham and Hmielowski, Jay D},
  journal={Environmental Communication},
  volume={13},
  number={1},
  pages={71--86},
  year={2019},
  publisher={Taylor \& Francis}
}

@article{mori2012uncanny,
  title={The uncanny valley [from the field]},
  author={Mori, Masahiro and MacDorman, Karl F and Kageki, Norri},
  journal={IEEE Robotics \& Automation Magazine},
  volume={19},
  number={2},
  pages={98--100},
  year={2012},
  publisher={IEEE}
}

@inproceedings{nass1994computers,
  title={Computers are social actors},
  author={Nass, Clifford and Steuer, Jonathan and Tauber, Ellen R},
  booktitle={Proceedings of the SIGCHI conference on Human Factors in Computing Systems},
  pages={72--78},
  year={1994}
}

@article{neururer2018perceptions,
  title={Perceptions on authenticity in chat bots},
  author={Neururer, Mario and Schl{\"o}gl, Stephan and Brinkschulte, Luisa and Groth, Aleksander},
  journal={Multimodal Technologies and Interaction},
  volume={2},
  number={3},
  pages={60},
  year={2018},
  publisher={MDPI}
}

@article{ngo2022alignment,
  title={The alignment problem from a deep learning perspective},
  author={Ngo, Richard and Chan, Lawrence and Mindermann, S{\"o}ren},
  journal={arXiv preprint arXiv:2209.00626},
  year={2022}
}

@article{perez2022discovering,
  title={Discovering language model behaviors with model-written evaluations},
  author={Perez, Ethan and Ringer, Sam and Luko{\v{s}}i{\=u}t{\.e}, Kamil{\.e} and Nguyen, Karina and Chen, Edwin and Heiner, Scott and Pettit, Craig and Olsson, Catherine and Kundu, Sandipan and Kadavath, Saurav and others},
  journal={arXiv preprint arXiv:2212.09251},
  year={2022}
}

@inproceedings{rlhf,
author = {Ouyang, Long and Wu, Jeff and Jiang, Xu and Almeida, Diogo and Wainwright, Carroll L. and Mishkin, Pamela and Zhang, Chong and Agarwal, Sandhini and Slama, Katarina and Ray, Alex and Schulman, John and Hilton, Jacob and Kelton, Fraser and Miller, Luke and Simens, Maddie and Askell, Amanda and Welinder, Peter and Christiano, Paul and Leike, Jan and Lowe, Ryan},
title = {Training language models to follow instructions with human feedback},
year = {2022},
booktitle = {Proceedings of the 36th International Conference on Neural Information Processing Systems},
}

@article{roubroeks2011artificial,
  title={When artificial social agents try to persuade people: The role of social agency on the occurrence of psychological reactance},
  author={Roubroeks, Maaike and Ham, Jaap and Midden, Cees},
  journal={International Journal of Social Robotics},
  volume={3},
  pages={155--165},
  year={2011},
  publisher={Springer}
}

@inproceedings{ruane2021personality,
  title={User perception of text-based chatbot personality},
  author={Ruane, Elayne and Farrell, Sinead and Ventresque, Anthony},
  booktitle={Chatbot Research and Design: 4th International Workshop, CONVERSATIONS 2020, Virtual Event, November 23--24, 2020, Revised Selected Papers 4},
  pages={32--47},
  year={2021},
  organization={Springer}
}

@inproceedings{seitz2021empathic,
  title={Empathic healthcare chatbots: Comparing the effects of emotional expression and caring behavior.},
  author={Seitz, Lennart and Bekmeier-Feuerhahn, Sigrid},
  booktitle={ICIS},
  year={2021}
}

@article{seitz2024artificial,
  title={Artificial empathy in healthcare chatbots: Does it feel authentic?},
  author={Seitz, Lennart},
  journal={Computers in Human Behavior: Artificial Humans},
  volume={2},
  number={1},
  pages={100067},
  year={2024},
  publisher={Elsevier}
}

@article{seitz2024inauthentic,
  title={Artificial empathy in healthcare chatbots: Does it feel authentic?},
  author={Seitz, Lennart},
  journal={Computers in Human Behavior: Artificial Humans},
  volume={2},
  number={1},
  pages={100067},
  year={2024},
  publisher={Elsevier}
}

@article{sharma2023towards,
  title={Towards understanding sycophancy in language models},
  author={Sharma, Mrinank and Tong, Meg and Korbak, Tomasz and Duvenaud, David and Askell, Amanda and Bowman, Samuel R and Cheng, Newton and Durmus, Esin and Hatfield-Dodds, Zac and Johnston, Scott R and others},
  journal={arXiv preprint arXiv:2310.13548},
  year={2023}
}

@inproceedings{sharma2024echochamber,
  title={Generative echo chamber? Effect of LLM-powered search systems on diverse information seeking},
  author={Sharma, Nikhil and Liao, Q Vera and Xiao, Ziang},
  booktitle={Proceedings of the CHI Conference on Human Factors in Computing Systems},
  pages={1--17},
  year={2024}
}

@article{shoenberger2021advertising,
  title={Advertising during COVID-19: Exploring perceived brand message authenticity and potential psychological reactance},
  author={Shoenberger, Heather and Kim, Eunjin and Sun, Yuan},
  journal={Journal of Advertising},
  volume={50},
  number={3},
  pages={253--261},
  year={2021},
  publisher={Taylor \& Francis}
}

@book{short1976social,
  title={The social psychology of telecommunications},
  author={Short, John and Williams, Ederyn and Christie, Bruce},
  year={1976},
  publisher={Wiley},
  address={United Kingdom}
}

@article{silvia2006reactance,
  title={Reactance and the dynamics of disagreement: Multiple paths from threatened freedom to resistance to persuasion},
  author={Silvia, Paul J},
  journal={European Journal of Social Psychology},
  volume={36},
  number={5},
  pages={673--685},
  year={2006},
  publisher={Wiley Online Library}
}

@article{sun2024chatbot,
  title={Chatbot ads with a human touch: A test of anthropomorphism, interactivity, and narrativity},
  author={Sun, Yuan and Chen, Jin and Sundar, S Shyam},
  journal={Journal of Business Research},
  volume={172},
  pages={114403},
  year={2024},
  publisher={Elsevier}
}

@article{sundar2016theoretical,
  title={Theoretical importance of contingency in human-computer interaction: Effects of message interactivity on user engagement},
  author={Sundar, S Shyam and Bellur, Saraswathi and Oh, Jeeyun and Jia, Haiyan and Kim, Hyang-Sook},
  journal={Communication Research},
  volume={43},
  number={5},
  pages={595--625},
  year={2016},
  publisher={Sage Publications Sage CA: Los Angeles, CA}
}

@inproceedings{sundar2019machine,
  title={Machine heuristic: When we trust computers more than humans with our personal information},
  author={Sundar, S Shyam and Kim, Jinyoung},
  booktitle={Proceedings of the 2019 CHI Conference on Human Factors in Computing Systems},
  pages={1--9},
  year={2019}
}

@inproceedings{volkel2021examining,
  title={Examining user preference for agreeableness in chatbots},
  author={V{\"o}lkel, Sarah Theres and Kaya, Lale},
  booktitle={Proceedings of the 3rd Conference on Conversational User Interfaces},
  pages={1--6},
  year={2021}
}

@inproceedings{wang2020alexa,
  title={Alexa as coach: Leveraging smart speakers to build social agents that reduce public speaking anxiety},
  author={Wang, Jinping and Yang, Hyun and Shao, Ruosi and Abdullah, Saeed and Sundar, S Shyam},
  booktitle={Proceedings of the 2020 CHI Conference on Human Factors in Computing Systems},
  pages={1--13},
  year={2020}
}

@article{wei2023simple,
  title={Simple synthetic data reduces sycophancy in large language models},
  author={Wei, Jerry and Huang, Da and Lu, Yifeng and Zhou, Denny and Le, Quoc V},
  journal={arXiv preprint arXiv:2308.03958},
  year={2023}
}

@inproceedings{zabel2021bias,
  title={Bias in, bias out--the similarity-attraction effect between chatbot designers and users},
  author={Zabel, Sarah and Otto, Siegmar},
  booktitle={Human-Computer Interaction. Design and User Experience Case Studies: Thematic Area, HCI 2021, Held as Part of the 23rd HCI International Conference, HCII 2021, Virtual Event, July 24--29, 2021, Proceedings, Part III 23},
  pages={184--197},
  year={2021},
  organization={Springer}
}

@inproceedings{zhao2023more,
  title={More human than human: LLM-generated narratives outperform human-LLM interleaved narratives},
  author={Zhao, Zoie and Song, Sophie and Duah, Bridget and Macbeth, Jamie and Carter, Scott and Van, Monica P and Bravo, Nayeli Suseth and Klenk, Matthew and Sick, Kate and Filipowicz, Alexandre LS},
  booktitle={Proceedings of the 15th Conference on Creativity and Cognition},
  pages={368--370},
  year={2023}
}

@article{zhao2024tailoring,
  title={Tailoring Generative AI Chatbots for Multiethnic Communities in Disaster Preparedness Communication: Extending the CASA Paradigm},
  author={Zhao, Xinyan and Sun, Yuan and Liu, Wenlin and Wong, Chau-Wai},
  journal={arXiv preprint arXiv:2406.08411},
  year={2024}
}

