@article{el2024mechanism,
  title={A mechanism-based approach to mitigating harms from persuasive generative ai},
  author={El-Sayed, Seliem and Akbulut, Canfer and McCroskery, Amanda and Keeling, Geoff and Kenton, Zachary and Jalan, Zaria and Marchal, Nahema and Manzini, Arianna and Shevlane, Toby and Vallor, Shannon and others},
  journal={arXiv preprint arXiv:2404.15058},
  year={2024}
}

@misc{anthropic_persuasiveness,
  author = {{Anthropic}},
  title = {Measuring Model Persuasiveness},
  year = {2024},
  howpublished = {\url{https://www.anthropic.com/research/measuring-model-persuasiveness}},
  note = {Accessed: 2024-07-13}
}

@article{voelkel2023artificial,
  title={Artificial intelligence can persuade humans on political issues},
  author={Voelkel, Jan G and Willer, Robb and others},
  journal={https://doi.org/10.31219/osf.io/stakv},
  year={2023},
  publisher={OSF}
}

@article{salvi2024conversational,
  title={On the conversational persuasiveness of large language models: A randomized controlled trial},
  author={Salvi, Francesco and Ribeiro, Manoel Horta and Gallotti, Riccardo and West, Robert},
  journal={arXiv preprint arXiv:2403.14380},
  year={2024}
}

@inproceedings{breum2024persuasive,
  title={The persuasive power of large language models},
  author={Breum, Simon Martin and Egdal, Daniel V{\ae}dele and Mortensen, Victor Gram and M{\o}ller, Anders Giovanni and Aiello, Luca Maria},
  booktitle={Proceedings of the International AAAI Conference on Web and Social Media},
  volume={18},
  pages={152--163},
  year={2024}
}

@article{karinshak2023vaccine,
  title={Working with AI to persuade: Examining a large language model's ability to generate pro-vaccination messages},
  author={Karinshak, Elise and Liu, Sunny Xun and Park, Joon Sung and Hancock, Jeffrey T},
  journal={Proceedings of the ACM on Human-Computer Interaction},
  volume={7},
  number={CSCW1},
  pages={1--29},
  year={2023},
  publisher={ACM New York, NY, USA}
}

@article{matz2024atscale,
  title={The potential of generative AI for personalized persuasion at scale},
  author={Matz, SC and Teeny, JD and Vaid, Sumer S and Peters, H and Harari, GM and Cerf, M},
  journal={Scientific Reports},
  volume={14},
  number={1},
  pages={4692},
  year={2024},
  publisher={Nature Publishing Group UK London}
}

@article{motoki2024more,
  title={More human than human: Measuring ChatGPT political bias},
  author={Motoki, Fabio and Pinho Neto, Valdemar and Rodrigues, Victor},
  journal={Public Choice},
  volume={198},
  number={1},
  pages={3--23},
  year={2024},
  publisher={Springer}
}

@inproceedings{jakesch2023opinionated,
  title={Co-writing with opinionated language models affects users’ views},
  author={Jakesch, Maurice and Bhat, Advait and Buschek, Daniel and Zalmanson, Lior and Naaman, Mor},
  booktitle={Proceedings of the 2023 CHI Conference on Human Factors in Computing Systems},
  pages={1--15},
  year={2023}
}

@book{brehm1966theory,
  title={A theory of psychological reactance.},
  author={Brehm, Jack W},
  year={1966},
  publisher={Academic Press}
}  

@article{roubroeks2011artificial,
  title={When artificial social agents try to persuade people: The role of social agency on the occurrence of psychological reactance},
  author={Roubroeks, Maaike and Ham, Jaap and Midden, Cees},
  journal={International Journal of Social Robotics},
  volume={3},
  pages={155--165},
  year={2011},
  publisher={Springer}
}
%CASA and Anthrompormorphism 
@inproceedings{nass1994computers,
  title={Computers are social actors},
  author={Nass, Clifford and Steuer, Jonathan and Tauber, Ellen R},
  booktitle={Proceedings of the SIGCHI conference on Human Factors in Computing Systems},
  pages={72--78},
  year={1994}
}

@article{fogg2002persuasive,
  title={Persuasive technology: Using computers to change what we think and do},
  author={Fogg, Brian J},
  journal={Ubiquity},
  volume={2002},
  number={December},
  pages={2},
  year={2002},
  publisher={ACM New York, NY, USA}
}

@article{pandey1987effects,
  title={Effects of Machiavellianism, other-enhancement, and power-position on affect, power feeling, and evaluation of the ingratiator},
  author={Pandey, Janak and Singh, Purnima and Singh, Purnima},
  journal={The Journal of Psychology},
  volume={121},
  number={3},
  pages={287--300},
  year={1987},
  publisher={Taylor \& Francis}
}

%Sychophancy 

@inproceedings{bongard2021manipulated,
  title={” I am Definitely Manipulated, Even When I am Aware of it. It’s Ridiculous!”-Dark Patterns from the End-User Perspective},
  author={Bongard-Blanchy, Kerstin and Rossi, Arianna and Rivas, Salvador and Doublet, Sophie and Koenig, Vincent and Lenzini, Gabriele},
  booktitle={Proceedings of the 2021 ACM Designing Interactive Systems Conference},
  pages={763--776},
  year={2021}
} 
@article{christiano2017humanpreferences,
  title={Deep reinforcement learning from human preferences},
  author={Christiano, Paul F and Leike, Jan and Brown, Tom and Martic, Miljan and Legg, Shane and Amodei, Dario},
  journal={Advances in Neural Information Processing Systems},
  volume={30},
  year={2017}
}

@article{perez2022discovering,
  title={Discovering language model behaviors with model-written evaluations},
  author={Perez, Ethan and Ringer, Sam and Luko{\v{s}}i{\=u}t{\.e}, Kamil{\.e} and Nguyen, Karina and Chen, Edwin and Heiner, Scott and Pettit, Craig and Olsson, Catherine and Kundu, Sandipan and Kadavath, Saurav and others},
  journal={arXiv preprint arXiv:2212.09251},
  year={2022}
}

@article{wei2023simple,
  title={Simple synthetic data reduces sycophancy in large language models},
  author={Wei, Jerry and Huang, Da and Lu, Yifeng and Zhou, Denny and Le, Quoc V},
  journal={arXiv preprint arXiv:2308.03958},
  year={2023}
}
@article{sharma2023towards,
  title={Towards understanding sycophancy in language models},
  author={Sharma, Mrinank and Tong, Meg and Korbak, Tomasz and Duvenaud, David and Askell, Amanda and Bowman, Samuel R and Cheng, Newton and Durmus, Esin and Hatfield-Dodds, Zac and Johnston, Scott R and others},
  journal={arXiv preprint arXiv:2310.13548},
  year={2023}
}

@book{jones1964ingratiation,
  title={Ingratiation.},
  author={Jones, Edward Ellsworth},
  year={1964},
  publisher={Appleton-Century-Crofts}
}

@article{kaptein2012adaptive,
  title={Adaptive persuasive systems: a study of tailored persuasive text messages to reduce snacking},
  author={Kaptein, Maurits and De Ruyter, Boris and Markopoulos, Panos and Aarts, Emile},
  journal={ACM Transactions on Interactive Intelligent Systems (TiiS)},
  volume={2},
  number={2},
  pages={1--25},
  year={2012},
  publisher={ACM New York, NY, USA}
}

@inproceedings{sun2023recommender,
  title={When recommender systems snoop into social media, users trust them less for health advice},
  author={Sun, Yuan and Drivas, Magdalayna and Liao, Mengqi and Sundar, S Shyam},
  booktitle={Proceedings of the 2023 CHI Conference on Human Factors in Computing Systems},
  pages={1--14},
  year={2023}
}

@article{miller2007psychological,
  title={Psychological reactance and promotional health messages: The effects of controlling language, lexical concreteness, and the restoration of freedom},
  author={Miller, Claude H and Lane, Lindsay T and Deatrick, Leslie M and Young, Alice M and Potts, Kimberly A},
  journal={Human Cmmunication Research},
  volume={33},
  number={2},
  pages={219--240},
  year={2007},
  publisher={Oxford University Press Oxford, UK}
}

@article{silvia2006reactance,
  title={Reactance and the dynamics of disagreement: Multiple paths from threatened freedom to resistance to persuasion},
  author={Silvia, Paul J},
  journal={European Journal of Social Psychology},
  volume={36},
  number={5},
  pages={673--685},
  year={2006},
  publisher={Wiley Online Library}
}

@article{alberts2024badsocialactors,
  title={Computers as bad social actors: Dark patterns and anti-patterns in interfaces that act socially},
  author={Alberts, Lize and Lyngs, Ulrik and Van Kleek, Max},
  journal={Proceedings of the ACM on Human-Computer Interaction},
  volume={8},
  number={CSCW1},
  pages={1--25},
  year={2024},
  publisher={ACM New York, NY, USA}
}

%Results
@book{hayes2017introduction,
  title={Introduction to mediation, moderation, and conditional process analysis: A regression-based approach},
  author={Hayes, Andrew F},
  year={2017},
  publisher={Guilford Publications}
}


%Discussion
@inproceedings{azaria2023chatgpt,
  title={ChatGPT: More human-like than computer-like, but not necessarily in a good way},
  author={Azaria, Amos},
  booktitle={2023 IEEE 35th International Conference on Tools with Artificial Intelligence (ICTAI)},
  pages={468--473},
  year={2023},
  organization={IEEE}
}
%ChatGPT’s responses to queries that attempt to reveal cognitive biases present in humans. Namely, we show that like humans, ChatGPT is highly prone to the framing effect [3] and, like humans, ChatGPT is prone to the intuition bias [15], availability heuristic [29], and iterative reasoning [27]. 

@article{tversky1973availability,
  title={Availability: A heuristic for judging frequency and probability},
  author={Tversky, Amos and Kahneman, Daniel},
  journal={Cognitive psychology},
  volume={5},
  number={2},
  pages={207--232},
  year={1973},
  publisher={Elsevier}
}

@inproceedings{cockburn2020framing,
  title={Framing effects influence interface feature decisions},
  author={Cockburn, Andy and Lewis, Blaine and Quinn, Philip and Gutwin, Carl},
  booktitle={Proceedings of the 2020 CHI Conference on Human Factors in Computing Systems},
  pages={1--11},
  year={2020}
}

&Method
@article{palan2018prolific,
  title={Prolific. ac—A subject pool for online experiments},
  author={Palan, Stefan and Schitter, Christian},
  journal={Journal of Behavioral and Experimental Finance},
  volume={17},
  pages={22--27},
  year={2018},
  publisher={Elsevier}
}

@article{erdfelder1996gpower,
  title={GPOWER: A general power analysis program},
  author={Erdfelder, Edgar and Faul, Franz and Buchner, Axel},
  journal={Behavior Research methods, Instruments, \& Computers},
  volume={28},
  pages={1--11},
  year={1996},
  publisher={Springer}
}

@article{go2019humanizing,
  title={Humanizing chatbots: The effects of visual, identity and conversational cues on humanness perceptions},
  author={Go, Eun and Sundar, S Shyam},
  journal={Computers in Human Behavior},
  volume={97},
  pages={304--316},
  year={2019},
  publisher={Elsevier}
}

@article{moyer2010counterarguing,
  title={Explaining the effects of narrative in an entertainment television program: Overcoming resistance to persuasion},
  author={Moyer-Gus{\'e}, Emily and Nabi, Robin L},
  journal={Human Communication Research},
  volume={36},
  number={1},
  pages={26--52},
  year={2010},
  publisher={Oxford University Press Oxford, UK}
}

@article{dillard2005nature,
  title={On the nature of reactance and its role in persuasive health communication},
  author={Dillard, James Price and Shen, Lijiang},
  journal={Communication Monographs},
  volume={72},
  number={2},
  pages={144--168},
  year={2005},
  publisher={Taylor \& Francis}
}

@article{seitz2024inauthentic,
  title={Artificial empathy in healthcare chatbots: Does it feel authentic?},
  author={Seitz, Lennart},
  journal={Computers in Human Behavior: Artificial Humans},
  volume={2},
  number={1},
  pages={100067},
  year={2024},
  publisher={Elsevier}
}

@article{verhagen2014virtual,
  title={Virtual customer service agents: Using social presence and personalization to shape online service encounters},
  author={Verhagen, Tibert and Van Nes, Jaap and Feldberg, Frans and Van Dolen, Willemijn},
  journal={Journal of Computer-Mediated Communication},
  volume={19},
  number={3},
  pages={529--545},
  year={2014},
  publisher={Oxford University Press Oxford, UK}
}

@article{petty1979issue,
  title={Issue involvement can increase or decrease persuasion by enhancing message-relevant cognitive responses.},
  author={Petty, Richard E and Cacioppo, John T},
  journal={Journal of Personality and Social Psychology},
  volume={37},
  number={10},
  pages={1915},
  year={1979},
  publisher={American Psychological Association}
}

@article{litman2017turkprime,
  title={TurkPrime. com: A versatile crowdsourcing data acquisition platform for the behavioral sciences},
  author={Litman, Leib and Robinson, Jonathan and Abberbock, Tzvi},
  journal={Behavior Research Methods},
  volume={49},
  number={2},
  pages={433--442},
  year={2017},
  publisher={Springer}
}

@article{islam2024gpt,
  title={GPT-4o: The Cutting-Edge Advancement in Multimodal LLM},
  author={Islam, Raisa and Moushi, Owana Marzia},
  journal={Authorea Preprints},
  year={2024},
  publisher={Authorea}
}

@online{google2024,
  author    = {{Google Research}},
  title     = {Guiding Frozen Language Models with Learned Soft Prompts},
  year      = {2024},
  url       = {https://research.google/blog/guiding-frozen-language-models-with-learned-soft-prompts/},
  note      = {Accessed: 2024-08-02}
}

@online{osu2024,
  author    = {{The Ohio State University}},
  title     = {Pros and Cons of Autonomous Vehicles},
  year      = {2024},
  url       = {https://u.osu.edu/autonomousvehicles/proscons/},
  note      = {Accessed: 2024-08-02}
}

@online{theweek2024,
  author    = {{The Week}},
  title     = {Pros and Cons of the Self-Driving Car Revolution},
  year      = {2024},
  url       = {https://theweek.com/the-big-debate/1021491/pros-and-cons-of-the-self-driving-car-revolution},
  note      = {Accessed: 2024-08-02}
}

@article{bae2008issue,
  title={Entertainment-education and recruitment of cornea donors: The role of emotion and issue involvement},
  author={Bae, Hyuhn-Suhck},
  journal={Journal of Health Communication},
  volume={13},
  number={1},
  pages={20--36},
  year={2008},
  publisher={Taylor \& Francis}
}

@inproceedings{sundar2019machine,
  title={Machine heuristic: When we trust computers more than humans with our personal information},
  author={Sundar, S Shyam and Kim, Jinyoung},
  booktitle={Proceedings of the 2019 CHI Conference on Human Factors in Computing Systems},
  pages={1--9},
  year={2019}
}

@article{johnson2005cognitive,
  title={Cognitive and affective trust in service relationships},
  author={Johnson, Devon and Grayson, Kent},
  journal={Journal of Business research},
  volume={58},
  number={4},
  pages={500--507},
  year={2005},
  publisher={Elsevier}
}

@inproceedings{pu2011user,
  title={A user-centric evaluation framework for recommender systems},
  author={Pu, Pearl and Chen, Li and Hu, Rong},
  booktitle={Proceedings of the fifth ACM Conference on Recommender Systems},
  pages={157--164},
  year={2011}
}

&Discussion
@article{zarouali2021overcoming,
  title={Overcoming polarization with chatbot news? Investigating the impact of news content containing opposing views on agreement and credibility},
  author={Zarouali, Brahim and Makhortykh, Mykola and Bastian, Mariella and Araujo, Theo},
  journal={European Journal of Communication},
  volume={36},
  number={1},
  pages={53--68},
  year={2021},
  publisher={Sage Publications Sage UK: London, England}
}

@article{karinshak2023working,
  title={Working with AI to persuade: Examining a large language model's ability to generate pro-vaccination messages},
  author={Karinshak, Elise and Liu, Sunny Xun and Park, Joon Sung and Hancock, Jeffrey T},
  journal={Proceedings of the ACM on Human-Computer Interaction},
  volume={7},
  number={CSCW1},
  pages={1--29},
  year={2023},
  publisher={ACM New York, NY, USA}
}

@article{neururer2018perceptions,
  title={Perceptions on authenticity in chat bots},
  author={Neururer, Mario and Schl{\"o}gl, Stephan and Brinkschulte, Luisa and Groth, Aleksander},
  journal={Multimodal Technologies and Interaction},
  volume={2},
  number={3},
  pages={60},
  year={2018},
  publisher={MDPI}
}

@book{albrecht2009social,
  title={Social intelligence: The new science of success},
  author={Albrecht, Karl},
  year={2009},
  publisher={John Wiley \& Sons}
}

@article{seitz2024artificial,
  title={Artificial empathy in healthcare chatbots: Does it feel authentic?},
  author={Seitz, Lennart},
  journal={Computers in Human Behavior: Artificial Humans},
  volume={2},
  number={1},
  pages={100067},
  year={2024},
  publisher={Elsevier}
}

@inproceedings{seitz2021empathic,
  title={Empathic healthcare chatbots: Comparing the effects of emotional expression and caring behavior.},
  author={Seitz, Lennart and Bekmeier-Feuerhahn, Sigrid},
  booktitle={ICIS},
  year={2021}
}

@article{chattaraman2019should,
  title={Should AI-Based, conversational digital assistants employ social-or task-oriented interaction style? A task-competency and reciprocity perspective for older adults},
  author={Chattaraman, Veena and Kwon, Wi-Suk and Gilbert, Juan E and Ross, Kassandra},
  journal={Computers in Human Behavior},
  volume={90},
  pages={315--330},
  year={2019},
  publisher={Elsevier}
}

@article{gunawardena1995social,
  title={Social presence theory and implications for interaction and collaborative learning in computer conferences},
  author={Gunawardena, Charlotte N},
  journal={International Journal of Educational Telecommunications},
  volume={1},
  number={2},
  pages={147--166},
  year={1995},
  publisher={Association for the Advancement of Computing in Education (AACE)}
}

@article{jin2023social,
  title={Social presence and imagery processing as predictors of chatbot continuance intention in human-AI-interaction},
  author={Jin, S Venus and Youn, Seounmi},
  journal={International Journal of Human--Computer Interaction},
  volume={39},
  number={9},
  pages={1874--1886},
  year={2023},
  publisher={Taylor \& Francis}
}

@inproceedings{zabel2021bias,
  title={Bias in, bias out--the similarity-attraction effect between chatbot designers and users},
  author={Zabel, Sarah and Otto, Siegmar},
  booktitle={Human-Computer Interaction. Design and User Experience Case Studies: Thematic Area, HCI 2021, Held as Part of the 23rd HCI International Conference, HCII 2021, Virtual Event, July 24--29, 2021, Proceedings, Part III 23},
  pages={184--197},
  year={2021},
  organization={Springer}
}

@article{ciechanowski2019uncanny,
  title={In the shades of the uncanny valley: An experimental study of human--chatbot interaction},
  author={Ciechanowski, Leon and Przegalinska, Aleksandra and Magnuski, Mikolaj and Gloor, Peter},
  journal={Future Generation Computer Systems},
  volume={92},
  pages={539--548},
  year={2019},
  publisher={Elsevier}
}

@article{mori2012uncanny,
  title={The uncanny valley [from the field]},
  author={Mori, Masahiro and MacDorman, Karl F and Kageki, Norri},
  journal={IEEE Robotics \& Automation Magazine},
  volume={19},
  number={2},
  pages={98--100},
  year={2012},
  publisher={IEEE}
}


@inproceedings{xiao2024human,
  title={Human-Centered Evaluation and Auditing of Language Models},
  author={Xiao, Ziang and Deng, Wesley Hanwen and Lam, Michelle S and Eslami, Motahhare and Kim, Juho and Lee, Mina and Liao, Q Vera},
  booktitle={Extended Abstracts of the CHI Conference on Human Factors in Computing Systems},
  pages={1--6},
  year={2024}
}
@inproceedings{chenyes,
  title={From Yes-Men to Truth-Tellers: Addressing Sycophancy in Large Language Models with Pinpoint Tuning},
  author={Chen, Wei and Huang, Zhen and Xie, Liang and Lin, Binbin and Li, Houqiang and Lu, Le and Tian, Xinmei and Cai, Deng and Zhang, Yonggang and Wang, Wenxiao and others},
 year={2024},
  booktitle={Forty-first International Conference on Machine Learning}
}

@book{short1976social,
  title={The social psychology of telecommunications},
  author={Short, John and Williams, Ederyn and Christie, Bruce},
  year={1976},
  publisher={Wiley},
  address={United Kingdom}
}
@inproceedings{sharma2024echochamber,
  title={Generative echo chamber? Effect of LLM-powered search systems on diverse information seeking},
  author={Sharma, Nikhil and Liao, Q Vera and Xiao, Ziang},
  booktitle={Proceedings of the CHI Conference on Human Factors in Computing Systems},
  pages={1--17},
  year={2024}
}

@article{petty2011elaboration,
  title={The elaboration likelihood model},
  author={Petty, Richard E and Bri{\~n}ol, Pablo},
  journal={Handbook of Theories of Social Psychology},
  volume={1},
  pages={224--245},
  year={2011},
  publisher={Sage Publications Ltd Los Angeles}
}

@article{chaiken1980heuristic,
  title={Heuristic versus systematic information processing and the use of source versus message cues in persuasion.},
  author={Chaiken, Shelly},
  journal={Journal of Personality and Social Psychology},
  volume={39},
  number={5},
  pages={752},
  year={1980},
  publisher={American Psychological Association}
}

@article{shen2022Ego,
  title={Human-Centered Design for Individual and Social Well-being: Editorial Preface},
  author={Shen, Jia and Iandoli, Luca and Aguirre-Urreta, Miguel},
  journal={AIS Transactions on Human-Computer Interaction},
  volume={14},
  number={4},
  pages={446--460},
  year={2022}
}

@article{bright2022individuals,
  title={How do individuals in a radical echo chamber react to opposing views? Evidence from a content analysis of Stormfront},
  author={Bright, Jonathan and Marchal, Nahema and Ganesh, Bharath and Rudinac, Stevan},
  journal={Human Communication Research},
  volume={48},
  number={1},
  pages={116--145},
  year={2022},
  publisher={Oxford University Press}
}

@book{sundar2008main,
  title={The MAIN model: A heuristic approach to understanding technology effects on credibility},
  author={Sundar, S Shyam},
  year={2008},
  publisher={MacArthur Foundation Digital Media and Learning Initiative Cambridge, MA}
}

@article{ranaldi2023large,
  title={When Large Language Models contradict humans? Large Language Models' Sycophantic Behaviour},
  author={Ranaldi, Leonardo and Pucci, Giulia},
  journal={arXiv preprint arXiv:2311.09410},
  year={2023}
}

@article{perse1998cognitive,
  title={Implications of cognitive and affective involvement for channel changing},
  author={Perse, Elizabeth M},
  journal={Journal of Communication},
  volume={48},
  number={3},
  pages={49--68},
  year={1998},
  publisher={Oxford University Press}
}

@article{brave2005care,
  title={Computers that care: Investigating the effects of orientation of emotion exhibited by an embodied computer agent},
  author={Brave, Scott and Nass, Clifford and Hutchinson, Kevin},
  journal={International Journal of Human-Computer Studies},
  volume={62},
  number={2},
  pages={161--178},
  year={2005},
  publisher={Elsevier}
}

@article{kull2021may,
  title={How may I help you? Driving brand engagement through the warmth of an initial chatbot message},
  author={Kull, Alexander J and Romero, Marisabel and Monahan, Lisa},
  journal={Journal of Business Research},
  volume={135},
  pages={840--850},
  year={2021},
  publisher={Elsevier}
}

@article{araujo2018living,
  title={Living up to the chatbot hype: The influence of anthropomorphic design cues and communicative agency framing on conversational agent and company perceptions},
  author={Araujo, Theo},
  journal={Computers in Human Behavior},
  volume={85},
  pages={183--189},
  year={2018},
  publisher={Elsevier}
}

@article{sun2024chatbot,
  title={Chatbot ads with a human touch: A test of anthropomorphism, interactivity, and narrativity},
  author={Sun, Yuan and Chen, Jin and Sundar, S Shyam},
  journal={Journal of Business Research},
  volume={172},
  pages={114403},
  year={2024},
  publisher={Elsevier}
}

@article{sundar2016theoretical,
  title={Theoretical importance of contingency in human-computer interaction: Effects of message interactivity on user engagement},
  author={Sundar, S Shyam and Bellur, Saraswathi and Oh, Jeeyun and Jia, Haiyan and Kim, Hyang-Sook},
  journal={Communication Research},
  volume={43},
  number={5},
  pages={595--625},
  year={2016},
  publisher={Sage Publications Sage CA: Los Angeles, CA}
}
@inproceedings{Gnewuch2018faster,
  author    = {Ulrich Gnewuch and Stefan Morana and Marc Adam and Alexander Maedche},
  title     = {Faster is Not Always Better: Understanding the Effect of Dynamic Response Delays in Human-Chatbot Interaction},
  booktitle = {Proceedings of the 26th European Conference on Information Systems (ECIS)},
  year      = {2018},
  pages     = {113},
  url       = {https://aisel.aisnet.org/ecis2018_rp/113}
}

@inproceedings{zhao2023more,
  title={More human than human: LLM-generated narratives outperform human-LLM interleaved narratives},
  author={Zhao, Zoie and Song, Sophie and Duah, Bridget and Macbeth, Jamie and Carter, Scott and Van, Monica P and Bravo, Nayeli Suseth and Klenk, Matthew and Sick, Kate and Filipowicz, Alexandre LS},
  booktitle={Proceedings of the 15th Conference on Creativity and Cognition},
  pages={368--370},
  year={2023}
}

@article{cialdini2004social,
  title={Social influence: Compliance and conformity},
  author={Cialdini, Robert B and Goldstein, Noah J},
  journal={Annu. Rev. Psychol.},
  volume={55},
  number={1},
  pages={591--621},
  year={2004},
  publisher={Annual Reviews}
}

@article{baumeister2017need,
  title={The need to belong: Desire for interpersonal attachments as a fundamental human motivation},
  author={Baumeister, Roy F and Leary, Mark R},
  journal={Interpersonal Development},
  pages={57--89},
  year={2017},
  publisher={Routledge}
}

@article{asch1956studies,
  title={Studies of independence and conformity: I. A minority of one against a unanimous majority.},
  author={Asch, Solomon E},
  journal={Psychological Monographs: General and Applied},
  volume={70},
  number={9},
  pages={1},
  year={1956},
  publisher={American Psychological Association}
}

@article{crowne1960new,
  title={A new scale of social desirability independent of psychopathology.},
  author={Crowne, Douglas P and Marlowe, David},
  journal={Journal of Consulting Psychology},
  volume={24},
  number={4},
  pages={349},
  year={1960},
  publisher={American Psychological Association}
}

@article{brown2012confirmatory,
  title={Confirmatory factor analysis},
  author={Brown, Timothy A and Moore, Michael T and others},
  journal={Handbook of Structural Equation Modeling},
  volume={361},
  pages={379},
  year={2012},
  publisher={Guilford}
}

@article{ma2023users,
  title={Are users willing to embrace ChatGPT? Exploring the factors on the acceptance of chatbots from the perspective of AIDUA framework},
  author={Ma, Xiaoyue and Huo, Yudi},
  journal={Technology in Society},
  volume={75},
  pages={102362},
  year={2023},
  publisher={Elsevier}
}

@inproceedings{rlhf,
author = {Ouyang, Long and Wu, Jeff and Jiang, Xu and Almeida, Diogo and Wainwright, Carroll L. and Mishkin, Pamela and Zhang, Chong and Agarwal, Sandhini and Slama, Katarina and Ray, Alex and Schulman, John and Hilton, Jacob and Kelton, Fraser and Miller, Luke and Simens, Maddie and Askell, Amanda and Welinder, Peter and Christiano, Paul and Leike, Jan and Lowe, Ryan},
title = {Training language models to follow instructions with human feedback},
year = {2022},
booktitle = {Proceedings of the 36th International Conference on Neural Information Processing Systems},
}

@article{krosnick2014strength,
  title={Attitude strength: An overview},
  author={Krosnick, Jon A and Petty, Richard E},
  journal={Attitude strength},
  pages={1--24},
  year={2014},
  publisher={Psychology Press}
}
@book{festinger1957,
  title     = {A Theory of Cognitive Dissonance},
  author    = {Festinger, Leon},
  year      = {1957},
  publisher = {Stanford University Press},
  address   = {Stanford, CA}
}


@article{chang2024survey,
  title={A survey on evaluation of large language models},
  author={Chang, Yupeng and Wang, Xu and Wang, Jindong and Wu, Yuan and Yang, Linyi and Zhu, Kaijie and Chen, Hao and Yi, Xiaoyuan and Wang, Cunxiang and Wang, Yidong and others},
  journal={ACM Transactions on Intelligent Systems and Technology},
  volume={15},
  number={3},
  pages={1--45},
  year={2024},
  publisher={ACM New York, NY}
}

@article{mccroskey1981ethos,
  title={Ethos and credibility: The construct and its measurement after three decades},
  author={McCroskey, James C and Young, Thomas J},
  journal={Communication Studies},
  volume={32},
  number={1},
  pages={24--34},
  year={1981},
  publisher={Taylor \& Francis}
}

@article{tversky1974anchoring,
  title={Judgment under Uncertainty: heuristics and biases: Biases in judgments reveal some heuristics of thinking under uncertainty.},
  author={Tversky, Amos and Kahneman, Daniel},
  journal={Science},
  volume={185},
  number={4157},
  pages={1124--1131},
  year={1974},
  publisher={American Association for the Advancement of Science}
}

%RR

@article{lee1994trust,
  title={Trust, self-confidence, and operators' adaptation to automation},
  author={Lee, John D and Moray, Neville},
  journal={International Journal of Human-Computer Studies},
  volume={40},
  number={1},
  pages={153--184},
  year={1994},
  publisher={Elsevier}
}

@article{mcallister1995affect,
  title={Affect-and cognition-based trust as foundations for interpersonal cooperation in organizations},
  author={McAllister, Daniel J},
  journal={Academy of management journal},
  volume={38},
  number={1},
  pages={24--59},
  year={1995},
  publisher={Academy of Management Briarcliff Manor, NY 10510}
}


@inproceedings{liao2022unwarranted,
  title={Designing for responsible trust in AI systems: A communication perspective},
  author={Liao, Q Vera and Sundar, S Shyam},
  booktitle={Proceedings of the 2022 ACM Conference on Fairness, Accountability, and Transparency},
  pages={1257--1268},
  year={2022}
}

@article{bobko2023human,
  title={Human-agent teaming and trust calibration: A theoretical framework, configurable testbed, empirical illustration, and implications for the development of adaptive systems},
  author={Bobko, Philip and Hirshfield, Leanne and Eloy, Lucca and Spencer, Cara and Doherty, Emily and Driscoll, Jack and Obolsky, Hannah},
  journal={Theoretical Issues in Ergonomics Science},
  volume={24},
  number={3},
  pages={310--334},
  year={2023},
  publisher={Taylor \& Francis}
}

@article{cho2022backchannel,
  title={Alexa as an active listener: how backchanneling can elicit self-disclosure and promote user experience},
  author={Cho, Eugene and Motalebi, Nasim and Sundar, S Shyam and Abdullah, Saeed},
  journal={Proceedings of the ACM on Human-Computer Interaction},
  volume={6},
  number={CSCW2},
  pages={1--23},
  year={2022},
  publisher={ACM New York, NY, USA}
}

@article{rhim2022latency,
  title={Application of humanization to survey chatbots: Change in chatbot perception, interaction experience, and survey data quality},
  author={Rhim, Jungwook and Kwak, Minji and Gong, Yeaeun and Gweon, Gahgene},
  journal={Computers in Human Behavior},
  volume={126},
  pages={107034},
  year={2022},
  publisher={Elsevier}
}

@incollection{stilgoe2020developing,
  title={Developing a framework for responsible innovation},
  author={Stilgoe, Jack and Owen, Richard and Macnaghten, Phil},
  booktitle={The Ethics of Nanotechnology, Geoengineering, and Clean Energy},
  pages={347--359},
  year={2020},
  publisher={Routledge}
}

@incollection{stilgoe2020ethical,
  title={Developing a framework for responsible innovation},
  author={Stilgoe, Jack and Owen, Richard and Macnaghten, Phil},
  booktitle={The Ethics of Nanotechnology, Geoengineering, and Clean Energy},
  pages={347--359},
  year={2020},
  publisher={Routledge}
}

@article{jin2022chatbot,
  title={When a chatbot smiles at you: The psychological mechanism underlying the effects of friendly language use by product recommendation chatbots},
  author={Jin, Eunjoo and Eastin, Matthew S},
  journal={Cyberpsychology, Behavior, and Social Networking},
  volume={25},
  number={9},
  pages={597--604},
  year={2022},
  publisher={Mary Ann Liebert, Inc., publishers 140 Huguenot Street, 3rd Floor New~…}
}

@article{de2020towards,
  title={Towards a theory of longitudinal trust calibration in human--robot teams},
  author={De Visser, Ewart J and Peeters, Marieke MM and Jung, Malte F and Kohn, Spencer and Shaw, Tyler H and Pak, Richard and Neerincx, Mark A},
  journal={International journal of social robotics},
  volume={12},
  number={2},
  pages={459--478},
  year={2020},
  publisher={Springer}
}

@inproceedings{wischnewski2023measuringcalibration,
  title={Measuring and understanding trust calibrations for automated systems: a survey of the state-of-the-art and future directions},
  author={Wischnewski, Magdalena and Kr{\"a}mer, Nicole and M{\"u}ller, Emmanuel},
  booktitle={Proceedings of the 2023 CHI Conference on Human Factors in Computing Systems},
  pages={1--16},
  year={2023}
}


@inproceedings{volkel2021examining,
  title={Examining user preference for agreeableness in chatbots},
  author={V{\"o}lkel, Sarah Theres and Kaya, Lale},
  booktitle={Proceedings of the 3rd Conference on Conversational User Interfaces},
  pages={1--6},
  year={2021}
}
@inproceedings{ruane2021personality,
  title={User perception of text-based chatbot personality},
  author={Ruane, Elayne and Farrell, Sinead and Ventresque, Anthony},
  booktitle={Chatbot Research and Design: 4th International Workshop, CONVERSATIONS 2020, Virtual Event, November 23--24, 2020, Revised Selected Papers 4},
  pages={32--47},
  year={2021},
  organization={Springer}
}
@inproceedings{kuhail2022personality,
  title={Interacting with a chatbot-based advising system: Understanding the effect of chatbot personality and user gender on behavior},
  author={Kuhail, Mohammad Amin and Thomas, Justin and Alramlawi, Salwa and Shah, Syed Jawad Hussain and Thornquist, Erik},
  booktitle={Informatics},
  volume={9},
  number={4},
  pages={81},
  year={2022},
  organization={MDPI}
}

@article{ngo2022alignment,
  title={The alignment problem from a deep learning perspective},
  author={Ngo, Richard and Chan, Lawrence and Mindermann, S{\"o}ren},
  journal={arXiv preprint arXiv:2209.00626},
  year={2022}
}

@article{panickssery2023steering,
  title={Steering llama 2 via contrastive activation addition},
  author={Panickssery, Nina and Gabrieli, Nick and Schulz, Julian and Tong, Meg and Hubinger, Evan and Turner, Alexander Matt},
  journal={arXiv preprint arXiv:2312.06681},
  year={2023}
}

@article{ghazali2018influence,
  title={The influence of social cues in persuasive social robots on psychological reactance and compliance},
  author={Ghazali, Aimi Shazwani and Ham, Jaap and Barakova, Emilia and Markopoulos, Panos},
  journal={Computers in Human Behavior},
  volume={87},
  pages={58--65},
  year={2018},
  publisher={Elsevier}
}


@article{shoenberger2021advertising,
  title={Advertising during COVID-19: Exploring perceived brand message authenticity and potential psychological reactance},
  author={Shoenberger, Heather and Kim, Eunjin and Sun, Yuan},
  journal={Journal of Advertising},
  volume={50},
  number={3},
  pages={253--261},
  year={2021},
  publisher={Taylor \& Francis}
}



@article{hart2009feeling,
  title={Feeling validated versus being correct: a meta-analysis of selective exposure to information.},
  author={Hart, William and Albarrac{\'\i}n, Dolores and Eagly, Alice H and Brechan, Inge and Lindberg, Matthew J and Merrill, Lisa},
  journal={Psychological Bulletin},
  volume={135},
  number={4},
  pages={555},
  year={2009},
  publisher={American Psychological Association}
}

@article{graziano2002agreeableness,
  title={Agreeableness: Dimension of personality or social desirability artifact?},
  author={Graziano, William G and Tobin, Ren{\'e}e M},
  journal={Journal of Personality},
  volume={70},
  number={5},
  pages={695--728},
  year={2002},
  publisher={Wiley Online Library}
}

@article{fogg1997silicon,
  title={Silicon sycophants: the effects of computers that flatter},
  author={Fogg, Brian J and Nass, Clifford},
  journal={International Journal of Human-Computer Studies},
  volume={46},
  number={5},
  pages={551--561},
  year={1997},
  publisher={Elsevier}
}

@book{berscheid1969interpersonal,
  title={Interpersonal attraction},
  author={Berscheid, Ellen and Hatfield, Elaine},
  volume={69},
  year={1969},
  publisher={Addison-Wesley Reading, MA}
}

@article{park2023effect,
  title={Effect of AI chatbot empathy and identity disclosure on willingness to donate: the mediation of humanness and social presence},
  author={Park, Gain and Yim, Myungok Chris and Chung, Jiyun and Lee, Seyoung},
  journal={Behaviour \& Information Technology},
  volume={42},
  number={12},
  pages={1998--2010},
  year={2023},
  publisher={Taylor \& Francis}
}

@inproceedings{zhou2023synthetic,
  title={Synthetic lies: Understanding ai-generated misinformation and evaluating algorithmic and human solutions},
  author={Zhou, Jiawei and Zhang, Yixuan and Luo, Qianni and Parker, Andrea G and De Choudhury, Munmun},
  booktitle={Proceedings of the 2023 CHI Conference on Human Factors in Computing Systems},
  pages={1--20},
  year={2023}
}

@inproceedings{dai2024bias,
  title={Bias and unfairness in information retrieval systems: New challenges in the llm era},
  author={Dai, Sunhao and Xu, Chen and Xu, Shicheng and Pang, Liang and Dong, Zhenhua and Xu, Jun},
  booktitle={Proceedings of the 30th ACM SIGKDD Conference on Knowledge Discovery and Data Mining},
  pages={6437--6447},
  year={2024}
}



@article{li2022can,
  title={Can interactive media attenuate psychological reactance to health messages? A study of the role played by user commenting and audience metrics in persuasion},
  author={Li, Ruobing and Sundar, S Shyam},
  journal={Health Communication},
  volume={37},
  number={11},
  pages={1355--1367},
  year={2022},
  publisher={Taylor \& Francis}
}

@inproceedings{lukoff2022designing,
  title={Designing to support autonomy and reduce psychological reactance in digital self-Control tools},
  author={Lukoff, Kai and Lyngs, Ulrik and Alberts, Lize},
  booktitle={Self-Determination Theory in HCI: Shaping a Research Agenda. Workshop at the ACM CHI Conference on Human Factors in Computing Systems (CHI’22)},
  volume={6},
  year={2022}
}

@article{ma2019psychological,
  title={Psychological reactance from reading basic facts on climate change: The role of prior views and political identification},
  author={Ma, Yanni and Dixon, Graham and Hmielowski, Jay D},
  journal={Environmental Communication},
  volume={13},
  number={1},
  pages={71--86},
  year={2019},
  publisher={Taylor \& Francis}
}

@article{klayman1995varieties,
  title={Varieties of confirmation bias},
  author={Klayman, Joshua},
  journal={Psychology of Learning and Motivation},
  volume={32},
  pages={385--418},
  year={1995},
  publisher={Elsevier}
}

@book{ehrenbrink2020role,
  title={The role of psychological reactance in human-computer interaction},
  author={Ehrenbrink, Patrick},
  year={2020},
  publisher={Springer}
}

@inproceedings{gilad2021effects,
  title={The effects of warmth and competence perceptions on users' choice of an AI system},
  author={Gilad, Zohar and Amir, Ofra and Levontin, Liat},
  booktitle={Proceedings of the 2021 CHI Conference on Human Factors in Computing Systems},
  pages={1--13},
  year={2021}
}

@inproceedings{cox2022does,
  title={Does Chatbot Language Formality Affect Users’ Self-Disclosure?},
  author={Cox, Samuel Rhys and Ooi, Wei Tsang},
  booktitle={Proceedings of the 4th Conference on Conversational User Interfaces},
  pages={1--13},
  year={2022}
}

@inproceedings{hu2018touch,
  title={Touch your heart: A tone-aware chatbot for customer care on social media},
  author={Hu, Tianran and Xu, Anbang and Liu, Zhe and You, Quanzeng and Guo, Yufan and Sinha, Vibha and Luo, Jiebo and Akkiraju, Rama},
  booktitle={Proceedings of the 2018 CHI Conference on Human Factors in Computing Systems},
  pages={1--12},
  year={2018}
}

@article{zhao2024tailoring,
  title={Tailoring Generative AI Chatbots for Multiethnic Communities in Disaster Preparedness Communication: Extending the CASA Paradigm},
  author={Zhao, Xinyan and Sun, Yuan and Liu, Wenlin and Wong, Chau-Wai},
  journal={arXiv preprint arXiv:2406.08411},
  year={2024}
}

@inproceedings{wang2020alexa,
  title={Alexa as coach: Leveraging smart speakers to build social agents that reduce public speaking anxiety},
  author={Wang, Jinping and Yang, Hyun and Shao, Ruosi and Abdullah, Saeed and Sundar, S Shyam},
  booktitle={Proceedings of the 2020 CHI Conference on Human Factors in Computing Systems},
  pages={1--13},
  year={2020}
}

