@misc{bai2022constitutional,
      title={Constitutional AI: Harmlessness from AI Feedback}, 
      author={Yuntao Bai and Saurav Kadavath and Sandipan Kundu and Amanda Askell and Jackson Kernion and Andy Jones and Anna Chen and Anna Goldie and Azalia Mirhoseini and Cameron McKinnon and Carol Chen and Catherine Olsson and Christopher Olah and Danny Hernandez and Dawn Drain and Deep Ganguli and Dustin Li and Eli Tran-Johnson and Ethan Perez and Jamie Kerr and Jared Mueller and Jeffrey Ladish and Joshua Landau and Kamal Ndousse and Kamile Lukosuite and Liane Lovitt and Michael Sellitto and Nelson Elhage and Nicholas Schiefer and Noemi Mercado and Nova DasSarma and Robert Lasenby and Robin Larson and Sam Ringer and Scott Johnston and Shauna Kravec and Sheer El Showk and Stanislav Fort and Tamera Lanham and Timothy Telleen-Lawton and Tom Conerly and Tom Henighan and Tristan Hume and Samuel R. Bowman and Zac Hatfield-Dodds and Ben Mann and Dario Amodei and Nicholas Joseph and Sam McCandlish and Tom Brown and Jared Kaplan},
      year={2022},
      eprint={2212.08073},
      archivePrefix={arXiv},
      primaryClass={cs.CL}
}

@misc{bai2022training,
      title={Training a Helpful and Harmless Assistant with Reinforcement Learning from Human Feedback}, 
      author={Yuntao Bai and Andy Jones and Kamal Ndousse and Amanda Askell and Anna Chen and Nova DasSarma and Dawn Drain and Stanislav Fort and Deep Ganguli and Tom Henighan and Nicholas Joseph and Saurav Kadavath and Jackson Kernion and Tom Conerly and Sheer El-Showk and Nelson Elhage and Zac Hatfield-Dodds and Danny Hernandez and Tristan Hume and Scott Johnston and Shauna Kravec and Liane Lovitt and Neel Nanda and Catherine Olsson and Dario Amodei and Tom Brown and Jack Clark and Sam McCandlish and Chris Olah and Ben Mann and Jared Kaplan},
      year={2022},
      eprint={2204.05862},
      archivePrefix={arXiv},
      primaryClass={cs.CL}
}

@misc{bai2022traininghelpfulharmlessassistant,
      title={Training a Helpful and Harmless Assistant with Reinforcement Learning from Human Feedback}, 
      author={Yuntao Bai and Andy Jones and Kamal Ndousse and Amanda Askell and Anna Chen and Nova DasSarma and Dawn Drain and Stanislav Fort and Deep Ganguli and Tom Henighan and Nicholas Joseph and Saurav Kadavath and Jackson Kernion and Tom Conerly and Sheer El-Showk and Nelson Elhage and Zac Hatfield-Dodds and Danny Hernandez and Tristan Hume and Scott Johnston and Shauna Kravec and Liane Lovitt and Neel Nanda and Catherine Olsson and Dario Amodei and Tom Brown and Jack Clark and Sam McCandlish and Chris Olah and Ben Mann and Jared Kaplan},
      year={2022},
      eprint={2204.05862},
      archivePrefix={arXiv},
      primaryClass={cs.CL},
      url={https://arxiv.org/abs/2204.05862}, 
}

@article{bommasani2021opportunities,
  title={On the opportunities and risks of foundation models},
  author={Bommasani, Rishi and Hudson, Drew A and Adeli, Ehsan and Altman, Russ and Arora, Simran and von Arx, Sydney and Bernstein, Michael S and Bohg, Jeannette and Bosselut, Antoine and Brunskill, Emma and others},
  journal={arXiv preprint arXiv:2108.07258},
  year={2021}
}

@article{burns2023weak,
  title={Weak-to-strong generalization: Eliciting strong capabilities with weak supervision},
  author={Burns, Collin and Izmailov, Pavel and Kirchner, Jan Hendrik and Baker, Bowen and Gao, Leo and Aschenbrenner, Leopold and Chen, Yining and Ecoffet, Adrien and Joglekar, Manas and Leike, Jan and others},
  journal={arXiv preprint arXiv:2312.09390},
  year={2023}
}

@misc{casper2023openproblemsfundamentallimitations,
      title={Open Problems and Fundamental Limitations of Reinforcement Learning from Human Feedback}, 
      author={Stephen Casper and Xander Davies and Claudia Shi and Thomas Krendl Gilbert and Jérémy Scheurer and Javier Rando and Rachel Freedman and Tomasz Korbak and David Lindner and Pedro Freire and Tony Wang and Samuel Marks and Charbel-Raphaël Segerie and Micah Carroll and Andi Peng and Phillip Christoffersen and Mehul Damani and Stewart Slocum and Usman Anwar and Anand Siththaranjan and Max Nadeau and Eric J. Michaud and Jacob Pfau and Dmitrii Krasheninnikov and Xin Chen and Lauro Langosco and Peter Hase and Erdem Bıyık and Anca Dragan and David Krueger and Dorsa Sadigh and Dylan Hadfield-Menell},
      year={2023},
      eprint={2307.15217},
      archivePrefix={arXiv},
      primaryClass={cs.AI},
      url={https://arxiv.org/abs/2307.15217}, 
}

@misc{huang2022largelanguagemodelsselfimprove,
      title={Large Language Models Can Self-Improve}, 
      author={Jiaxin Huang and Shixiang Shane Gu and Le Hou and Yuexin Wu and Xuezhi Wang and Hongkun Yu and Jiawei Han},
      year={2022},
      eprint={2210.11610},
      archivePrefix={arXiv},
      primaryClass={cs.CL},
      url={https://arxiv.org/abs/2210.11610}, 
}

@misc{kaufmann2024surveyreinforcementlearninghuman,
      title={A Survey of Reinforcement Learning from Human Feedback}, 
      author={Timo Kaufmann and Paul Weng and Viktor Bengs and Eyke Hüllermeier},
      year={2024},
      eprint={2312.14925},
      archivePrefix={arXiv},
      primaryClass={cs.LG},
      url={https://arxiv.org/abs/2312.14925}, 
}

@article{ouyang2022training,
  title={Training language models to follow instructions with human feedback},
  author={Ouyang, Long and Wu, Jeffrey and Jiang, Xu and Almeida, Diogo and Wainwright, Carroll and Mishkin, Pamela and Zhang, Chong and Agarwal, Sandhini and Slama, Katarina and Ray, Alex and others},
  journal={Advances in Neural Information Processing Systems},
  volume={35},
  pages={27730--27744},
  year={2022}
}

@article{rafailov2024direct,
  title={Direct preference optimization: Your language model is secretly a reward model},
  author={Rafailov, Rafael and Sharma, Archit and Mitchell, Eric and Manning, Christopher D and Ermon, Stefano and Finn, Chelsea},
  journal={Advances in Neural Information Processing Systems},
  volume={36},
  year={2024}
}

@misc{schulman2017proximalpolicyoptimizationalgorithms,
      title={Proximal Policy Optimization Algorithms}, 
      author={John Schulman and Filip Wolski and Prafulla Dhariwal and Alec Radford and Oleg Klimov},
      year={2017},
      eprint={1707.06347},
      archivePrefix={arXiv},
      primaryClass={cs.LG},
      url={https://arxiv.org/abs/1707.06347}, 
}

@misc{wang2023aligninglargelanguagemodels,
      title={Aligning Large Language Models with Human: A Survey}, 
      author={Yufei Wang and Wanjun Zhong and Liangyou Li and Fei Mi and Xingshan Zeng and Wenyong Huang and Lifeng Shang and Xin Jiang and Qun Liu},
      year={2023},
      eprint={2307.12966},
      archivePrefix={arXiv},
      primaryClass={cs.CL},
      url={https://arxiv.org/abs/2307.12966}, 
}

@misc{wang2024creamconsistencyregularizedselfrewarding,
      title={CREAM: Consistency Regularized Self-Rewarding Language Models}, 
      author={Zhaoyang Wang and Weilei He and Zhiyuan Liang and Xuchao Zhang and Chetan Bansal and Ying Wei and Weitong Zhang and Huaxiu Yao},
      year={2024},
      eprint={2410.12735},
      archivePrefix={arXiv},
      primaryClass={cs.LG},
      url={https://arxiv.org/abs/2410.12735}, 
}

@inproceedings{yuanself,
  title={Self-Rewarding Language Models},
  author={Yuan, Weizhe and Pang, Richard Yuanzhe and Cho, Kyunghyun and Li, Xian and Sukhbaatar, Sainbayar and Xu, Jing and Weston, Jason E},
  booktitle={Forty-first International Conference on Machine Learning}
}

