@misc{arm-sme-web,
  title = {Introducing the Scalable Matrix Extension for the Armv9-A Architecture},
  key   = {arm},
  howpublished = {Online Webpage},
  note  = {\url{https://community.arm.com/arm-community-blogs/b/architectures-and-processors-blog/posts/scalable-matrix-extension-armv9-a-architecture}},
  year  = {2021 (accessed Apr 2023)}
}

@misc{aws-neuron-core-2023,
  title         = {NeuronCore-v2 Architecture},
  key           = {aws-neuron-core},
  howpublished  = {AWS Neuron Technical Reference Manual},
  note          = {\url{https://awsdocs-neuron.readthedocs-hosted.com/en/latest/general/arch/neuron-hardware/neuron-core-v2.html#neuroncores-v2-arch}},
  year          = {2023},
}

@article{chen-eyeriss-isscc2016,
  title     = {Eyeriss: An Energy-Efficient Reconfigurable Accelerator
                for Deep Convolutional Neural Networks},
  author    = {Yu-Hsin Chen and Tushar Krishna and Joel Emer and Vivienne
                Sze},
  journal   = ISSCC,
  month     = FEB,
  year      = {2016},
}

@article{choquette-nvidia-tensor-core-2021,
  title   = {Nvidia a100 Tensor Core GPU: Performance and Innovation},
  author  = {Choquette, Jack and Gandhi, Wishwesh and Giroux, Olivier and Stam, Nick and Krashinsky, Ronny},
  journal = IEEEMICRO,
  volume  = {41},
  number  = {2},
  pages   = {29--35},
  year    = {2021},
}

@article{guo-sw-only-spgemm-sc2020,
  title   = {Accelerating Sparse DNN Models Without Hardware-Support via Tile-Wise Sparsity},
  author  = {Guo, Cong and Hsueh, Bo Yang and Leng, Jingwen and Qiu, Yuxian and Guan, Yue and Wang, Zehuan and Jia, Xiaoying and Li, Xipeng and Guo, Minyi and Zhu, Yuhao},
  journal = SC,
  month   = NOV,
  year    = {2020},
}

@article{he-sparse-tpu-ics2020,
  title     = {Sparse-TPU: Adapting Systolic Arrays for Sparse Matrices},
  author    = {He, Xin and Pal, Subhankar and Amarnath, Aporva and Feng, Siying and Park, Dong-Hyeon and Rovinski, Austin and Ye, Haojie and Chen, Yuhan and Dreslinski, Ronald and Mudge, Trevor},
  journal   = ICS,
  month     = JUN,
  year      = {2020}
}

@article{hegde-extensor-micro2019,
  title     = {Extensor: An accelerator for sparse tensor algebra},
  author    = {Hegde, Kartik and Asghari-Moghaddam, Hadi and Pellauer, Michael and Crago, Neal and Jaleel, Aamer and Solomonik, Edgar and Emer, Joel and Fletcher, Christopher W},
  journal   = MICRO,
  month     = OCT,
  year      = {2019}
}

@misc{intel-amx-web,
  title = {Intel Advanced Matrix Extensions Overview},
  key   = {intel},
  howpublished = {Online Webpage},
  note  = {\url{https://www.intel.com/content/www/us/en/products/docs/accelerator-engines/advanced-matrix-extensions/overview.html}},
  year  = {(accessed Apr 2023)}
}

@article{jeong-rasa-dac2021,
  title   = {RASA: Efficient Register-Aware Systolic Array Matrix Engine for CPU},
  author  = {Jeong, Geonhwa and Qin, Eric and Samajdar, Ananda and Hughes, Christopher J and Subramoney, Sreenivas and Kim, Hyesoon and Krishna, Tushar},
  journal = DAC,
  month   = NOV,
  year    = {2021},
}

@article{jeong-vegeta-hpca2023,
  title     = {VEGETA: Vertically-Integrated Extensions for Sparse/Dense GEMM Tile Acceleration on CPUs},
  author    = {Jeong, Geonhwa and Damani, Sana and Bambhaniya, Abhimanyu Rajeshkumar and Qin, Eric and Hughes, Christopher J and Subramoney, Sreenivas and Kim, Hyesoon and Krishna, Tushar},
  journal   = HPCA,
  month     = MAR,
  year      = {2023},
}

@article{jouppi-datacenter-isca2017,
  title   = {In-datacenter Performance Analysis of a Tensor Processing Unit},
  author  = {Jouppi, Norman P and Young, Cliff and Patil, Nishant and Patterson, David and Agrawal, Gaurav and Bajwa, Raminder and Bates, Sarah and Bhatia, Suresh and Boden, Nan and Borchers, Al and others},
  journal = ISCA,
  month   = JUN,
  year    = {2017}
}

@article{jouppi-google-tpu-v2-v3-cacm2020,
  title     = {A Domain-Specific Supercomputer for Training Deep Neural
                Networks},
  author    = {Jouppi, Norman P. and Yoon, Doe Hyun and Kurian, George
                and Li, Sheng and Patil, Nishant and Laudon, James and
                Young, Cliff and Patterson, David},
  journal   = CACM,
  month     = JUL,
  year      = {2020},
  volume    = {63},
  number    = {7},
  pages     = {67--78},
}

@article{jouppi-tpu-v4-isca2023,
  title     = {TPU v4: An Optically Reconfigurable Supercomputer for Machine Learning with Hardware Support for Embeddings},
  author    = {Jouppi, Norm and Kurian, George and Li, Sheng and Ma, Peter and Nagarajan, Rahul and Nai, Lifeng and Patil, Nishant and Subramanian, Suvinay and Swing, Andy and Towles, Brian and others},
  journal   = ISCA,
  month     = JUN,
  year      = {2023}
}

@article{liu-sta-cal2020,
  title     = {Systolic Tensor Array: An Efficient Structured-Sparse GEMM Accelerator for Mobile CNN Inference},
  author    = {Liu, Zhi-Gang and Whatmough, Paul N and Mattina, Matthew},
  journal   = CAL,
  volume    = {19},
  number    = {1},
  pages     = {34--37},
  year      = {2020},
}

@article{nassif-intel-sapphire-isscc2022,
  title   = {Sapphire Rapids: The Next-generation Intel Xeon Scalable Processor},
  author  = {Nassif, Nevine and Munch, Ashley O and Molnar, Carleton L and Pasdast, Gerald and Lyer, Sitaraman V and Yang, Zibing and Mendoza, Oscar and Huddart, Mark and Venkataraman, Srikrishnan and Kandula, Sireesha and others},
  journal = ISSCC,
  month   = FEB,
  year    = {2022},
}

@article{pal-outerspace-hpca2018,
  title     = {OuterSPACE: An Outer Product Based Sparse Matrix Multiplication Accelerator},
  author    = {Pal, Subhankar and Beaumont, Jonathan and Park, Dong-Hyeon and Amarnath, Aporva and Feng, Siying and Chakrabarti, Chaitali and Kim, Hun-Seok and Blaauw, David and Mudge, Trevor and Dreslinski, Ronald},
  journal   = HPCA,
  month     = FEB,
  year      = {2018},
}

@misc{pool-nvidia-sparse-tensor-2021,
  title     = {Accelerating Inference with Sparsity Using the NVIDIA Ampere Architecture and NVIDIA TensorRT},
  author    = {Pool, Jeff and Sawarkar, Abhishek and Rodge, Jay},
  howpublished = {NVIDIA Technical Report},
  note      = {\url{https://developer.nvidia.com/blog/accelerating-inference-with-sparsity-using-ampere-and-tensorrt}},
  year      = {2021},
}

@article{qin-sigma-hpca2020,
  title     = {SIGMA: A Sparse and Irregular GEMM Accelerator with Flexible Interconnects for DNN Training},
  author    = {Qin, Eric and Samajdar, Ananda and Kwon, Hyoukjun and Nadella, Vineet and Srinivasan, Sudarshan and Das, Dipankar and Kaul, Bharat and Krishna, Tushar},
  journal   = HPCA,
  month     = FEB,
  year      = {2020},
}

@article{rao-sparsecore-asplos2022,
  title     = {SparseCore: Stream ISA and Processor Specialization for Sparse Computation},
  author    = {Rao, Gengyu and Chen, Jingji and Yik, Jason and Qian, Xuehai},
  journal   = ASPLOS,
  month     = FEB,
  year      = {2022}
}

@misc{riscv-mtx-ext-proposal-web,
  title = {RISC-V Matrix Extension Specification Proposal},
  key   = {riscv-mtx},
  howpublished = {Online Webpage},
  note  = {\url{https://github.com/T-head-Semi/riscv-matrix-extension-spec}},
  year  = {(accessed Apr 2023)}
}

@article{srivastava-matraptor-micro2020,
  title     = {MatRaptor: A Sparse-Sparse Matrix Multiplication Accelerator Based on Row-Wise Product},
  author    = {Srivastava, Nitish and Jin, Hanchen and Liu, Jie and Albonesi, David and Zhang, Zhiru},
  journal   = MICRO,
  month     = OCT,
  year      = {2020},
}

@misc{teich-google-tpu-v2-blog2018,
  title     = {Under the Hood of Google's TPU2 Machine Learning Clusters},
  author    = {Paul Tiech},
  howpublished = {Online Article},
  note = {\url{https://www.nextplatform.com/2017/05/22/hood-googles-tpu2-machine-learning-clusters}},
  month     = MAY,
  year      = {2017 (accessed Feb 2020)},
}

@article{zhang-gamma-asplos2021,
  title     = {Gamma: Leveraging Gustavsonâ€™s Algorithm to Accelerate Sparse Matrix Multiplication},
  author    = {Zhang, Guowei and Attaluri, Nithya and Emer, Joel S and Sanchez, Daniel},
  journal   = ASPLOS,
  month     = APR,
  year      = {2021}
}

@article{zhang-sparch-hpca2020,
  title     = {SpArch: Efficient Architecture for Sparse Matrix Multiplication},
  author    = {Zhang, Zhekai and Wang, Hanrui and Han, Song and Dally, William J},
  journal   = HPCA,
  month     = FEB,
  year      = {2020},
}

