@article{Chang2023MuseTG,
  title={Muse: Text-to-image generation via masked generative transformers},
  author={Chang, Huiwen and Zhang, Han and Barber, Jarred and Maschinot, AJ and Lezama, Jose and Jiang, Lu and Yang, Ming-Hsuan and Murphy, Kevin and Freeman, William T and Rubinstein, Michael and others},
  journal={arXiv},
  year={2023}
}

@article{blattmann2023stable,
  title={Stable video diffusion: Scaling latent video diffusion models to large datasets},
  author={Blattmann, Andreas and Dockhorn, Tim and Kulal, Sumith and Mendelevitch, Daniel and Kilian, Maciej and Lorenz, Dominik and Levi, Yam and English, Zion and Voleti, Vikram and Letts, Adam and others},
  journal={arXiv},
  year={2023}
}

@article{campbell2024generative,
  title={Generative flows on discrete state-spaces: Enabling multimodal flows with applications to protein co-design},
  author={Campbell, Andrew and Yim, Jason and Barzilay, Regina and Rainforth, Tom and Jaakkola, Tommi},
  journal={arXiv preprint arXiv:2402.04997},
  year={2024}
}

@inproceedings{chang2022maskgit,
  title={Maskgit: Masked generative image transformer},
  author={Chang, Huiwen and Zhang, Han and Jiang, Lu and Liu, Ce and Freeman, William T},
  booktitle={Proceedings of the IEEE/CVF Conference on Computer Vision and Pattern Recognition},
  pages={11315--11325},
  year={2022}
}

@article{chen2024diffusionforcing,
  title={Diffusion Forcing: Next-token Prediction
Meets Full-Sequence Diffusion},
  author={Chen, Boyuan and Monsó, Diego Martí and Du, Yilun and Simchowitz, Max and Tedrake, Russ and Sitzmann, Vincent},
  journal={arXiv preprint arXiv:2407.01392},
  year={2024}
}

@article{dao2023flow,
  title={Flow matching in latent space},
  author={Dao, Quan and Phung, Hao and Nguyen, Binh and Tran, Anh},
  journal={arXiv},
  year={2023}
}

@article{gao2024vid,
  title={ViD-GPT: Introducing GPT-style Autoregressive Generation in Video Diffusion Models},
  author={Gao, Kaifeng and Shi, Jiaxin and Zhang, Hanwang and Wang, Chunping and Xiao, Jun},
  journal={arXiv},
  year={2024}
}

@article{gat2024discrete,
  title={Discrete Flow Matching},
  author={Gat, Itai and Remez, Tal and Shaul, Neta and Kreuk, Felix and Chen, Ricky TQ and Synnaeve, Gabriel and Adi, Yossi and Lipman, Yaron},
  journal={arXiv preprint arXiv:2407.15595},
  year={2024}
}

@inproceedings{gui2024depthfm,
      title={DepthFM: Fast Monocular Depth Estimation with Flow Matching}, 
      author={Ming Gui and Johannes Schusterbauer and Ulrich Prestel and Pingchuan Ma and Dmytro Kotovenko and Olga Grebenkova and Stefan Andreas Baumann and Vincent Tao Hu and Björn Ommer},
      year={2025},
      booktitle = {AAAI},
}

@article{hu2024maskneed,
      title={[MASK] is All You Need}, 
      author={Vincent Tao Hu and Björn Ommer},
      year={2024},
      journal={arXiv},
}

@InProceedings{hu2024zigma,
              title={ZigMa: A DiT-style Zigzag Mamba Diffusion Model},
              author={Vincent Tao Hu and Stefan Andreas Baumann and Ming Gui and Olga Grebenkova and Pingchuan Ma and Johannes Fischer and Björn Ommer},
              booktitle = {ECCV},
              year={2024}
        }

@inproceedings{hulfm,
        title = {Latent Space Editing in Transformer-based Flow Matching},
        author = {Hu, Vincent Tao and Zhang, David W and Mettes, Pascal and Tang, Meng and Zhao, Deli and Snoek, Cees G.M.},
        year = {2024},
        booktitle = {AAAI},
      }

@article{jin2024pyramidal,
  title={Pyramidal flow matching for efficient video generative modeling},
  author={Jin, Yang and Sun, Zhicheng and Li, Ningyuan and Xu, Kun and Jiang, Hao and Zhuang, Nan and Huang, Quzhe and Song, Yang and Mu, Yadong and Lin, Zhouchen},
  journal={arXiv},
  year={2024}
}

@article{li2024autoregressive,
  title={Autoregressive Image Generation without Vector Quantization},
  author={Li, Tianhong and Tian, Yonglong and Li, He and Deng, Mingyang and He, Kaiming},
  journal={arXiv},
  year={2024}
}

@inproceedings{lipman2022flow,
  title   = {Flow matching for generative modeling},
  author  = {Lipman, Yaron and Chen, Ricky TQ and Ben-Hamu, Heli and Nickel, Maximilian and Le, Matt},
  year    = 2023,
  booktitle = {ICLR}
}

@article{liu2023generative,
  title={Generative pre-training for speech with flow matching},
  author={Liu, Alexander H and Le, Matt and Vyas, Apoorv and Shi, Bowen and Tjandra, Andros and Hsu, Wei-Ning},
  journal={arXiv},
  year={2023}
}

@article{ma2024latte,
  title={Latte: Latent diffusion transformer for video generation},
  author={Ma, Xin and Wang, Yaohui and Jia, Gengyun and Chen, Xinyuan and Liu, Ziwei and Li, Yuan-Fang and Chen, Cunjian and Qiao, Yu},
  journal={arXiv preprint arXiv:2401.03048},
  year={2024}
}

@article{ruhe2024rollingdiffusionmodels,
      title={Rolling Diffusion Models}, 
      author={David Ruhe and Jonathan Heek and Tim Salimans and Emiel Hoogeboom},
      year={2024},
      journal={arXiv preprint arXiv:2402.09470},
}

@article{sahoo2024simpleeffectivemaskeddiffusion,
      title={Simple and Effective Masked Diffusion Language Models}, 
      author={Subham Sekhar Sahoo and Marianne Arriola and Yair Schiff and Aaron Gokaslan and Edgar Marroquin and Justin T Chiu and Alexander Rush and Volodymyr Kuleshov},
      year={2024},
      journal={arXiv:2406.07524},
}

@InProceedings{schusterbauer2024boosting,
      title={Boosting Latent Diffusion with Flow Matching}, 
      author={Johannes Schusterbauer and Ming Gui and Pingchuan Ma and Nick Stracke and Stefan A. Baumann and Vincent Tao Hu and Björn Ommer},
      booktitle = {ECCV},
      year={2024}
}

@article{shi2024simplifiedgeneralizedmaskeddiffusion,
      title={Simplified and Generalized Masked Diffusion for Discrete Data}, 
      author={Jiaxin Shi and Kehang Han and Zhe Wang and Arnaud Doucet and Michalis K. Titsias},
      year={2024},
      journal={arXiv:2406.04329},
}

@article{song2025historyguidedvideodiffusion,
  title={History-Guided Video Diffusion}, 
  author={Kiwhan Song and Boyuan Chen and Max Simchowitz and Yilun Du and Russ Tedrake and Vincent Sitzmann},
  year={2025},
  journal={arXiv},
}

@article{wu2023ar,
  title={Ar-diffusion: Auto-regressive diffusion model for text generation},
  author={Wu, Tong and Fan, Zhihao and Liu, Xiao and Zheng, Hai-Tao and Gong, Yeyun and Jiao, Jian and Li, Juntao and Guo, Jian and Duan, Nan and Chen, Weizhu and others},
  journal={NeurIPS},
  year={2023}
}

@article{xie2024progressive,
  title={Progressive autoregressive video diffusion models},
  author={Xie, Desai and Xu, Zhan and Hong, Yicong and Tan, Hao and Liu, Difan and Liu, Feng and Kaufman, Arie and Zhou, Yang},
  journal={arXiv},
  year={2024}
}

@article{yu2023language_magvit2,
  title={Language Model Beats Diffusion--Tokenizer is Key to Visual Generation},
  author={Yu, Lijun and Lezama, Jos{\'e} and Gundavarapu, Nitesh B and Versari, Luca and Sohn, Kihyuk and Minnen, David and Cheng, Yong and Gupta, Agrim and Gu, Xiuye and Hauptmann, Alexander G and others},
  journal={arXiv preprint arXiv:2310.05737},
  year={2023}
}

@inproceedings{yu2023magvit,
  title={Magvit: Masked generative video transformer},
  author={Yu, Lijun and Cheng, Yong and Sohn, Kihyuk and Lezama, Jos{\'e} and Zhang, Han and Chang, Huiwen and Hauptmann, Alexander G and Yang, Ming-Hsuan and Hao, Yuan and Essa, Irfan and others},
  booktitle={Proceedings of the IEEE/CVF Conference on Computer Vision and Pattern Recognition},
  pages={10459--10469},
  year={2023}
}

@article{zheng2024open,
  title={Open-sora: Democratizing efficient video production for all},
  author={Zheng, Zangwei and Peng, Xiangyu and Yang, Tianji and Shen, Chenhui and Li, Shenggui and Liu, Hongxin and Zhou, Yukun and Li, Tianyi and You, Yang},
  journal={arXiv},
  year={2024}
}

@article{zhou2025taming,
  title={Taming Teacher Forcing for Masked Autoregressive Video Generation},
  author={Zhou, Deyu and Sun, Quan and Peng, Yuang and Yan, Kun and Dong, Runpei and Wang, Duomin and Ge, Zheng and Duan, Nan and Zhang, Xiangyu and Ni, Lionel M and others},
  journal={arXiv preprint arXiv:2501.12389},
  year={2025}
}

