@String(PAMI = {IEEE Trans. Pattern Anal. Mach. Intell.})
@String(IJCV = {Int. J. Comput. Vis.})
@String(CVPR= {IEEE Conf. Comput. Vis. Pattern Recog.})
@String(ICCV= {Int. Conf. Comput. Vis.})
@String(ECCV= {Eur. Conf. Comput. Vis.})
@String(NIPS= {Adv. Neural Inform. Process. Syst.})
@String(ICPR = {Int. Conf. Pattern Recog.})
@String(BMVC= {Brit. Mach. Vis. Conf.})
@String(TOG= {ACM Trans. Graph.})
@String(TIP  = {IEEE Trans. Image Process.})
@String(TVCG  = {IEEE Trans. Vis. Comput. Graph.})
@String(TMM  = {IEEE Trans. Multimedia})
@String(ACMMM= {ACM Int. Conf. Multimedia})
@String(ICME = {Int. Conf. Multimedia and Expo})
@String(ICASSP=	{ICASSP})
@String(ICIP = {IEEE Int. Conf. Image Process.})
@String(ACCV  = {ACCV})
@String(ICLR = {Int. Conf. Learn. Represent.})
@String(IJCAI = {IJCAI})
@String(PR   = {Pattern Recognition})
@String(AAAI = {AAAI})
@String(CVPRW= {IEEE Conf. Comput. Vis. Pattern Recog. Worksh.})
@String(CSVT = {IEEE Trans. Circuit Syst. Video Technol.})

@String(SPL	= {IEEE Sign. Process. Letters})
@String(VR   = {Vis. Res.})
@String(JOV	 = {J. Vis.})
@String(TVC  = {The Vis. Comput.})
@String(JCST  = {J. Comput. Sci. Tech.})
@String(CGF  = {Comput. Graph. Forum})
@String(CVM = {Computational Visual Media})


@String(PAMI  = {IEEE TPAMI})
@String(IJCV  = {IJCV})
@String(CVPR  = {CVPR})
@String(ICCV  = {ICCV})
@String(ECCV  = {ECCV})
@String(NIPS  = {NeurIPS})
@String(ICPR  = {ICPR})
@String(BMVC  =	{BMVC})
@String(TOG   = {ACM TOG})
@String(TIP   = {IEEE TIP})
@String(TVCG  = {IEEE TVCG})
@String(TCSVT = {IEEE TCSVT})
@String(TMM   =	{IEEE TMM})
@String(ACMMM = {ACM MM})
@String(ICME  =	{ICME})
@String(ICASSP=	{ICASSP})
@String(ICIP  = {ICIP})
@String(ACCV  = {ACCV})
@String(ICLR  = {ICLR})
@String(IJCAI = {IJCAI})
@String(ICML = {ICML})
@String(PR = {PR})
@String(AAAI = {AAAI})
@String(CVPRW= {CVPRW})
@String(CSVT = {IEEE TCSVT})
@String(ARXIV = {arXiv})



@inproceedings{gui2024depthfm,
      title={DepthFM: Fast Monocular Depth Estimation with Flow Matching}, 
      author={Ming Gui and Johannes Schusterbauer and Ulrich Prestel and Pingchuan Ma and Dmytro Kotovenko and Olga Grebenkova and Stefan Andreas Baumann and Vincent Tao Hu and Björn Ommer},
      year={2025},
      booktitle = {AAAI},
}

@InProceedings{schusterbauer2024boosting,
      title={Boosting Latent Diffusion with Flow Matching}, 
      author={Johannes Schusterbauer and Ming Gui and Pingchuan Ma and Nick Stracke and Stefan A. Baumann and Vincent Tao Hu and Björn Ommer},
      booktitle = {ECCV},
      year={2024}
}

@inproceedings{hulfm,
        title = {Latent Space Editing in Transformer-based Flow Matching},
        author = {Hu, Vincent Tao and Zhang, David W and Mettes, Pascal and Tang, Meng and Zhao, Deli and Snoek, Cees G.M.},
        year = {2024},
        booktitle = {AAAI},
      }

@inproceedings{neklyudov2023action,
  title     = {Action Matching: Learning Stochastic Dynamics from Samples},
  author    = {Neklyudov, Kirill and Brekelmans, Rob and Severo, Daniel and Makhzani, Alireza},
  year      = 2023,
  booktitle = ICML
}

@article{hoogeboom2021argmax,
  title={Argmax flows and multinomial diffusion: Learning categorical distributions},
  author={Hoogeboom, Emiel and Nielsen, Didrik and Jaini, Priyank and Forr{\'e}, Patrick and Welling, Max},
  journal={Advances in Neural Information Processing Systems},
  volume={34},
  pages={12454--12465},
  year={2021}
}

@article{wang2023segrefiner,
  title={Segrefiner: Towards model-agnostic segmentation refinement with discrete diffusion process},
  author={Wang, Mengyu and Ding, Henghui and Liew, Jun Hao and Liu, Jiajun and Zhao, Yao and Wei, Yunchao},
  journal={arXiv preprint arXiv:2312.12425},
  year={2023}
}



@inproceedings{xu2023versatile,
  title={Versatile diffusion: Text, images and variations all in one diffusion model},
  author={Xu, Xingqian and Wang, Zhangyang and Zhang, Gong and Wang, Kai and Shi, Humphrey},
  booktitle={Proceedings of the IEEE/CVF International Conference on Computer Vision},
  pages={7754--7765},
  year={2023}
}

@article{amit2021segdiff,
  title={Segdiff: Image segmentation with diffusion probabilistic models},
  author={Amit, Tomer and Shaharbany, Tal and Nachmani, Eliya and Wolf, Lior},
  journal={arXiv preprint arXiv:2112.00390},
  year={2021}
}

@inproceedings{li2023your_diffusion_zeroshotclassifier,
  title={Your diffusion model is secretly a zero-shot classifier},
  author={Li, Alexander C and Prabhudesai, Mihir and Duggal, Shivam and Brown, Ellis and Pathak, Deepak},
  booktitle={Proceedings of the IEEE/CVF International Conference on Computer Vision},
  pages={2206--2217},
  year={2023}
}

@article{hu2023motionfm,
  title={Motion flow matching for human motion synthesis and editing},
  author={Hu, Vincent Tao and Yin, Wenzhe and Ma, Pingchuan and Chen, Yunlu and Fernando, Basura and Asano, Yuki M and Gavves, Efstratios and Mettes, Pascal and Ommer, Bjorn and Snoek, Cees GM},
  journal={arXiv preprint arXiv:2312.08895},
  year={2023}
}


@misc{zhang2024diffusion,
    title={Diffusion Models are Evolutionary Algorithms},
    author={Yanbo Zhang and Benedikt Hartl and Hananel Hazan and Michael Levin},
    year={2024},
    eprint={2410.02543},
    archivePrefix={arXiv},
    primaryClass={cs.NE}
}


@inproceedings{chen2023diffusiondet,
  title={Diffusiondet: Diffusion model for object detection},
  author={Chen, Shoufa and Sun, Peize and Song, Yibing and Luo, Ping},
  booktitle={Proceedings of the IEEE/CVF international conference on computer vision},
  pages={19830--19843},
  year={2023}
}

@article{team2024chameleon,
  title={Chameleon: Mixed-modal early-fusion foundation models},
  author={Team, Chameleon},
  journal={arXiv preprint arXiv:2405.09818},
  year={2024}
}


@article{xie2024show,
  title={Show-o: One Single Transformer to Unify Multimodal Understanding and Generation},
  author={Xie, Jinheng and Mao, Weijia and Bai, Zechen and Zhang, David Junhao and Wang, Weihao and Lin, Kevin Qinghong and Gu, Yuchao and Chen, Zhijie and Yang, Zhenheng and Shou, Mike Zheng},
  journal={arXiv preprint arXiv:2408.12528},
  year={2024}
}


@article{albergo2023stochastic,
  title={Stochastic interpolants: A unifying framework for flows and diffusions},
  author={Albergo, Michael S and Boffi, Nicholas M and Vanden-Eijnden, Eric},
  journal={arXiv preprint arXiv:2303.08797},
  year={2023}
}

@article{weber2024maskbit,
  author    = {Mark Weber and Lijun Yu and Qihang Yu and Xueqing Deng and Xiaohui Shen and Daniel Cremers and Liang-Chieh Chen},
  title     = {MaskBit: Embedding-free Image Generation via Bit Tokens},
  journal   = {arXiv:2409.16211},
  year      = {2024}
}

@article{mao2021discrete,
  title={Discrete representations strengthen vision transformer robustness},
  author={Mao, Chengzhi and Jiang, Lu and Dehghani, Mostafa and Vondrick, Carl and Sukthankar, Rahul and Essa, Irfan},
  journal={arXiv preprint arXiv:2111.10493},
  year={2021}
}

@inproceedings{wang2024hpt,
author    = {Wang, Lirui  and Chen, Xinlei   and Zhao, Jialiang and He, Kaiming },
title     = {Scaling Proprioceptive-Visual Learning with Heterogeneous Pre-trained Transformers},
booktitle = {Neurips},
year      = {2024}
}

@misc{chen2024denoisingjointembeddingpredictivearchitecture,
      title={Denoising with a Joint-Embedding Predictive Architecture}, 
      author={Dengsheng Chen and Jie Hu and Xiaoming Wei and Enhua Wu},
      year={2024},
      eprint={2410.03755},
      archivePrefix={arXiv},
      primaryClass={cs.LG},
      url={https://arxiv.org/abs/2410.03755}, 
}

@inproceedings{assran2023self,
  title={Self-supervised learning from images with a joint-embedding predictive architecture},
  author={Assran, Mahmoud and Duval, Quentin and Misra, Ishan and Bojanowski, Piotr and Vincent, Pascal and Rabbat, Michael and LeCun, Yann and Ballas, Nicolas},
  booktitle={Proceedings of the IEEE/CVF Conference on Computer Vision and Pattern Recognition},
  pages={15619--15629},
  year={2023}
}

@article{tong2023simulation,
  title={Simulation-free schr$\backslash$" odinger bridges via score and flow matching},
  author={Tong, Alexander and Malkin, Nikolay and Fatras, Kilian and Atanackovic, Lazar and Zhang, Yanlei and Huguet, Guillaume and Wolf, Guy and Bengio, Yoshua},
  journal={arXiv preprint arXiv:2307.03672},
  year={2023}
}

@article{fu2024featup,
  title={Featup: A model-agnostic framework for features at any resolution},
  author={Fu, Stephanie and Hamilton, Mark and Brandt, Laura and Feldman, Axel and Zhang, Zhoutong and Freeman, William T},
  journal={arXiv preprint arXiv:2403.10516},
  year={2024}
}

@article{liu2023pyramid,
  title={Pyramid Diffusion for Fine 3D Large Scene Generation},
  author={Liu, Yuheng and Li, Xinke and Li, Xueting and Qi, Lu and Li, Chongshou and Yang, Ming-Hsuan},
  journal={arXiv preprint arXiv:2311.12085},
  year={2023}
}

@inproceedings{ni2024revisiting,
  title={Revisiting non-autoregressive transformers for efficient image synthesis},
  author={Ni, Zanlin and Wang, Yulin and Zhou, Renping and Guo, Jiayi and Hu, Jinyi and Liu, Zhiyuan and Song, Shiji and Yao, Yuan and Huang, Gao},
  booktitle={Proceedings of the IEEE/CVF Conference on Computer Vision and Pattern Recognition},
  pages={7007--7016},
  year={2024}
}

@article{ni2024adanat,
  title={AdaNAT: Exploring Adaptive Policy for Token-Based Image Generation},
  author={Ni, Zanlin and Wang, Yulin and Zhou, Renping and Lu, Rui and Guo, Jiayi and Hu, Jinyi and Liu, Zhiyuan and Yao, Yuan and Huang, Gao},
  journal={arXiv preprint arXiv:2409.00342},
  year={2024}
}

@inproceedings{li2023mage,
  title={Mage: Masked generative encoder to unify representation learning and image synthesis},
  author={Li, Tianhong and Chang, Huiwen and Mishra, Shlok and Zhang, Han and Katabi, Dina and Krishnan, Dilip},
  booktitle={Proceedings of the IEEE/CVF Conference on Computer Vision and Pattern Recognition},
  pages={2142--2152},
  year={2023}
}

@inproceedings{bao2023one_unidiffuser,
  title={One transformer fits all distributions in multi-modal diffusion at scale},
  author={Bao, Fan and Nie, Shen and Xue, Kaiwen and Li, Chongxuan and Pu, Shi and Wang, Yaole and Yue, Gang and Cao, Yue and Su, Hang and Zhu, Jun},
  booktitle={International Conference on Machine Learning},
  pages={1692--1717},
  year={2023},
  organization={PMLR}
}

@article{touvron2023llama,
  title={Llama: Open and efficient foundation language models},
  author={Touvron, Hugo and Lavril, Thibaut and Izacard, Gautier and Martinet, Xavier and Lachaux, Marie-Anne and Lacroix, Timoth{\'e}e and Rozi{\`e}re, Baptiste and Goyal, Naman and Hambro, Eric and Azhar, Faisal and others},
  journal={arXiv preprint arXiv:2302.13971},
  year={2023}
}

@article{nguyen2024image,
  title={An Image is Worth More Than 16x16 Patches: Exploring Transformers on Individual Pixels},
  author={Nguyen, Duy-Kien and Assran, Mahmoud and Jain, Unnat and Oswald, Martin R and Snoek, Cees GM and Chen, Xinlei},
  journal={arXiv preprint arXiv:2406.09415},
  year={2024}
}


@InProceedings{hu2024zigma,
              title={ZigMa: A DiT-style Zigzag Mamba Diffusion Model},
              author={Vincent Tao Hu and Stefan Andreas Baumann and Ming Gui and Olga Grebenkova and Pingchuan Ma and Johannes Fischer and Björn Ommer},
              booktitle = {ECCV},
              year={2024}
        }

@article{you2022locally_rq2,
  title={Locally hierarchical auto-regressive modeling for image generation},
  author={You, Tackgeun and Kim, Saehoon and Kim, Chiheon and Lee, Doyup and Han, Bohyung},
  journal={Advances in Neural Information Processing Systems},
  volume={35},
  pages={16360--16372},
  year={2022}
}

@article{podell2023sdxl,
  title={Sdxl: Improving latent diffusion models for high-resolution image synthesis},
  author={Podell, Dustin and English, Zion and Lacey, Kyle and Blattmann, Andreas and Dockhorn, Tim and M{\"u}ller, Jonas and Penna, Joe and Rombach, Robin},
  journal={arXiv preprint arXiv:2307.01952},
  year={2023}
}

@inproceedings{skorokhodov2024hierarchical,
  title={Hierarchical Patch Diffusion Models for High-Resolution Video Generation},
  author={Skorokhodov, Ivan and Menapace, Willi and Siarohin, Aliaksandr and Tulyakov, Sergey},
  booktitle={Proceedings of the IEEE/CVF Conference on Computer Vision and Pattern Recognition},
  pages={7569--7579},
  year={2024}
}

@inproceedings{skorokhodov2022stylegan_v,
  title={Stylegan-v: A continuous video generator with the price, image quality and perks of stylegan2},
  author={Skorokhodov, Ivan and Tulyakov, Sergey and Elhoseiny, Mohamed},
  booktitle={Proceedings of the IEEE/CVF conference on computer vision and pattern recognition},
  pages={3626--3636},
  year={2022}
}

@misc{ou2024absorbingdiscretediffusionsecretly_radd,
      title={Your Absorbing Discrete Diffusion Secretly Models the Conditional Distributions of Clean Data}, 
      author={Jingyang Ou and Shen Nie and Kaiwen Xue and Fengqi Zhu and Jiacheng Sun and Zhenguo Li and Chongxuan Li},
      year={2024},
      eprint={2406.03736},
      archivePrefix={arXiv},
      primaryClass={cs.LG},
}

@article{yu2023language_magvit2,
  title={Language Model Beats Diffusion--Tokenizer is Key to Visual Generation},
  author={Yu, Lijun and Lezama, Jos{\'e} and Gundavarapu, Nitesh B and Versari, Luca and Sohn, Kihyuk and Minnen, David and Cheng, Yong and Gupta, Agrim and Gu, Xiuye and Hauptmann, Alexander G and others},
  journal={arXiv preprint arXiv:2310.05737},
  year={2023}
}

@article{ge2023making_seed,
  title={Making llama see and draw with seed tokenizer},
  author={Ge, Yuying and Zhao, Sijie and Zeng, Ziyun and Ge, Yixiao and Li, Chen and Wang, Xintao and Shan, Ying},
  journal={arXiv preprint arXiv:2310.01218},
  year={2023}
}

@inproceedings{vqdiffusion,
  title={Vector quantized diffusion model for text-to-image synthesis},
  author={Gu, Shuyang and Chen, Dong and Bao, Jianmin and Wen, Fang and Zhang, Bo and Chen, Dongdong and Yuan, Lu and Guo, Baining},
  booktitle={Proceedings of the IEEE/CVF conference on computer vision and pattern recognition},
  pages={10696--10706},
  year={2022}
}

@article{li2024autoregressive_mar,
  title={Autoregressive Image Generation without Vector Quantization},
  author={Li, Tianhong and Tian, Yonglong and Li, He and Deng, Mingyang and He, Kaiming},
  journal={arXiv preprint arXiv:2406.11838},
  year={2024}
}

@article{sun2024autoregressive_llamagen,
  title={Autoregressive Model Beats Diffusion: Llama for Scalable Image Generation},
  author={Sun, Peize and Jiang, Yi and Chen, Shoufa and Zhang, Shilong and Peng, Bingyue and Luo, Ping and Yuan, Zehuan},
  journal={arXiv preprint arXiv:2406.06525},
  year={2024}
}

@article{wang2024omnitokenizer,
  title={OmniTokenizer: A Joint Image-Video Tokenizer for Visual Generation},
  author={Wang, Junke and Jiang, Yi and Yuan, Zehuan and Peng, Binyue and Wu, Zuxuan and Jiang, Yu-Gang},
  journal={arXiv preprint arXiv:2406.09399},
  year={2024}
}

@article{tschannen2023givt,
  title={Givt: Generative infinite-vocabulary transformers},
  author={Tschannen, Michael and Eastwood, Cian and Mentzer, Fabian},
  journal={arXiv preprint arXiv:2312.02116},
  year={2023}
}

@article{esser2021imagebart,
  title={Imagebart: Bidirectional context with multinomial diffusion for autoregressive image synthesis},
  author={Esser, Patrick and Rombach, Robin and Blattmann, Andreas and Ommer, Bjorn},
  journal={Advances in neural information processing systems},
  volume={34},
  pages={3518--3532},
  year={2021}
}

@article{gat2024discrete,
  title={Discrete Flow Matching},
  author={Gat, Itai and Remez, Tal and Shaul, Neta and Kreuk, Felix and Chen, Ricky TQ and Synnaeve, Gabriel and Adi, Yossi and Lipman, Yaron},
  journal={arXiv preprint arXiv:2407.15595},
  year={2024}
}

@inproceedings{albergo2022building,
  title     = {Building normalizing flows with stochastic interpolants},
  author    = {Albergo, Michael S and Vanden-Eijnden, Eric},
  year      = 2023,
  booktitle = ICLR
}

@article{austin2021structured_d3pm,
  title={Structured denoising diffusion models in discrete state-spaces},
  author={Austin, Jacob and Johnson, Daniel D and Ho, Jonathan and Tarlow, Daniel and Van Den Berg, Rianne},
  journal={Advances in Neural Information Processing Systems},
  volume={34},
  pages={17981--17993},
  year={2021}
}

@inproceedings{chang2022maskgit,
  title={Maskgit: Masked generative image transformer},
  author={Chang, Huiwen and Zhang, Han and Jiang, Lu and Liu, Ce and Freeman, William T},
  booktitle={Proceedings of the IEEE/CVF Conference on Computer Vision and Pattern Recognition},
  pages={11315--11325},
  year={2022}
}

@article{luo2024openmagvit2,
  title={Open-MAGVIT2: An Open-Source Project Toward Democratizing Auto-Regressive Visual Generation},
  author={Luo, Zhuoyan and Shi, Fengyuan and Ge, Yixiao and Yang, Yujiu and Wang, Limin and Shan, Ying},
  journal={arXiv preprint arXiv:2409.04410},
  year={2024}
}

@article{yu2024an_titok,
  author    = {Qihang Yu and Mark Weber and Xueqing Deng and Xiaohui Shen and Daniel Cremers and Liang-Chieh Chen},
  title     = {An Image is Worth 32 Tokens for Reconstruction and Generation},
  journal   = {arxiv: 2406.07550},
  year      = {2024}
}

@article{zhou2024transfusion,
  title={Transfusion: Predict the Next Token and Diffuse Images with One Multi-Modal Model},
  author={Zhou, Chunting and Yu, Lili and Babu, Arun and Tirumala, Kushal and Yasunaga, Michihiro and Shamis, Leonid and Kahn, Jacob and Ma, Xuezhe and Zettlemoyer, Luke and Levy, Omer},
  journal={arXiv preprint arXiv:2408.11039},
  year={2024}
}

@article{campbell2024generative,
  title={Generative flows on discrete state-spaces: Enabling multimodal flows with applications to protein co-design},
  author={Campbell, Andrew and Yim, Jason and Barzilay, Regina and Rainforth, Tom and Jaakkola, Tommi},
  journal={arXiv preprint arXiv:2402.04997},
  year={2024}
}
@inproceedings{2022_centerclip,
  title     = {CenterCLIP: Token Clustering for Efficient Text-Video Retrieval},
  author    = {Shuai Zhao and Linchao Zhu and Xiaohan Wang and Yi Yang},
  year      = 2022,
  booktitle = {SIGIR}
}

@inproceedings{abadi2016tensorflow,
  title     = {TensorFlow: A System for Large-Scale Machine Learning.},
  author    = {Abadi, Mart{\'\i}n and Barham, Paul and Chen, Jianmin and Chen, Zhifeng and Davis, Andy and Dean, Jeffrey and Devin, Matthieu and Ghemawat, Sanjay and Irving, Geoffrey and Isard, Michael and others},
  year      = 2016,
  booktitle = {OSDI}
}

@inproceedings{achlioptas2018learning,
  title     = {Learning Representations and Generative Models for 3D Point Clouds},
  author    = {Achlioptas, Panos and Diamanti, Olga and Mitliagkas, Ioannis and Guibas, Leonidas},
  year      = 2018,
  booktitle = ICML
}

@inproceedings{adamixup,
  title     = {Mixup as locally linear out-of-manifold regularization},
  author    = {Guo, Hongyu and Mao, Yongyi and Zhang, Richong},
  year      = 2019,
  booktitle = {AAAI}
}

@inproceedings{liu2023audioldm,
  title   = {Audioldm: Text-to-audio generation with latent diffusion models},
  author  = {Liu, Haohe and Chen, Zehua and Yuan, Yi and Mei, Xinhao and Liu, Xubo and Mandic, Danilo and Wang, Wenwu and Plumbley, Mark D},
  year    = 2023,
  booktitle = ICML
}

@inproceedings{zhang2023remodiffuse,
  title     = {ReMoDiffuse: Retrieval-Augmented Motion Diffusion Model},
  author    = {Zhang, Mingyuan and Guo, Xinying and Pan, Liang and Cai, Zhongang and Hong, Fangzhou and Li, Huirong and Yang, Lei and Liu, Ziwei},
  year      = 2023,
  booktitle = {ICCV}
}

@inproceedings{adelaide,
  title     = {Efficient piecewise training of deep structured models for semantic segmentation},
  author    = {Lin, Guosheng and Shen, Chunhua and Van Den Hengel, Anton and Reid, Ian},
  year      = 2016,
  booktitle = {CVPR}
}

@inproceedings{ahuja2019language2pose,
  title     = {Language2pose: Natural language grounded pose forecasting},
  author    = {Ahuja, Chaitanya and Morency, Louis-Philippe},
  year      = 2019,
  booktitle = {3DV}
}

@inproceedings{song2023consistency,
  title     = {Consistency models},
  author    = {Song, Yang and Dhariwal, Prafulla and Chen, Mark and Sutskever, Ilya},
  year      = 2023,
  booktitle = {ICML}
}

@inproceedings{aksan2021spatio,
  title     = {A spatio-temporal transformer for 3d human motion prediction},
  author    = {Aksan, Emre and Kaufmann, Manuel and Cao, Peng and Hilliges, Otmar},
  year      = 2021,
  booktitle = {3DV}
}

@inproceedings{salimans2022progressive,
  title   = {Progressive distillation for fast sampling of diffusion models},
  author  = {Salimans, Tim and Ho, Jonathan},
  year    = 2022,
  booktitle = {ICLR}
}

@inproceedings{alabdulmohsin2022revisiting,
  title     = {Revisiting neural scaling laws in language and vision},
  author    = {Alabdulmohsin, Ibrahim and Neyshabur, Behnam and Zhai, Xiaohua},
  year      = 2022,
  booktitle = {NeurIPS}
}

@article{alexander1990solving,
  title   = {Solving ordinary differential equations i: Nonstiff problems (e. hairer, sp norsett, and g. wanner)},
  author  = {Alexander, Roger},
  year    = 1990,
  journal = {Siam Review}
}

% Text-to-motion generation
@inproceedings{alexandridis2022long,
  title     = {Long-tailed Instance Segmentation using Gumbel Optimized Loss},
  author    = {Alexandridis, Konstantinos Panagiotis and Deng, Jiankang and Nguyen, Anh and Luo, Shan},
  year      = 2022,
  booktitle = ECCV
}

@inproceedings{ali2021xcit,
  title     = {Xcit: Cross-covariance image transformers},
  author    = {Ali, Alaaeldin and Touvron, Hugo and Caron, Mathilde and Bojanowski, Piotr and Douze, Matthijs and Joulin, Armand and Laptev, Ivan and Neverova, Natalia and Synnaeve, Gabriel and Verbeek, Jakob and others},
  year      = 2021,
  booktitle = NeurIPS
}

@inproceedings{aljundi2016expert,
  title     = {Expert Gate: Lifelong Learning with a Network of Experts},
  author    = {Aljundi, Rahaf and Chakravarty, Punarjay and Tuytelaars, Tinne},
  year      = 2016,
  booktitle = ARXIV
}

%% HumanML3D
% Dataset
@inproceedings{amir2021deep_dino_coseg,
  title     = {Deep vit features as dense visual descriptors},
  author    = {Amir, Shir and Gandelsman, Yossi and Bagon, Shai and Dekel, Tali},
  year      = 2021,
  booktitle = ARXIV
}

% Others
%% VAE
@inproceedings{anne2017localizing,
  title     = {Localizing moments in video with natural language},
  author    = {Hendricks, Lisa Anne and Wang, Oliver and Shechtman, Eli and Sivic, Josef and Darrell, Trevor and Russell, Bryan},
  year      = 2017,
  booktitle = ICCV
}

%% Transformer
@inproceedings{ans2004self,
  title     = {Self-refreshing memory in artificial neural networks: Learning temporal sequences without catastrophic forgetting},
  author    = {Ans, Bernard and Rousset, St{\'e}phane and French, Robert M and Musca, Serban},
  year      = 2004,
  booktitle = {Connection Science}
}

%% CLIP
% Quantitative comparison
@inproceedings{armandpour2021partition,
  title     = {Partition-guided gans},
  author    = {Armandpour, Mohammadreza and Sadeghian, Ali and Li, Chunyuan and Zhou, Mingyuan},
  year      = 2021,
  booktitle = CVPR
}

@inproceedings{arnab2021vivit,
  title     = {Vivit: A video vision transformer},
  author    = {Arnab, Anurag and Dehghani, Mostafa and Heigold, Georg and Sun, Chen and Lu{\v{c}}i{\'c}, Mario and Schmid, Cordelia},
  year      = 2021,
  booktitle = ICCV
}

@inproceedings{asano2019selflabelling,
  title     = {Self-labelling via simultaneous clustering and representation learning},
  author    = {Asano, Yuki Markus and Rupprecht, Christian and Vedaldi, Andrea},
  year      = 2020,
  booktitle = ICLR
}

% SMPLify
@inproceedings{ashual2022knn,
  title     = {Knn-diffusion: Image generation via large-scale retrieval},
  author    = {Ashual, Oron and Sheynin, Shelly and Polyak, Adam and Singer, Uriel and Gafni, Oran and Nachmani, Eliya and Taigman, Yaniv},
  year      = 2022,
  booktitle = {ARXIV}
}

@inproceedings{assran2022masked_msn,
  title     = {Masked siamese networks for label-efficient learning},
  author    = {Assran, Mahmoud and Caron, Mathilde and Misra, Ishan and Bojanowski, Piotr and Bordes, Florian and Vincent, Pascal and Joulin, Armand and Rabbat, Michael and Ballas, Nicolas},
  year      = 2022,
  booktitle = {ARXIV}
}

@article{athanasiou2022teach,
  title   = {TEACH: Temporal Action Composition for 3D Humans},
  author  = {Athanasiou, Nikos and Petrovich, Mathis and Black, Michael J and Varol, G{\"u}l},
  year    = 2022,
  journal = {arXiv preprint arXiv:2209.04066}
}

@misc{Authors14,
  title     = {The frobnicatable foo filter},
  author    = {Authors},
  year      = 2014,
  booktitle = {GreatBooks, Atown},
  note      = {BMVC14 submission ID 324. Supplied as additional material {\tt bmvc14.pdf}}
}

@misc{Authors14b,
  title  = {Frobnication tutorial},
  author = {Authors},
  year   = 2014,
  note   = {Supplied as additional material {\tt tr.pdf}}
}

@inproceedings{ba2016layer,
  title     = {Layer normalization},
  author    = {Ba, Jimmy Lei and Kiros, Jamie Ryan and Hinton, Geoffrey E},
  year      = 2016,
  booktitle = {ARXIV}
}

@inproceedings{badrinarayanan2017segnet,
  title     = {SegNet: A Deep Convolutional Encoder-Decoder Architecture for Image Segmentation},
  author    = {Badrinarayanan, Vijay and Kendall, Alex and Cipolla, Roberto},
  year      = 2017,
  booktitle = PAMI
}

@inproceedings{bai2017multiple,
  title  = {Multiple instance detection network with online instance classifier refinement},
  author = {Bai, Peng Tang Xinggang Wang Xiang and Liu, Wenyu},
  year   = 2017
}

@inproceedings{bansal2018zero,
  title     = {Zero-shot object detection},
  author    = {Bansal, Ankan and Sikka, Karan and Sharma, Gaurav and Chellappa, Rama and Divakaran, Ajay},
  year      = 2018,
  booktitle = {ECCV}
}

@inproceedings{barratt2018note,
  title     = {A note on the inception score},
  author    = {Barratt, Shane and Sharma, Rishi},
  year      = 2018,
  booktitle = {ARXIV}
}

@inproceedings{bart2005cross,
  title     = {Cross-generalization: Learning novel classes from a single example by feature replacement},
  author    = {Bart, Evgeniy and Ullman, Shimon},
  year      = 2005,
  booktitle = CVPR
}

@inproceedings{behley2019semantickitti,
  title     = {Semantickitti: A dataset for semantic scene understanding of lidar sequences},
  author    = {Behley, Jens and Garbade, Martin and Milioto, Andres and Quenzel, Jan and Behnke, Sven and Stachniss, Cyrill and Gall, Jurgen},
  year      = 2019,
  booktitle = {ICCV}
}

@inproceedings{behrmann2021understanding,
  title     = {Understanding and mitigating exploding inverses in invertible neural networks},
  author    = {Behrmann, Jens and Vicol, Paul and Wang, Kuan-Chieh and Grosse, Roger and Jacobsen, J{\"o}rn-Henrik},
  year      = 2021,
  booktitle = {International Conference on Artificial Intelligence and Statistics}
}

@article{ben2022matching,
  title   = {Matching normalizing flows and probability paths on manifolds},
  author  = {Ben-Hamu, Heli and Cohen, Samuel and Bose, Joey and Amos, Brandon and Grover, Aditya and Nickel, Maximilian and Chen, Ricky TQ and Lipman, Yaron},
  year    = 2022,
  journal = {arXiv}
}

@inproceedings{berthelot2019mixmatch,
  title     = {Mixmatch: A holistic approach to semi-supervised learning},
  author    = {Berthelot, David and Carlini, Nicholas and Goodfellow, Ian and Papernot, Nicolas and Oliver, Avital and Raffel, Colin A},
  year      = 2019,
  booktitle = {NeurIPS}
}

@inproceedings{berthelot2019remixmatch,
  title     = {ReMixMatch: Semi-Supervised Learning with Distribution Alignment and Augmentation Anchoring},
  author    = {Berthelot, David and Carlini, Nicholas and Cubuk, Ekin D and Kurakin, Alex and Sohn, Kihyuk and Zhang, Han and Raffel, Colin},
  year      = 2019,
  booktitle = {CoRR}
}

@inproceedings{bhattacharya2021text2gestures,
  title     = {Text2gestures: A transformer-based network for generating emotive body gestures for virtual agents},
  author    = {Bhattacharya, Uttaran and Rewkowski, Nicholas and Banerjee, Abhishek and Guhan, Pooja and Bera, Aniket and Manocha, Dinesh},
  year      = 2021,
  booktitle = {IEEE VR}
}

@inproceedings{bilen2015weakly,
  title     = {Weakly supervised object detection with convex clustering},
  author    = {Bilen, Hakan and Pedersoli, Marco and Tuytelaars, Tinne},
  year      = 2015,
  booktitle = CVPR
}

@article{chan2020cocon_rcg,
  title={Cocon: A self-supervised approach for controlled text generation},
  author={Chan, Alvin and Ong, Yew-Soon and Pung, Bill and Zhang, Aston and Fu, Jie},
  journal={arXiv preprint arXiv:2006.03535},
  year={2020}
}
@inproceedings{yu2023magvit,
  title={Magvit: Masked generative video transformer},
  author={Yu, Lijun and Cheng, Yong and Sohn, Kihyuk and Lezama, Jos{\'e} and Zhang, Han and Chang, Huiwen and Hauptmann, Alexander G and Yang, Ming-Hsuan and Hao, Yuan and Essa, Irfan and others},
  booktitle={Proceedings of the IEEE/CVF Conference on Computer Vision and Pattern Recognition},
  pages={10459--10469},
  year={2023}
}

@inproceedings{inoue2023layoutdm,
  title={Layoutdm: Discrete diffusion model for controllable layout generation},
  author={Inoue, Naoto and Kikuchi, Kotaro and Simo-Serra, Edgar and Otani, Mayu and Yamaguchi, Kota},
  booktitle={Proceedings of the IEEE/CVF Conference on Computer Vision and Pattern Recognition},
  pages={10167--10176},
  year={2023}
}

@article{ma2024latte,
  title={Latte: Latent diffusion transformer for video generation},
  author={Ma, Xin and Wang, Yaohui and Jia, Gengyun and Chen, Xinyuan and Liu, Ziwei and Li, Yuan-Fang and Chen, Cunjian and Qiao, Yu},
  journal={arXiv preprint arXiv:2401.03048},
  year={2024}
}

@inproceedings{lee2022autoregressive_rqtran,
  title={Autoregressive image generation using residual quantization},
  author={Lee, Doyup and Kim, Chiheon and Kim, Saehoon and Cho, Minsu and Han, Wook-Shin},
  booktitle={Proceedings of the IEEE/CVF Conference on Computer Vision and Pattern Recognition},
  pages={11523--11532},
  year={2022}
}

@article{ho2022cascaded,
  title={Cascaded diffusion models for high fidelity image generation},
  author={Ho, Jonathan and Saharia, Chitwan and Chan, William and Fleet, David J and Norouzi, Mohammad and Salimans, Tim},
  journal={Journal of Machine Learning Research},
  volume={23},
  number={47},
  pages={1--33},
  year={2022}
}

@inproceedings{gafni2022make_a_scene,
  title={Make-a-scene: Scene-based text-to-image generation with human priors},
  author={Gafni, Oran and Polyak, Adam and Ashual, Oron and Sheynin, Shelly and Parikh, Devi and Taigman, Yaniv},
  booktitle={European Conference on Computer Vision},
  pages={89--106},
  year={2022},
  organization={Springer}
}
@article{chen2022re_imagen,
  title={Re-imagen: Retrieval-augmented text-to-image generator},
  author={Chen, Wenhu and Hu, Hexiang and Saharia, Chitwan and Cohen, William W},
  journal={arXiv preprint arXiv:2209.14491},
  year={2022}
}

@inproceedings{ramesh2021zero_dalle,
  title={Zero-shot text-to-image generation},
  author={Ramesh, Aditya and Pavlov, Mikhail and Goh, Gabriel and Gray, Scott and Voss, Chelsea and Radford, Alec and Chen, Mark and Sutskever, Ilya},
  booktitle={International conference on machine learning},
  pages={8821--8831},
  year={2021},
  organization={Pmlr}
}

@article{yu2022scaling_parti,
  title={Scaling autoregressive models for content-rich text-to-image generation},
  author={Yu, Jiahui and Xu, Yuanzhong and Koh, Jing Yu and Luong, Thang and Baid, Gunjan and Wang, Zirui and Vasudevan, Vijay and Ku, Alexander and Yang, Yinfei and Ayan, Burcu Karagol and others},
  journal={arXiv preprint arXiv:2206.10789},
  volume={2},
  number={3},
  pages={5},
  year={2022}
}

@article{zhou2111lafite,
  title={Lafite: Towards language-free training for text-to-image generation, 2021},
  author={Zhou, Yufan and Zhang, Ruiyi and Chen, Changyou and Li, Chunyuan and Tensmeyer, Chris and Yu, Tong and Gu, Jiuxiang and Xu, Jinhui and Sun, Tong},
  journal={URL https://arxiv. org/abs/2111.13792}
}

@article{ding2021cogview,
  title={CogView: Mastering Text-to-Image Generation via Transformers},
  author={Ding, Ming and Yang, Zhuoyi and Hong, Wenyi and Zheng, Wendi and Zhou, Chang and Yin, Da and Lin, Junyang and Zou, Xu and Shao, Zhou and Yang, Hongxia and Tang, Jie},
  journal={arXiv preprint arXiv:2105.13290},
  year={2021}
}

@article{yu2021vector_vitvq,
  title={Vector-quantized image modeling with improved vqgan},
  author={Yu, Jiahui and Li, Xin and Koh, Jing Yu and Zhang, Han and Pang, Ruoming and Qin, James and Ku, Alexander and Xu, Yuanzhong and Baldridge, Jason and Wu, Yonghui},
  journal={arXiv preprint arXiv:2110.04627},
  year={2021}
}

@article{kuznetsova2020openimages,
  title={The open images dataset v4: Unified image classification, object detection, and visual relationship detection at scale},
  author={Kuznetsova, Alina and Rom, Hassan and Alldrin, Neil and Uijlings, Jasper and Krasin, Ivan and Pont-Tuset, Jordi and Kamali, Shahab and Popov, Stefan and Malloci, Matteo and Kolesnikov, Alexander and others},
  journal={International journal of computer vision},
  volume={128},
  number={7},
  pages={1956--1981},
  year={2020},
  publisher={Springer}
}
@article{VAR,
      title={Visual Autoregressive Modeling: Scalable Image Generation via Next-Scale Prediction}, 
      author={Keyu Tian and Yi Jiang and Zehuan Yuan and Bingyue Peng and Liwei Wang},
      year={2024},
      eprint={2404.02905},
      archivePrefix={arXiv},
      primaryClass={cs.CV}
}

@inproceedings{nulltextinversion,
  title     = {Null-text inversion for editing real images using guided diffusion models},
  author    = {Mokady, Ron and Hertz, Amir and Aberman, Kfir and Pritch, Yael and Cohen-Or, Daniel},
  year      = 2023,
  booktitle = CVPR
}

@article{chen2023riemannian,
  title   = {Riemannian flow matching on general geometries},
  author  = {Chen, Ricky TQ and Lipman, Yaron},
  year    = 2023,
  journal = {arXiv}
}

@inproceedings{video_fm,
  title     = {Efficient Video Prediction via Sparsely Conditioned Flow Matching},
  author    = {Aram Davtyan, Sepehr Sameni and Paolo Favaro},
  year      = 2023,
  booktitle = ICCV
}

@inproceedings{bilen2016weakly,
  title     = {Weakly supervised deep detection networks},
  author    = {Bilen, Hakan and Vedaldi, Andrea},
  year      = 2016,
  booktitle = CVPR
}

@inproceedings{blattmann2022retrieval,
  title     = {Retrieval-Augmented Diffusion Models},
  author    = {Blattmann, Andreas and Rombach, Robin and Oktay, Kaan and Ommer, Bj{\"o}rn},
  year      = 2022,
  booktitle = {NeurIPS}
}

@inproceedings{bn,
  title     = {Batch Normalization: Accelerating Deep Network Training by Reducing Internal Covariate Shift},
  author    = {Sergey Ioffe and Christian Szegedy},
  year      = 2015,
  booktitle = ICML
}

@inproceedings{bogdoll2022anomaly,
  title     = {Anomaly detection in autonomous driving: A survey},
  author    = {Bogdoll, Daniel and Nitsche, Maximilian and Z{\"o}llner, J Marius},
  year      = 2022,
  booktitle = {CVPR}
}

@inproceedings{bogo2016keep,
  title     = {Keep it SMPL: Automatic estimation of 3D human pose and shape from a single image},
  author    = {Bogo, Federica and Kanazawa, Angjoo and Lassner, Christoph and Gehler, Peter and Romero, Javier and Black, Michael J},
  year      = 2016,
  booktitle = {European conference on computer vision}
}

@inproceedings{bojanowski2014weakly,
  title     = {Weakly supervised action labeling in videos under ordering constraints},
  author    = {Bojanowski, Piotr and Lajugie, R{\'e}mi and Bach, Francis and Laptev, Ivan and Ponce, Jean and Schmid, Cordelia and Sivic, Josef},
  year      = 2014,
  booktitle = ECCV
}

@inproceedings{bordes2021high,
  title     = {High Fidelity Visualization of What Your Self-Supervised Representation Knows About},
  author    = {Bordes, Florian and Balestriero, Randall and Vincent, Pascal},
  year      = 2022,
  booktitle = {TMLR}
}

@inproceedings{brock2018large_biggan,
  title     = {Large scale GAN training for high fidelity natural image synthesis},
  author    = {Brock, Andrew and Donahue, Jeff and Simonyan, Karen},
  year      = 2019,
  booktitle = ICLR
}

@inproceedings{bruna2017community,
  title     = {Community detection with graph neural networks},
  author    = {Bruna, Joan and Li, Xiang},
  year      = 2017,
  booktitle = {ARXIV preprint ARXIV:1705.08415}
}

@inproceedings{buch2017sst,
  title     = {Sst: Single-stream temporal action proposals},
  author    = {Buch, Shyamal and Escorcia, Victor and Shen, Chuanqi and Ghanem, Bernard and Carlos Niebles, Juan},
  year      = 2017,
  booktitle = CVPR
}

@inproceedings{buciluǎ2006model,
  title     = {Model compression},
  author    = {Buciluǎ, Cristian and Caruana, Rich and Niculescu-Mizil, Alexandru},
  year      = 2006,
  booktitle = {Proceedings of the 12th ACM SIGKDD international conference on Knowledge discovery and data mining}
}

@inproceedings{bulat2021improving,
  title     = {Improving memory banks for unsupervised learning with large mini-batch, consistency and hard negative mining},
  author    = {Bulat, Adrian and S{\'a}nchez-Lozano, Enrique and Tzimiropoulos, Georgios},
  year      = 2021,
  booktitle = {ICASSP}
}

@inproceedings{BuloNK17,
  title     = {Loss Max-Pooling for Semantic Image Segmentation},
  author    = {Samuel Rota Bul{\`{o}} and Gerhard Neuhold and Peter Kontschieder},
  year      = 2017,
  booktitle = {CoRR}
}

@inproceedings{caba2015activitynet,
  title     = {Activitynet: A large-scale video benchmark for human activity understanding},
  author    = {Caba Heilbron, Fabian and Escorcia, Victor and Ghanem, Bernard and Carlos Niebles, Juan},
  year      = 2015,
  booktitle = CVPR
}

@inproceedings{caelles2017one,
  title     = {One-Shot Video Object Segmentation},
  author    = {S. Caelles and K.-K. Maninis and J. Pont-Tuset and L. Leal-Taix\'e and D. Cremers and L. {Van Gool}},
  year      = 2017,
  booktitle = CVPR
}

@inproceedings{caesar2018_cocostuff,
  title     = {Coco-stuff: Thing and stuff classes in context},
  author    = {Caesar, Holger and Uijlings, Jasper and Ferrari, Vittorio},
  year      = 2018,
  booktitle = CVPR
}

@inproceedings{cam,
  title     = {Learning deep features for discriminative localization},
  author    = {Zhou, Bolei and Khosla, Aditya and Lapedriza, Agata and Oliva, Aude and Torralba, Antonio},
  year      = 2016,
  booktitle = {CVPR}
}

@inproceedings{cao2020few,
  title     = {Few-shot video classification via temporal alignment},
  author    = {Cao, Kaidi and Ji, Jingwei and Cao, Zhangjie and Chang, Chien-Yi and Niebles, Juan Carlos},
  year      = 2020,
  booktitle = {CVPR}
}

@inproceedings{carbonneau2018multiple,
  title     = {Multiple instance learning: A survey of problem characteristics and applications},
  author    = {Carbonneau, Marc-Andr{\'e} and Cheplygina, Veronika and Granger, Eric and Gagnon, Ghyslain},
  year      = 2018,
  booktitle = {Pattern Recognition}
}

@inproceedings{carion2020end_detr,
  title     = {End-to-end object detection with transformers},
  author    = {Carion, Nicolas and Massa, Francisco and Synnaeve, Gabriel and Usunier, Nicolas and Kirillov, Alexander and Zagoruyko, Sergey},
  year      = 2020,
  booktitle = ECCV
}

@inproceedings{caron2020unsupervised_swap,
  title     = {Unsupervised learning of visual features by contrasting cluster assignments},
  author    = {Caron, Mathilde and Misra, Ishan and Mairal, Julien and Goyal, Priya and Bojanowski, Piotr and Joulin, Armand},
  year      = 2020,
  booktitle = NIPS
}

@inproceedings{catastrophic,
  title     = {Catastrophic forgetting in connectionist networks},
  author    = {French, Robert M},
  year      = 1999,
  booktitle = {Trends in cognitive sciences}
}

@inproceedings{cervantes2022implicit,
  title     = {Implicit neural representations for variable length human motion generation},
  author    = {Cervantes, Pablo and Sekikawa, Yusuke and Sato, Ikuro and Shinoda, Koichi},
  year      = 2022,
  booktitle = {ECCV}
}

@inproceedings{chao2018rethinking,
  title     = {Rethinking the faster r-cnn architecture for temporal action localization},
  author    = {Chao, Yu-Wei and Vijayanarasimhan, Sudheendra and Seybold, Bryan and Ross, David A and Deng, Jia and Sukthankar, Rahul},
  year      = 2018,
  booktitle = CVPR
}

@inproceedings{chen19closerfewshot,
  title     = {A Closer Look at Few-shot Classification},
  author    = {Chen, Wei-Yu and Liu, Yen-Cheng and Kira, Zsolt and Wang, Yu-Chiang and  Huang, Jia-Bin},
  year      = 2019,
  booktitle = ICCV
}

@inproceedings{chen2011collecting,
  title     = {Collecting highly parallel data for paraphrase evaluation},
  author    = {Chen, David L and Dolan, William B},
  year      = 2011,
  booktitle = {ACL}
}

@inproceedings{chen2017rethinking,
  title     = {Rethinking atrous convolution for semantic image segmentation},
  author    = {Chen, Liang-Chieh and Papandreou, George and Schroff, Florian and Adam, Hartwig},
  year      = 2017,
  booktitle = {ARXIV preprint ARXIV:1706.05587}
}

@inproceedings{chen2018deeplab,
  title     = {DeepLab: Semantic Image Segmentation with Deep Convolutional Nets, Atrous Convolution, and Fully Connected CRFs},
  author    = {Chen, Liang-Chieh and Papandreou, George and Kokkinos, Iasonas and Murphy, Kevin and Yuille, Alan L},
  year      = 2018,
  booktitle = PAMI
}

@inproceedings{chen2018lstd,
  title     = {{LSTD}: A Low-Shot Transfer Detector for Object Detection},
  author    = {Chen, Hao and Wang, Yali and Wang, Guoyou and Qiao, Yu},
  year      = 2018,
  booktitle = AAAI
}

@inproceedings{chen2019self,
  title     = {Self-supervised gans via auxiliary rotation loss},
  author    = {Chen, Ting and Zhai, Xiaohua and Ritter, Marvin and Lucic, Mario and Houlsby, Neil},
  year      = 2019,
  booktitle = CVPR
}

@inproceedings{chen2020big_simclr_v2,
  title     = {Big self-supervised models are strong semi-supervised learners},
  author    = {Chen, Ting and Kornblith, Simon and Swersky, Kevin and Norouzi, Mohammad and Hinton, Geoffrey E},
  year      = 2020,
  booktitle = NIPS
}

@inproceedings{chen2020crowd,
  title     = {Crowd counting with crowd attention convolutional neural network},
  author    = {Chen, Jiwei and Su, Wen and Wang, Zengfu},
  year      = 2020,
  booktitle = {NeuroComputing}
}

@inproceedings{chen2020interactivity,
  title     = {Interactivity proposals for surveillance videos},
  author    = {Chen, Shuo and Mettes, Pascal and Hu, Tao and Snoek, Cees G. M.},
  year      = 2020,
  booktitle = {ICMR}
}

@inproceedings{chen2020pointmixup,
  title     = {Pointmixup: Augmentation for point clouds},
  author    = {Chen, Yunlu and Hu, Vincent Tao and Gavves, Efstratios and Mensink, Thomas and Mettes, Pascal and Yang, Pengwan and Snoek, Cees G. M.},
  year      = 2020,
  booktitle = {ECCV}
}

@inproceedings{chen2020simple_simclr,
  title     = {A simple framework for contrastive learning of visual representations},
  author    = {Chen, Ting and Kornblith, Simon and Norouzi, Mohammad and Hinton, Geoffrey},
  year      = 2020,
  booktitle = {International conference on machine learning}
}

@inproceedings{chen2020wavegrad,
  title     = {WaveGrad: Estimating gradients for waveform generation},
  author    = {Chen, Nanxin and Zhang, Yu and Zen, Heiga and Weiss, Ron J and Norouzi, Mohammad and Chan, William},
  year      = 2021,
  booktitle = ICLR
}

@article{chen2022re,
  title   = {Re-Imagen: Retrieval-Augmented Text-to-Image Generator},
  author  = {Chen, Wenhu and Hu, Hexiang and Saharia, Chitwan and Cohen, William W},
  year    = 2022,
  journal = {arXiv preprint arXiv:2209.14491}
}

@inproceedings{chen2023executing,
  title     = {Executing your Commands via Motion Diffusion in Latent Space},
  author    = {Chen, Xin and Jiang, Biao and Liu, Wen and Huang, Zilong and Fu, Bin and Chen, Tao and Yu, Gang},
  year      = 2023,
  booktitle = {CVPR}
}

@inproceedings{cheraghian2019mitigating,
  title     = {Mitigating the hubness problem for zero-shot learning of 3d objects},
  author    = {Cheraghian, Ali and Rahman, Shafin and Campbell, Dylan and Petersson, Lars},
  year      = 2019,
  booktitle = BMVC
}

@inproceedings{cheraghian2019transductive,
  title     = {Transductive Zero-Shot Learning for 3D Point Cloud Classification},
  author    = {Cheraghian, Ali and Rahman, Shafin and Campbell, Dylan and Petersson, Lars},
  year      = 2019,
  booktitle = WACV
}

@inproceedings{cheraghian2019zero,
  title     = {Zero-shot learning of 3d point cloud objects},
  author    = {Cheraghian, Ali and Rahman, Shafin and Petersson, Lars},
  year      = 2019,
  booktitle = {International Conference on Machine Vision Applications (MVA)}
}

@inproceedings{cho2014properties,
  title     = {On the properties of neural machine translation: Encoder-decoder approaches},
  author    = {Cho, Kyunghyun and Van Merri{\"e}nboer, Bart and Bahdanau, Dzmitry and Bengio, Yoshua},
  year      = 2014,
  booktitle = {ARXIV}
}

@inproceedings{cho2021picie,
  title     = {Picie: Unsupervised semantic segmentation using invariance and equivariance in clustering},
  author    = {Cho, Jang Hyun and Mall, Utkarsh and Bala, Kavita and Hariharan, Bharath},
  year      = 2021,
  booktitle = CVPR
}

@inproceedings{choi2021ilvr,
  title     = {Ilvr: Conditioning method for denoising diffusion probabilistic models},
  author    = {Choi, Jooyoung and Kim, Sungwon and Jeong, Yonghyun and Gwon, Youngjune and Yoon, Sungroh},
  year      = 2021,
  booktitle = ICCV
}

@inproceedings{chua2021fine,
  title     = {How fine-tuning allows for effective meta-learning},
  author    = {Chua, Kurtland and Lei, Qi and Lee, Jason D},
  year      = 2021,
  booktitle = {NeurIPS}
}

@inproceedings{cinbis2017weakly,
  title     = {Weakly supervised object localization with multi-fold multiple instance learning},
  author    = {Cinbis, Ramazan Gokberk and Verbeek, Jakob and Schmid, Cordelia},
  year      = 2017,
  booktitle = PAMI
}

@inproceedings{ciptadi2014movement,
  title     = {Movement pattern histogram for action recognition and retrieval},
  author    = {Ciptadi, Arridhana and Goodwin, Matthew S and Rehg, James M},
  year      = 2014,
  booktitle = ECCV
}

@inproceedings{coco,
  title     = {Microsoft COCO: Common Objects in Context},
  author    = {Lin, Tsung-Yi and Maire, Michael and Belongie, Serge and Hays, James and Perona, Pietro and Ramanan, Deva and Doll{\'a}r, Piotr and Zitnick, C Lawrence},
  year      = 2014,
  booktitle = ECCV
}

@inproceedings{cocostuff,
  title     = {Coco-stuff: Thing and stuff classes in context},
  author    = {Caesar, Holger and Uijlings, Jasper and Ferrari, Vittorio},
  year      = 2018,
  booktitle = {CVPR}
}

@inproceedings{codetection,
  title     = {Object co-detection},
  author    = {Bao, Sid Yingze and Xiang, Yu and Savarese, Silvio},
  year      = 2012,
  booktitle = ECCV
}

@inproceedings{convLSTM,
  title     = {Convolutional LSTM network: A machine learning approach for precipitation nowcasting},
  author    = {Xingjian, SHI and Chen, Zhourong and Wang, Hao and Yeung, Dit-Yan and Wong, Wai-Kin and Woo, Wang-chun},
  year      = 2015,
  booktitle = NIPS
}

@inproceedings{couairon2022diffedit,
  title     = {Diffedit: Diffusion-based semantic image editing with mask guidance},
  author    = {Couairon, Guillaume and Verbeek, Jakob and Schwenk, Holger and Cord, Matthieu},
  year      = 2022,
  booktitle = {ARXIV}
}

@inproceedings{cutout,
  title     = {Improved regularization of convolutional neural networks with cutout},
  author    = {DeVries, Terrance and Taylor, Graham W},
  year      = 2017,
  booktitle = {CoRR}
}

@inproceedings{cuturi2013sinkhorn,
  title     = {Sinkhorn distances: Lightspeed computation of optimal transport},
  author    = {Cuturi, Marco},
  year      = 2013,
  booktitle = {NeurIPS}
}

@inproceedings{dai2017scannet,
  title     = {Scannet: Richly-annotated 3d reconstructions of indoor scenes},
  author    = {Dai, Angela and Chang, Angel X and Savva, Manolis and Halber, Maciej and Funkhouser, Thomas and Nie{\ss}ner, Matthias},
  year      = 2017,
  booktitle = {CVPR}
}

@inproceedings{dai2017temporal,
  title     = {Temporal context network for activity localization in videos},
  author    = {Dai, Xiyang and Singh, Bharat and Zhang, Guyue and Davis, Larry S and Qiu Chen, Yan},
  year      = 2017,
  booktitle = ICCV
}

@inproceedings{damen2018epic,
  title     = {Scaling Egocentric Vision: The EPIC-KITCHENS Dataset},
  author    = {Damen, Dima and Doughty, Hazel and Farinella, Giovanni Maria  and Fidler, Sanja and Furnari, Antonino and Kazakos, Evangelos and Moltisanti, Davide and Munro, Jonathan and Perrett, Toby and Price, Will and Wray, Michael},
  year      = 2018,
  booktitle = ECCV
}

@inproceedings{dave1991characterization_noisyclustering,
  title     = {Characterization and detection of noise in clustering},
  author    = {Dave, Rajesh N},
  year      = 1991,
  booktitle = {Pattern Recognition Letters}
}

@article{davtyan2022randomized,
  title   = {Randomized Conditional Flow Matching for Video Prediction},
  author  = {Davtyan, Aram and Sameni, Sepehr and Favaro, Paolo},
  year    = 2022,
  journal = {arXiv}
}

@inproceedings{deconvnet,
  title     = {Learning deconvolution network for semantic segmentation},
  author    = {Noh, Hyeonwoo and Hong, Seunghoon and Han, Bohyung},
  year      = 2015,
  booktitle = ICCV
}

@inproceedings{deepsteer,
  title     = {Deep Steering: Learning End-to-End Driving Model from Spatial and Temporal Visual Cues},
  author    = {Chi, Lu and Mu, Yadong},
  year      = 2017,
  booktitle = {ARXIV preprint ARXIV:1708.03798}
}

@inproceedings{deformable,
  title     = {Deformable convolutional networks},
  author    = {Dai, Jifeng and Qi, Haozhi and Xiong, Yuwen and Li, Yi and Zhang, Guodong and Hu, Han and Wei, Yichen},
  year      = 2017,
  booktitle = {ARXIV}
}

@inproceedings{dgcnn,
  title     = {Dynamic graph cnn for learning on point clouds},
  author    = {Wang, Yue and Sun, Yongbin and Liu, Ziwei and Sarma, Sanjay E and Bronstein, Michael M and Solomon, Justin M},
  year      = 2019,
  booktitle = {TOG}
}

@article{dhariwal2021diffusion,
  title   = {Diffusion models beat gans on image synthesis},
  author  = {Dhariwal, Prafulla and Nichol, Alexander},
  year    = 2021,
  journal = {NeurIPS}
}

@inproceedings{dhariwal2021diffusion_beat,
  title     = {Diffusion models beat gans on image synthesis},
  author    = {Dhariwal, Prafulla and Nichol, Alexander},
  year      = 2021,
  booktitle = NIPS
}

@inproceedings{diba2017weakly,
  title     = {Weakly Supervised Cascaded Convolutional Networks.},
  author    = {Diba, Ali and Sharma, Vivek and Pazandeh, Ali Mohammad and Pirsiavash, Hamed and Van Gool, Luc},
  year      = 2017,
  booktitle = CVPR
}

@article{difffit,
  title   = {DiffFit: Unlocking Transferability of Large Diffusion Models via Simple Parameter-Efficient Fine-Tuning},
  author  = {Xie, Enze and Yao, Lewei and Shi, Han and Liu, Zhili and Zhou, Daquan and Liu, Zhaoqiang and Li, Jiawei and Li, Zhenguo},
  year    = 2023,
  journal = {arXiv}
}

@inproceedings{dinh2016density_realnvp,
  title     = {Density estimation using real nvp},
  author    = {Dinh, Laurent and Sohl-Dickstein, Jascha and Bengio, Samy},
  year      = 2017,
  booktitle = ICLR
}

@inproceedings{dino,
  title     = {Emerging Properties in Self-Supervised Vision Transformers},
  author    = {Caron, Mathilde and Touvron, Hugo and Misra, Ishan and J\'egou, Herv\'e  and Mairal, Julien and Bojanowski, Piotr and Joulin, Armand},
  year      = 2021,
  booktitle = ICCV
}

@inproceedings{distilling,
  title     = {Distilling the knowledge in a neural network},
  author    = {Hinton, Geoffrey and Vinyals, Oriol and Dean, Jeff},
  year      = 2014,
  booktitle = NIPS
}

@article{dit_peebles2022scalable,
  title   = {Scalable Diffusion Models with Transformers},
  author  = {Peebles, William and Xie, Saining},
  year    = 2022,
  journal = {arXiv}
}

@inproceedings{donahue2014decaf,
  title     = {Decaf: A deep convolutional activation feature for generic visual recognition},
  author    = {Donahue, Jeff and Jia, Yangqing and Vinyals, Oriol and Hoffman, Judy and Zhang, Ning and Tzeng, Eric and Darrell, Trevor},
  year      = 2014,
  booktitle = {International conference on machine learning}
}

@inproceedings{donahue2016adversarial,
  title     = {Adversarial feature learning},
  author    = {Donahue, Jeff and Kr{\"a}henb{\"u}hl, Philipp and Darrell, Trevor},
  year      = 2017,
  booktitle = ICLR
}

@inproceedings{donahue2019large_bigbigan,
  title     = {Large scale adversarial representation learning},
  author    = {Donahue, Jeff and Simonyan, Karen},
  year      = 2019,
  booktitle = NIPS
}

@inproceedings{dong2018fewexample,
  title     = {Few-Example Object Detection with Model Communication},
  author    = {Dong, Xuanyi and Zheng, Liang and Ma, Fan and Yang, Yi and Meng, Deyu},
  year      = 2018,
  booktitle = PAMI
}

@article{dormand1980family,
  title   = {A family of embedded Runge-Kutta formulae},
  author  = {Dormand, John R and Prince, Peter J},
  year    = 1980,
  journal = {Journal of computational and applied mathematics}
}

@inproceedings{dosovitskiy2020image_vit,
  title     = {An image is worth 16x16 words: Transformers for image recognition at scale},
  author    = {Dosovitskiy, Alexey and Beyer, Lucas and Kolesnikov, Alexander and Weissenborn, Dirk and Zhai, Xiaohua and Unterthiner, Thomas and Dehghani, Mostafa and Minderer, Matthias and Heigold, Georg and Gelly, Sylvain and others},
  year      = 2021,
  booktitle = ICLR
}

@inproceedings{douze2016circulant,
  title     = {Circulant temporal encoding for video retrieval and temporal alignment},
  author    = {Douze, Matthijs and Revaud, J{\'e}r{\^o}me and Verbeek, Jakob and J{\'e}gou, Herv{\'e} and Schmid, Cordelia},
  year      = 2016,
  booktitle = {IJCV}
}

@inproceedings{dropout,
  title     = {Dropout: a simple way to prevent neural networks from overfitting},
  author    = {Srivastava, Nitish and Hinton, Geoffrey and Krizhevsky, Alex and Sutskever, Ilya and Salakhutdinov, Ruslan},
  year      = 2014,
  booktitle = JMLR
}

@inproceedings{du2021save,
  title     = {How to Save your Annotation Cost for Panoptic Segmentation?},
  author    = {Du, Xuefeng and Jiang, ChenHan and Xu, Hang and Zhang, Gengwei and Li, Zhenguo},
  year      = 2021,
  booktitle = {AAAI}
}

@article{duan2021single,
  title   = {Single-shot motion completion with transformer},
  author  = {Duan, Yinglin and Shi, Tianyang and Zou, Zhengxia and Lin, Yenan and Qian, Zhehui and Zhang, Bohan and Yuan, Yi},
  year    = 2021,
  journal = {arXiv}
}

@inproceedings{duarte2022sign,
  title     = {Sign language video retrieval with free-form textual queries},
  author    = {Duarte, Amanda and Albanie, Samuel and Gir{\'o}-i-Nieto, Xavier and Varol, G{\"u}l},
  year      = 2022,
  booktitle = CVPR
}

@inproceedings{dubey2022vision,
  title     = {Vision transformer hashing for image retrieval},
  author    = {Dubey, Shiv Ram and Singh, Satish Kumar and Chu, Wei-Ta},
  year      = 2022,
  booktitle = {ICME}
}

@inproceedings{Duchenne2009,
  title     = {Automatic Annotation of Human Actions in Video},
  author    = {Olivier Duchenne and Ivan Laptev and Josef Sivic and Francis Bach and Jean Ponce},
  year      = 2009,
  booktitle = {ICCV}
}

@inproceedings{duvenaud2015convolutional,
  title     = {Convolutional networks on graphs for learning molecular fingerprints},
  author    = {Duvenaud, David K and Maclaurin, Dougal and Iparraguirre, Jorge and Bombarell, Rafael and Hirzel, Timothy and Aspuru-Guzik, Al{\'a}n and Adams, Ryan P},
  year      = 2015,
  booktitle = NIPS
}

@inproceedings{elmo,
  title     = {Deep contextualized word representations},
  author    = {Peters, Matthew E and Neumann, Mark and Iyyer, Mohit and Gardner, Matt and Clark, Christopher and Lee, Kenton and Zettlemoyer, Luke},
  year      = 2018,
  booktitle = {ARXIV}
}

@inproceedings{enet,
  title     = {ENet: A Deep Neural Network Architecture for Real-Time Semantic Segmentation},
  author    = {Paszke, Adam and Chaurasia, Abhishek and Kim, Sangpil and Culurciello, Eugenio},
  year      = 2016,
  booktitle = {ARXIV preprint ARXIV:1606.02147}
}

@inproceedings{erfnet,
  title     = {ERFNet: Efficient Residual Factorized ConvNet for Real-Time Semantic Segmentation},
  author    = {Romera, Eduardo and Alvarez, Jos{\'e} M and Bergasa, Luis M and Arroyo, Roberto},
  year      = 2018,
  booktitle = {IEEE Transactions on Intelligent Transportation Systems}
}

@inproceedings{escorcia2016daps,
  title     = {Daps: Deep action proposals for action understanding},
  author    = {Escorcia, Victor and Heilbron, Fabian Caba and Niebles, Juan Carlos and Ghanem, Bernard},
  year      = 2016,
  booktitle = ECCV
}

@inproceedings{escorcia2019temporal,
  title     = {Temporal Localization of Moments in Video Collections with Natural Language},
  author    = {Escorcia, Victor and Soldan, Mattia and Sivic, Josef and Ghanem, Bernard and Russell, Bryan},
  year      = 2019,
  booktitle = {ARXIV}
}

@article{esd,
  title   = {Erasing Concepts from Diffusion Models},
  author  = {Gandikota, Rohit and Materzynska, Joanna and Fiotto-Kaufman, Jaden and Bau, David},
  year    = 2023,
  journal = {arXiv}
}

@inproceedings{esser2020disentangling,
  title     = {A disentangling invertible interpretation network for explaining latent representations},
  author    = {Esser, Patrick and Rombach, Robin and Ommer, Bjorn},
  year      = 2020,
  booktitle = CVPR
}

@inproceedings{esser2021taming_vqgan,
  title     = {Taming transformers for high-resolution image synthesis},
  author    = {Esser, Patrick and Rombach, Robin and Ommer, Bjorn},
  year      = 2021,
  booktitle = {CVPR}
}

@inproceedings{everingham2010pascal_voc,
  title     = {The pascal visual object classes (voc) challenge},
  author    = {Everingham, Mark and Van Gool, Luc and Williams, Christopher KI and Winn, John and Zisserman, Andrew},
  year      = 2010,
  booktitle = IJCV
}

@inproceedings{ewc,
  title     = {Overcoming catastrophic forgetting in neural networks},
  author    = {Kirkpatrick, James and Pascanu, Razvan and Rabinowitz, Neil and Veness, Joel and Desjardins, Guillaume and Rusu, Andrei A and Milan, Kieran and Quan, John and Ramalho, Tiago and Grabska-Barwinska, Agnieszka and others},
  year      = 2017,
  booktitle = {Proceedings of the National Academy of Sciences}
}

@inproceedings{ewc-moment,
  title     = {Overcoming catastrophic forgetting by incremental moment matching},
  author    = {Lee, Sang-Woo and Kim, Jin-Hwa and Jun, Jaehyun and Ha, Jung-Woo and Zhang, Byoung-Tak},
  year      = 2017,
  booktitle = {NeurIPS}
}

@inproceedings{faiss,
  title     = {Billion-scale similarity search with GPUs},
  author    = {Johnson, Jeff and Douze, Matthijs and J{\'e}gou, Herv{\'e}},
  year      = 2017,
  booktitle = {ARXIV}
}

@inproceedings{fan2017point,
  title     = {A point set generation network for 3d object reconstruction from a single image},
  author    = {Fan, Haoqiang and Su, Hao and Guibas, Leonidas J},
  year      = 2017,
  booktitle = {CVPR}
}

@inproceedings{fasterrcnn,
  title     = {Faster r-cnn: Towards real-time object detection with region proposal networks},
  author    = {Ren, Shaoqing and He, Kaiming and Girshick, Ross and Sun, Jian},
  year      = 2015,
  booktitle = NIPS
}

@inproceedings{fasttext,
  title     = {Bag of tricks for efficient text classification},
  author    = {Joulin, Armand and Grave, Edouard and Bojanowski, Piotr and Mikolov, Tomas},
  year      = 2016,
  booktitle = {ARXIV}
}

@inproceedings{fcn,
  title     = {Fully convolutional networks for semantic segmentation},
  author    = {Long, Jonathan and Shelhamer, Evan and Darrell, Trevor},
  year      = 2015,
  booktitle = CVPR
}

@inproceedings{fcnwild,
  title     = {Fcns in the wild: Pixel-level adversarial and constraint-based adaptation},
  author    = {Hoffman, Judy and Wang, Dequan and Yu, Fisher and Darrell, Trevor},
  year      = 2016,
  booktitle = {ARXIV preprint ARXIV:1612.02649}
}

@inproceedings{feng2018video,
  title     = {Video re-localization},
  author    = {Feng, Yang and Ma, Lin and Liu, Wei and Zhang, Tong and Luo, Jiebo},
  year      = 2018,
  booktitle = ECCV
}

@inproceedings{fewshotgnn,
  title     = {Few-shot learning with graph neural networks},
  author    = {Garcia, Victor and Bruna, Joan},
  year      = 2018,
  booktitle = ICLR
}

@inproceedings{ffhq_karras2019style,
  title     = {A style-based generator architecture for generative adversarial networks},
  author    = {Karras, Tero and Laine, Samuli and Aila, Timo},
  year      = 2019,
  booktitle = CVPR
}

@inproceedings{finn2017model,
  title     = {Model-agnostic meta-learning for fast adaptation of deep networks},
  author    = {Finn, Chelsea and Abbeel, Pieter and Levine, Sergey},
  year      = 2017,
  booktitle = ICML
}

@inproceedings{focal,
  title     = {Localizing the Common Action Among a Few Videos},
  author    = {Pengwan Yang and Vincent Tao Hu and Pascal Mettes and Cees G. M. Snoek},
  year      = 2020,
  booktitle = {ECCV}
}

@article{forgetmenot,
  title   = {Forget-Me-Not: Learning to Forget in Text-to-Image Diffusion Models},
  author  = {Zhang, Eric and Wang, Kai and Xu, Xingqian and Wang, Zhangyang and Shi, Humphrey},
  year    = 2023,
  journal = {arXiv}
}

@inproceedings{foundationmodels,
  title     = {On the opportunities and risks of foundation models},
  author    = {Bommasani, Rishi and Hudson, Drew A and Adeli, Ehsan and Altman, Russ and Arora, Simran and von Arx, Sydney and Bernstein, Michael S and Bohg, Jeannette and Bosselut, Antoine and Brunskill, Emma and others},
  year      = 2021,
  booktitle = {ARXIV}
}

@inproceedings{fpn,
  title     = {Feature Pyramid Networks for Object Detection.},
  author    = {Lin, Tsung-Yi and Doll{\'a}r, Piotr and Girshick, Ross B. and He, Kaiming and Hariharan, Bharath and Belongie, Serge J.},
  year      = 2017,
  booktitle = {CVPR}
}

@inproceedings{french1994dynamically,
  title     = {Dynamically constraining connectionist networks to produce distributed, orthogonal representations to reduce catastrophic interference},
  author    = {French, Robert M},
  year      = 1994,
  booktitle = {network}
}

@inproceedings{french2019cowmix,
  title     = {Consistency regularization and CutMix for semi-supervised semantic segmentation},
  author    = {French, Geoff and Aila, Timo and Laine, Samuli and Mackiewicz, Michal and Finlayson, Graham},
  year      = 2019,
  booktitle = {CoRR}
}

@inproceedings{frrn,
  title     = {Full-Resolution Residual Networks for Semantic Segmentation in Street Scenes},
  author    = {Pohlen, Tobias and Hermans, Alexander and Mathias, Markus and Leibe, Bastian},
  year      = 2017,
  booktitle = CVPR
}

@inproceedings{gadde2017semantic,
  title     = {Semantic video cnns through representation warping},
  author    = {Gadde, Raghudeep and Jampani, Varun and Gehler, Peter V},
  year      = 2017,
  booktitle = ARXIV
}

@inproceedings{gandissection,
  title     = {Gan dissection: Visualizing and understanding generative adversarial networks},
  author    = {Bau, David and Zhu, Jun-Yan and Strobelt, Hendrik and Zhou, Bolei and Tenenbaum, Joshua B and Freeman, William T and Torralba, Antonio},
  year      = 2018,
  booktitle = {ARXIV}
}

@article{ganinversion,
  title   = {Gan inversion: A survey},
  author  = {Xia, Weihao and Zhang, Yulun and Yang, Yujiu and Xue, Jing-Hao and Zhou, Bolei and Yang, Ming-Hsuan},
  year    = 2022,
  journal = {PAMI}
}

@inproceedings{gao2017iccv,
  title     = {TURN TAP: Temporal Unit Regression Network for Temporal Action Proposals},
  author    = {Jiyang Gao and Zhenheng Yang and Chen Sun and Kan Chen and Ram Nevatia},
  year      = 2017,
  booktitle = ICCV
}

@inproceedings{gao2017tall,
  title     = {Tall: Temporal activity localization via language query},
  author    = {Gao, Jiyang and Sun, Chen and Yang, Zhenheng and Nevatia, Ram},
  year      = 2017,
  booktitle = ICCV
}

,
	year={2017}
}
@inproceedings{gao2018ctap,
  title     = {Ctap: Complementary temporal action proposal generation},
  author    = {Gao, Jiyang and Chen, Kan and Nevatia, Ram},
  year      = 2018,
  booktitle = ECCV
}

@inproceedings{gao2021large,
  title     = {Large-scale Unsupervised Semantic Segmentation},
  author    = {Gao, Shang-Hua and Li, Zhong-Yu and Yang, Ming-Hsuan and Cheng, Ming-Ming and Han, Junwei and Torr, Philip},
  year      = 2021,
  booktitle = ARXIV
}

@inproceedings{garcia2017few,
  title     = {Few-shot learning with graph neural networks},
  author    = {Garcia, Victor and Bruna, Joan},
  year      = 2017,
  booktitle = ARXIV
}

@inproceedings{gavrilyuk2018actor,
  title     = {Actor and action video segmentation from a sentence},
  author    = {Gavrilyuk, Kirill and Ghodrati, Amir and Li, Zhenyang and Snoek, Cees G. M.},
  year      = 2018,
  booktitle = CVPR
}

@inproceedings{GavvesICCV15,
  title     = {Active Transfer Learning with Zero-Shot Priors: Reusing Past Datasets for Future Tasks},
  author    = {Efstratios Gavves and Thomas Mensink and Tatiana Tommasi and Cees G. M. Snoek and Tinne Tuytelaars},
  year      = 2015,
  booktitle = ICCV
}

@inproceedings{ge2021evaluation,
  title     = {Evaluation of various open-set medical imaging tasks with deep neural networks},
  author    = {Ge, Zongyuan and Wang, Xin},
  year      = 2021,
  booktitle = {ARXIV}
}

@article{genvit,
  title   = {Your vit is secretly a hybrid discriminative-generative diffusion model},
  author  = {Yang, Xiulong and Shih, Sheng-Min and Fu, Yinlin and Zhao, Xiaoting and Ji, Shihao},
  year    = 2022,
  journal = {arXiv}
}

@inproceedings{ghosh2021synthesis,
  title     = {Synthesis of Compositional Animations from Textual Descriptions},
  author    = {Ghosh, Anindita and Cheema, Noshaba and Oguz, Cennet and Theobalt, Christian and Slusallek, Philipp},
  year      = 2021,
  booktitle = {ICCV}
}

@inproceedings{giannone2022_fewshot,
  title     = {Few-Shot Diffusion Models},
  author    = {Giannone, Giorgio and Nielsen, Didrik and Winther, Ole},
  year      = 2022,
  booktitle = {ARXIV}
}

@inproceedings{gidaris2018unsupervised_rotate,
  title     = {Unsupervised representation learning by predicting image rotations},
  author    = {Gidaris, Spyros and Singh, Praveer and Komodakis, Nikos},
  year      = 2018,
  booktitle = ICLR
}

@inproceedings{gilmer2017neural,
  title     = {Neural message passing for quantum chemistry},
  author    = {Gilmer, Justin and Schoenholz, Samuel S. and Riley, Patrick F. and Vinyals, Oriol and Dahl, George E.},
  year      = 2017,
  booktitle = {ARXIV}
}

@inproceedings{girshick15fastrcnn,
  title     = {Fast {R-CNN}},
  author    = {Ross Girshick},
  year      = 2015,
  booktitle = ICCV
}

@inproceedings{girshick2015fast,
  title     = {Fast r-cnn},
  author    = {Girshick, Ross},
  year      = 2015,
  booktitle = ICCV
}

@inproceedings{gkioxari2015finding,
  title     = {Finding action tubes},
  author    = {Gkioxari, Georgia and Malik, Jitendra},
  year      = 2015,
  booktitle = CVPR
}

@inproceedings{glorot2010understanding,
  title     = {Understanding the difficulty of training deep feedforward neural networks},
  author    = {Glorot, Xavier and Bengio, Yoshua},
  year      = 2010,
  booktitle = {AISTATS}
}

@inproceedings{glove,
  title     = {Glove: Global vectors for word representation},
  author    = {Pennington, Jeffrey and Socher, Richard and Manning, Christopher},
  year      = 2014,
  booktitle = EMNLP
}

@inproceedings{gokberk2014multi,
  title     = {Multi-fold mil training for weakly supervised object localization},
  author    = {Gokberk Cinbis, Ramazan and Verbeek, Jakob and Schmid, Cordelia},
  year      = 2014,
  booktitle = {CVPR}
}

@inproceedings{goodfellow2013empirical,
  title     = {An empirical investigation of catastrophic forgetting in gradient-based neural networks},
  author    = {Goodfellow, Ian J and Mirza, Mehdi and Xiao, Da and Courville, Aaron and Bengio, Yoshua},
  year      = 2013,
  booktitle = {ARXIV preprint ARXIV:1312.6211}
}

@inproceedings{gori2005new,
  title     = {A new model for learning in graph domains},
  author    = {Gori, Marco and Monfardini, Gabriele and Scarselli, Franco},
  year      = 2005,
  booktitle = IJCNN
}

@article{grathwohl2018ffjord,
  title   = {Ffjord: Free-form continuous dynamics for scalable reversible generative models},
  author  = {Grathwohl, Will and Chen, Ricky TQ and Bettencourt, Jesse and Sutskever, Ilya and Duvenaud, David},
  year    = 2018,
  journal = {arXiv}
}

@inproceedings{guo2013robust,
  title     = {Robust object co-detection},
  author    = {Guo, Xin and Liu, Dong and Jou, Brendan and Zhu, Mojun and Cai, Anni and Chang, Shih-Fu},
  year      = 2013,
  booktitle = CVPR
}

@inproceedings{guo2020action2motion,
  title     = {Action2motion: Conditioned generation of 3d human motions},
  author    = {Guo, Chuan and Zuo, Xinxin and Wang, Sen and Zou, Shihao and Sun, Qingyao and Deng, Annan and Gong, Minglun and Cheng, Li},
  year      = 2020,
  booktitle = {ACM-MM}
}

@inproceedings{wu2023fast,
  title     = {Fast Point Cloud Generation with Straight Flows},
  author    = {Wu, Lemeng and Wang, Dilin and Gong, Chengyue and Liu, Xingchao and Xiong, Yunyang and Ranjan, Rakesh and Krishnamoorthi, Raghuraman and Chandra, Vikas and Liu, Qiang},
  year      = 2023,
  booktitle = {CVPR}
}

@inproceedings{le2023voicebox,
  title   = {Voicebox: Text-guided multilingual universal speech generation at scale},
  author  = {Le, Matthew and Vyas, Apoorv and Shi, Bowen and Karrer, Brian and Sari, Leda and Moritz, Rashel and Williamson, Mary and Manohar, Vimal and Adi, Yossi and Mahadeokar, Jay and others},
  year    = 2023,
  booktitle = {arXiv}
}

@inproceedings{guo2022generating,
  title     = {Generating Diverse and Natural 3D Human Motions From Text},
  author    = {Guo, Chuan and Zou, Shihao and Zuo, Xinxin and Wang, Sen and Ji, Wei and Li, Xingyu and Cheng, Li},
  year      = 2022,
  booktitle = {CVPR}
}

@inproceedings{guo2022tm2t,
  title     = {Tm2t: Stochastic and tokenized modeling for the reciprocal generation of 3d human motions and texts},
  author    = {Guo, Chuan and Zuo, Xinxin and Wang, Sen and Cheng, Li},
  year      = 2022,
  booktitle = {ECCV}
}

@inproceedings{gupta2016cross,
  title     = {Cross modal distillation for supervision transfer},
  author    = {Gupta, Saurabh and Hoffman, Judy and Malik, Jitendra},
  year      = 2016,
  booktitle = CVPR
}

@inproceedings{gygli2014creating,
  title     = {Creating summaries from user videos},
  author    = {Gygli, Michael and Grabner, Helmut and Riemenschneider, Hayko and Van Gool, Luc},
  year      = 2014,
  booktitle = ECCV
}

@article{haas2023discovering,
  title   = {Discovering Interpretable Directions in the Semantic Latent Space of Diffusion Models},
  author  = {Haas, Ren{\'e} and Huberman-Spiegelglas, Inbar and Mulayoff, Rotem and Michaeli, Tomer},
  year    = 2023,
  journal = {arXiv}
}

@inproceedings{hadsell2006dimensionality,
  title     = {Dimensionality reduction by learning an invariant mapping},
  author    = {Hadsell, Raia and Chopra, Sumit and LeCun, Yann},
  year      = 2006,
  booktitle = {CVPR}
}

@inproceedings{hamilton2022unsupervised_stego,
  title     = {Unsupervised Semantic Segmentation by Distilling Feature Correspondences},
  author    = {Hamilton, Mark and Zhang, Zhoutong and Hariharan, Bharath and Snavely, Noah and Freeman, William T},
  year      = 2022,
  booktitle = ICLR
}

@inproceedings{han2015deep,
  title     = {Deep compression: Compressing deep neural networks with pruning, trained quantization and huffman coding},
  author    = {Han, Song and Mao, Huizi and Dally, William J},
  year      = 2015,
  booktitle = {ARXIV preprint ARXIV:1510.00149}
}

@inproceedings{han2016dsd,
  title     = {Dsd: Regularizing deep neural networks with dense-sparse-dense training flow},
  author    = {Han, Song and Pool, Jeff and Narang, Sharan and Mao, Huizi and Tang, Shijian and Elsen, Erich and Catanzaro, Bryan and Tran, John and Dally, William J},
  year      = 2016,
  booktitle = {ARXIV preprint ARXIV:1607.04381}
}

@inproceedings{hara2017learning,
  title     = {Learning spatio-temporal features with 3D residual networks for action recognition},
  author    = {Hara, Kensho and Kataoka, Hirokatsu and Satoh, Yutaka},
  year      = 2017,
  booktitle = ICCV
}

@inproceedings{hariharan2017low,
  title     = {Low-shot visual recognition by shrinking and hallucinating features},
  author    = {Hariharan, Bharath and Girshick, Ross},
  year      = 2017,
  booktitle = ICCV
}

@article{harkonen2020ganspace,
  title   = {Ganspace: Discovering interpretable gan controls},
  author  = {H{\"a}rk{\"o}nen, Erik and Hertzmann, Aaron and Lehtinen, Jaakko and Paris, Sylvain},
  year    = 2020,
  journal = {NeurIPS}
}

@article{harvey2020robust,
  title   = {Robust motion in-betweening},
  author  = {Harvey, F{\'e}lix G and Yurick, Mike and Nowrouzezahrai, Derek and Pal, Christopher},
  year    = 2020,
  journal = {ACM TOG}
}

@inproceedings{hayder2014object,
  title     = {Object co-detection via efficient inference in a fully-connected crf},
  author    = {Hayder, Zeeshan and Salzmann, Mathieu and He, Xuming},
  year      = 2014,
  booktitle = ECCV
}

@inproceedings{he2016identity,
  title     = {Identity mappings in deep residual networks},
  author    = {He, Kaiming and Zhang, Xiangyu and Ren, Shaoqing and Sun, Jian},
  year      = 2016,
  booktitle = ECCV
}

@inproceedings{he2019rethinking,
  title     = {Rethinking imagenet pre-training},
  author    = {He, Kaiming and Girshick, Ross and Doll{\'a}r, Piotr},
  year      = 2019,
  booktitle = ICCV
}

@inproceedings{he2020momentum_moco,
  title     = {Momentum contrast for unsupervised visual representation learning},
  author    = {He, Kaiming and Fan, Haoqi and Wu, Yuxin and Xie, Saining and Girshick, Ross},
  year      = 2020,
  booktitle = CVPR
}

@inproceedings{he2022masked_mae,
  title     = {Masked autoencoders are scalable vision learners},
  author    = {He, Kaiming and Chen, Xinlei and Xie, Saining and Li, Yanghao and Doll{\'a}r, Piotr and Girshick, Ross},
  year      = 2022,
  booktitle = CVPR
}

@inproceedings{hed,
  title     = {Holistically-nested edge detection},
  author    = {Xie, Saining and Tu, Zhuowen},
  year      = 2015,
  booktitle = ICCV
}

@inproceedings{hendricks2018localizing,
  title     = {Localizing moments in video with temporal language},
  author    = {Hendricks, Lisa Anne and Wang, Oliver and Shechtman, Eli and Sivic, Josef and Darrell, Trevor and Russell, Bryan},
  year      = 2018,
  booktitle = {ARXIV}
}

@inproceedings{heusel2017gans_fid,
  title     = {Gans trained by a two time-scale update rule converge to a local nash equilibrium},
  author    = {Heusel, Martin and Ramsauer, Hubert and Unterthiner, Thomas and Nessler, Bernhard and Hochreiter, Sepp},
  year      = 2017,
  booktitle = NIPS
}

@inproceedings{ho2020denoising,
  title     = {Denoising diffusion probabilistic models},
  author    = {Ho, Jonathan and Jain, Ajay and Abbeel, Pieter},
  year      = 2020,
  booktitle = NIPS
}

@inproceedings{ho2021classifier,
  title     = {Classifier-free diffusion guidance},
  author    = {Ho, Jonathan and Salimans, Tim},
  year      = 2021,
  booktitle = {NeurIPS Workshop}
}

@inproceedings{ho2022video,
  title     = {Video diffusion models},
  author    = {Ho, Jonathan and Salimans, Tim and Gritsenko, Alexey and Chan, William and Norouzi, Mohammad and Fleet, David J},
  year      = 2022,
  booktitle = {arXiv}
}

@inproceedings{hoai12,
  title     = {Maximum Margin Temporal Clustering},
  author    = {Minh Hoai and Fernando De La Torre},
  year      = 2012,
  booktitle = {AIStat}
}

@inproceedings{holder2022efficient,
  title     = {On efficient real-time semantic segmentation: a survey},
  author    = {Holder, Christopher J and Shafique, Muhammad},
  year      = 2022,
  booktitle = {ARXIV}
}

@article{hong2022avatarclip,
  title     = {AvatarCLIP: Zero-Shot Text-Driven Generation and Animation of 3D Avatars},
  author    = {Hong, Fangzhou and Zhang, Mingyuan and Pan, Liang and Cai, Zhongang and Yang, Lei and Liu, Ziwei},
  year      = 2022,
  journal   = {ACM Transactions on Graphics (TOG)},
  doi       = {10.1145/3528223.3530094},
  articleno = 161
}

@inproceedings{hoogeboom2022equivariant,
  title     = {Equivariant diffusion for molecule generation in 3d},
  author    = {Hoogeboom, Emiel and Satorras, V{\i}́ctor Garcia and Vignac, Cl{\'e}ment and Welling, Max},
  year      = 2022,
  booktitle = ICML
}

@inproceedings{hourglass,
  title     = {Stacked Hourglass Networks for Human Pose Estimation},
  author    = {Newell, Alejandro and Yang, Kaiyu and Deng, Jia},
  year      = 2016,
  booktitle = ECCV
}

@article{hspace_kwon2022diffusion,
  title   = {Diffusion models already have a semantic latent space},
  author  = {Kwon, Mingi and Jeong, Jaeseok and Uh, Youngjung},
  year    = 2023,
  journal = ICLR
}

@inproceedings{hu2019dense,
  title     = {Dense In Dense: Training Segmentation from Scratch},
  author    = {Hu, Tao},
  year      = 2019,
  booktitle = {ACCV}
}

@inproceedings{hu2022sqn,
  title     = {Sqn: Weakly-supervised semantic segmentation of large-scale 3d point clouds},
  author    = {Hu, Qingyong and Yang, Bo and Fang, Guangchi and Guo, Yulan and Leonardis, Ale{\v{s}} and Trigoni, Niki and Markham, Andrew},
  year      = 2022,
  booktitle = {ECCV}
}

@inproceedings{hua2016scenenn,
  title     = {Scenenn: A scene meshes dataset with annotations},
  author    = {Hua, Binh-Son and Pham, Quang-Hieu and Nguyen, Duc Thanh and Tran, Minh-Khoi and Yu, Lap-Fai and Yeung, Sai-Kit},
  year      = 2016,
  booktitle = {3DV}
}

@inproceedings{huang2017densely,
  title     = {Densely connected convolutional networks},
  author    = {Huang, Gao and Liu, Zhuang and Weinberger, Kilian Q and van der Maaten, Laurens},
  year      = 2017,
  booktitle = CVPR
}

@inproceedings{ma2022multi,
  title     = {Multi-objective diverse human motion prediction with knowledge distillation},
  author    = {Ma, Hengbo and Li, Jiachen and Hosseini, Ramtin and Tomizuka, Masayoshi and Choi, Chiho},
  year      = 2022,
  booktitle = {CVPR}
}

@inproceedings{chen2023executing_mld,
  title     = {Executing your Commands via Motion Diffusion in Latent Space},
  author    = {Chen, Xin and Jiang, Biao and Liu, Wen and Huang, Zilong and Fu, Bin and Chen, Tao and Yu, Gang},
  year      = 2023,
  booktitle = {CVPR}
}

@inproceedings{raab2023modi,
  title     = {MoDi: Unconditional Motion Synthesis from Diverse Data},
  author    = {Raab, Sigal and Leibovitch, Inbal and Li, Peizhuo and Aberman, Kfir and Sorkine-Hornung, Olga and Cohen-Or, Daniel},
  booktitle = {CVPR},
  year      = {2023}
}

@inproceedings{petrovich2021action,
  title     = {Action-conditioned 3D human motion synthesis with transformer VAE},
  author    = {Petrovich, Mathis and Black, Michael J and Varol, G{\"u}l},
  year      = 2021,
  booktitle = {ICCV}
}

@article{huberman2023edit,
  title   = {An Edit Friendly DDPM Noise Space: Inversion and Manipulations},
  author  = {Huberman-Spiegelglas, Inbar and Kulikov, Vladimir and Michaeli, Tomer},
  year    = 2023,
  journal = {arXiv}
}

@inproceedings{huvideoretrieval,
  title     = {Query by Activity Video in the Wild},
  author    = {Tao Hu and William Thong and Pascal Mettes and Cees G. M. Snoek},
  year      = 2019,
  booktitle = {ARXIV}
}

@inproceedings{icarl,
  title     = {icarl: Incremental classifier and representation learning},
  author    = {Rebuffi, Sylvestre-Alvise and Kolesnikov, Alexander and Sperl, Georg and Lampert, Christoph H},
  year      = 2017,
  booktitle = CVPR
}

@inproceedings{icgan,
  title     = {Instance-conditioned gan},
  author    = {Casanova, Arantxa and Careil, Marlene and Verbeek, Jakob and Drozdzal, Michal and Romero Soriano, Adriana},
  year      = 2021,
  booktitle = NIPS
}

@inproceedings{ict,
  title     = {Interpolation consistency training for semi-supervised learning},
  author    = {Verma, Vikas and Lamb, Alex and Kannala, Juho and Bengio, Yoshua and Lopez-Paz, David},
  year      = 2019,
  booktitle = {IJCAI}
}

@inproceedings{idrees2017thumos,
  title     = {The THUMOS challenge on action recognition for videos “in the wild”},
  author    = {Idrees, Haroon and Zamir, Amir R and Jiang, Yu-Gang and Gorban, Alex and Laptev, Ivan and Sukthankar, Rahul and Shah, Mubarak},
  year      = 2017,
  booktitle = {CVIU}
}

@inproceedings{igashov2022equivariant,
  title     = {Equivariant 3d-conditional diffusion models for molecular linker design},
  author    = {Igashov, Ilia and St{\"a}rk, Hannes and Vignac, Cl{\'e}ment and Satorras, Victor Garcia and Frossard, Pascal and Welling, Max and Bronstein, Michael and Correia, Bruno},
  year      = 2022,
  booktitle = {ARXIV}
}

@inproceedings{im2020fast_noisyclustering2,
  title     = {Fast noise removal for k-means clustering},
  author    = {Im, Sungjin and Qaem, Mahshid Montazer and Moseley, Benjamin and Sun, Xiaorui and Zhou, Rudy},
  year      = 2020,
  booktitle = {International Conference on Artificial Intelligence and Statistics}
}

@inproceedings{imagenet,
  title     = {{ImageNet}: A large-scale hierarchical image database},
  author    = {Deng, Jia and Dong, Wei and Socher, Richard and Li, Li-Jia and Li, Kai and Fei-Fei, Li},
  year      = 2009,
  booktitle = CVPR
}

@inproceedings{incremental-detector,
  title     = {Incremental Learning of Object Detectors without Catastrophic Forgetting},
  author    = {Shmelkov, Konstantin and Schmid, Cordelia and Alahari, Karteek},
  year      = 2017,
  booktitle = ICCV
}

@inproceedings{ionet,
  title     = {Inside-outside net: Detecting objects in context with skip pooling and recurrent neural networks},
  author    = {Bell, Sean and Lawrence Zitnick, C. and Bala, Kavita and Girshick, Ross},
  year      = 2016,
  booktitle = CVPR
}

@inproceedings{iqbal2019enhancing,
  title     = {Enhancing Temporal Action Localization with Transfer Learning from Action Recognition},
  author    = {Iqbal, Ahsan and Richard, Alexander and Gall, Juergen},
  year      = 2019,
  booktitle = {ICCV Workshops}
}

@inproceedings{jain2015objects2action,
  title     = {Objects2action: Classifying and localizing actions without any video example},
  author    = {Jain, Mihir and van Gemert, Jan C and Mensink, Thomas and Snoek, Cees G. M.},
  year      = 2015,
  booktitle = ICCV
}

@inproceedings{jain2019few,
  title     = {Few-Shot Point Cloud Region Annotation with Human in the Loop},
  author    = {Jain, Siddhant and Munukutla, Sowmya and Held, David},
  year      = 2019,
  booktitle = {ICML workshop}
}

%dongzhuoyao
@inproceedings{jain2022completr,
  title     = {ComplETR: Reducing the cost of annotations for object detection in dense scenes with vision transformers},
  author    = {Jain, Achin and Lee, Kibok and Swaminathan, Gurumurthy and Yang, Hao and Schiele, Bernt and Ravichandran, Avinash and Dabeer, Onkar},
  year      = 2022,
  booktitle = {ARXIV}
}

@inproceedings{JainCVPR20,
  title     = {{ActionBytes}: Learning from Trimmed Videos to Localize Actions},
  author    = {Mihir Jain and Amir Ghodrati and Cees G. M. Snoek},
  year      = 2020,
  booktitle = {CVPR}
}

@inproceedings{jegou2017one,
  title     = {The one hundred layers tiramisu: Fully convolutional densenets for semantic segmentation},
  author    = {J{\'e}gou, Simon and Drozdzal, Michal and Vazquez, David and Romero, Adriana and Bengio, Yoshua},
  year      = 2017,
  booktitle = {CVPR Workshop}
}

@article{jeong2023training,
  title   = {Training-free Style Transfer Emerges from h-space in Diffusion models},
  author  = {Jeong, Jaeseok and Kwon, Mingi and Uh, Youngjung},
  year    = 2023,
  journal = {arXiv}
}

@inproceedings{ji2019invariant_iic,
  title     = {Invariant information clustering for unsupervised image classification and segmentation},
  author    = {Ji, Xu and Henriques, Joao F and Vedaldi, Andrea},
  year      = 2019,
  booktitle = ICCV
}

@inproceedings{jia2022stcm,
  title     = {STCM-Net: A symmetrical one-stage network for temporal language localization in videos},
  author    = {Jia, Zixi and Dong, Minglin and Ru, Jingyu and Xue, Lele and Yang, Sikai and Li, Chunbo},
  year      = 2022,
  booktitle = {Neurocomputing}
}

@inproceedings{jiang2023motiongpt,
  title   = {MotionGPT: Human Motion as a Foreign Language},
  author  = {Jiang, Biao and Chen, Xin and Liu, Wen and Yu, Jingyi and Yu, Gang and Chen, Tao},
  year    = 2023,
  booktitle = {NeurIPS}
}

@inproceedings{jie2017deep,
  title     = {Deep self-taught learning for weakly supervised object localization},
  author    = {Jie, Zequn and Wei, Yunchao and Jin, Xiaojie and Feng, Jiashi and Liu, Wei},
  year      = 2017,
  booktitle = CVPR
}

@inproceedings{jing2020self,
  title     = {Self-supervised visual feature learning with deep neural networks: A survey},
  author    = {Jing, Longlong and Tian, Yingli},
  year      = 2020,
  booktitle = PAMI
}

@inproceedings{johnson2019billion_faiss,
  title     = {Billion-scale similarity search with {GPUs}},
  author    = {Johnson, Jeff and Douze, Matthijs and J{\'e}gou, Herv{\'e}},
  year      = 2019,
  booktitle = {IEEE Transactions on Big Data}
}

@inproceedings{joint_multimodal_generative,
  title     = {Joint multimodal learning with deep generative models},
  author    = {Suzuki, Masahiro and Nakayama, Kotaro and Matsuo, Yutaka},
  year      = 2016,
  booktitle = ICLR
}

@inproceedings{jonker1987shortest,
  title     = {A shortest augmenting path algorithm for dense and sparse linear assignment problems},
  author    = {Jonker, Roy and Volgenant, Anton},
  year      = 1987,
  booktitle = {Computing}
}

@inproceedings{junior2019zero,
  title     = {Zero-Shot Action Recognition in Videos: A Survey},
  author    = {Junior, Valter Lu{\'\i}s Estevam and Pedrini, Helio and Menotti, David},
  year      = 2019,
  booktitle = {ARXIV}
}

@inproceedings{kalogeiton2017joint,
  title     = {Joint learning of object and action detectors},
  author    = {Kalogeiton, Vicky and Weinzaepfel, Philippe and Ferrari, Vittorio and Schmid, Cordelia},
  year      = 2017,
  booktitle = ICCV
}

@inproceedings{kang2003query,
  title     = {Query type classification for web document retrieval},
  author    = {Kang, In-Ho and Kim, GilChang},
  year      = 2003,
  booktitle = {SIGIR}
}

@inproceedings{kang2018few,
  title     = {Few-shot Object Detection via Feature Reweighting},
  author    = {Kang, Bingyi and Liu, Zhuang and Wang, Xin and Yu, Fisher and Feng, Jiashi and Darrell, Trevor},
  year      = 2018,
  booktitle = {ARXIV}
}

@inproceedings{kantorov2016contextlocnet,
  title     = {Contextlocnet: Context-aware deep network models for weakly supervised localization},
  author    = {Kantorov, Vadim and Oquab, Maxime and Cho, Minsu and Laptev, Ivan},
  year      = 2016,
  booktitle = ECCV
}

@inproceedings{karlinsky2019repmet,
  title     = {{RepMet}: Representative-based metric learning for classification and few-shot object detection},
  author    = {Karlinsky, Leonid and Shtok, Joseph and Harary, Sivan and Schwartz, Eli and Aides, Amit and Feris, Rogerio and Giryes, Raja and Bronstein, Alex M},
  year      = 2019,
  booktitle = CVPR
}

@inproceedings{karpathy2014large,
  title     = {Large-scale video classification with convolutional neural networks},
  author    = {Karpathy, Andrej and Toderici, George and Shetty, Sanketh and Leung, Thomas and Sukthankar, Rahul and Fei-Fei, Li},
  year      = 2014,
  booktitle = CVPR
}

@inproceedings{karras2019_stylegan,
  title     = {A style-based generator architecture for generative adversarial networks},
  author    = {Karras, Tero and Laine, Samuli and Aila, Timo},
  year      = 2019,
  booktitle = CVPR
}

@inproceedings{karras2022elucidating,
  title     = {Elucidating the Design Space of Diffusion-Based Generative Models},
  author    = {Karras, Tero and Aittala, Miika and Aila, Timo and Laine, Samuli},
  year      = 2022,
  booktitle = {NeurIPS}
}

@inproceedings{kasarla2022maximum,
  title     = {Maximum class separation as inductive bias in one matrix},
  author    = {Kasarla, Tejaswi and Burghouts, Gertjan J and van Spengler, Max and van der Pol, Elise and Cucchiara, Rita and Mettes, Pascal},
  year      = 2022,
  booktitle = {NeurIPS}
}

@inproceedings{katharopoulos2020transformers_quadratic,
  title     = {Transformers are rnns: Fast autoregressive transformers with linear attention},
  author    = {Katharopoulos, Angelos and Vyas, Apoorv and Pappas, Nikolaos and Fleuret, Fran{\c{c}}ois},
  year      = 2020,
  booktitle = ICML
}

@inproceedings{kay2017kinetics,
  title     = {The kinetics human action video dataset},
  author    = {Kay, Will and Carreira, Joao and Simonyan, Karen and Zhang, Brian and Hillier, Chloe and Vijayanarasimhan, Sudheendra and Viola, Fabio and Green, Tim and Back, Trevor and Natsev, Paul and Suleyman, Mustafa  and Zisserman, Andrew},
  year      = 2017,
  booktitle = {ARXIV}
}

@inproceedings{kervadec19a,
  title     = {Boundary loss for highly unbalanced segmentation},
  author    = {Kervadec, Hoel and Bouchtiba, Jihene and Desrosiers, Christian and Granger, Eric and Dolz, Jose and {Ben Ayed}, Ismail},
  year      = 2019,
  booktitle = {MIDL}
}

@inproceedings{kim2022diffusionclip,
  title     = {Diffusionclip: Text-guided diffusion models for robust image manipulation},
  author    = {Kim, Gwanghyun and Kwon, Taesung and Ye, Jong Chul},
  year      = 2022,
  booktitle = CVPR
}

@article{kingma2013auto,
  title   = {Auto-encoding variational bayes},
  author  = {Kingma, Diederik P and Welling, Max},
  year    = 2013,
  journal = {arXiv preprint arXiv:1312.6114}
}

@inproceedings{kingma2013auto_vae,
  title     = {Auto-encoding variational bayes},
  author    = {Kingma, Diederik P and Welling, Max},
  year      = 2014,
  booktitle = ICLR
}

@inproceedings{kingma2014adam,
  title     = {Adam: A method for stochastic optimization},
  author    = {Kingma, Diederik P and Ba, Jimmy},
  year      = 2016,
  booktitle = {AISTATS}
}

@inproceedings{kingma2016improved,
  title     = {Improved variational inference with inverse autoregressive flow},
  author    = {Kingma, Durk P and Salimans, Tim and Jozefowicz, Rafal and Chen, Xi and Sutskever, Ilya and Welling, Max},
  year      = 2016,
  booktitle = NIPS
}

@inproceedings{kingma2018glow,
  title     = {Glow: Generative flow with invertible 1x1 convolutions},
  author    = {Kingma, Durk P and Dhariwal, Prafulla},
  year      = 2018,
  booktitle = NIPS
}

@inproceedings{kingma2021variational,
  title     = {Variational diffusion models},
  author    = {Kingma, Diederik and Salimans, Tim and Poole, Ben and Ho, Jonathan},
  year      = 2021,
  booktitle = {NeurIPS}
}

@inproceedings{kipf2016semi,
  title     = {Semi-supervised classification with graph convolutional networks},
  author    = {Kipf, Thomas N. and Welling, Max},
  year      = 2016,
  booktitle = {ARXIV}
}

@inproceedings{kobyzev2020normalizing,
  title     = {Normalizing flows: An introduction and review of current methods},
  author    = {Kobyzev, Ivan and Prince, Simon JD and Brubaker, Marcus A},
  year      = 2020,
  booktitle = PAMI
}

@inproceedings{kong2020diffwave,
  title     = {Diffwave: A versatile diffusion model for audio synthesis},
  author    = {Kong, Zhifeng and Ping, Wei and Huang, Jiaji and Zhao, Kexin and Catanzaro, Bryan},
  year      = 2020,
  booktitle = ICLR
}

@inproceedings{krahenbuhl2011efficient,
  title     = {Efficient inference in fully connected crfs with gaussian edge potentials},
  author    = {Kr{\"a}henb{\"u}hl, Philipp and Koltun, Vladlen},
  year      = 2011,
  booktitle = NIPS
}

@inproceedings{krahenbuhl2011efficient_crf,
  title     = {Efficient inference in fully connected crfs with gaussian edge potentials},
  author    = {Kr{\"a}henb{\"u}hl, Philipp and Koltun, Vladlen},
  year      = 2011,
  booktitle = NIPS
}

@book{kreiman2021biological,
  title  = {Biological and Computer Vision},
  author = {Kreiman, Gabriel},
  year   = 2021
}

@inproceedings{krizhevsky2009learning,
  title     = {Learning multiple layers of features from tiny images},
  author    = {Krizhevsky, Alex and Hinton, Geoffrey and others},
  year      = 2009,
  booktitle = {ARXIV}
}

@inproceedings{krizhevsky2012imagenet,
  title     = {Imagenet classification with deep convolutional neural networks},
  author    = {Krizhevsky, Alex and Sutskever, Ilya and Hinton, Geoffrey E},
  year      = 2012,
  booktitle = NIPS
}

@inproceedings{kuehne2019hybrid,
  title     = {A Hybrid RNN-HMM Approach for Weakly Supervised Temporal Action Segmentation},
  author    = {Kuehne, Hilde and Richard, Alexander and Gall, Juergen},
  year      = 2019,
  booktitle = {ARXIV}
}

@inproceedings{kumar2016track,
  title     = {Track and transfer: Watching videos to simulate strong human supervision for weakly-supervised object detection},
  author    = {Kumar Singh, Krishna and Xiao, Fanyi and Jae Lee, Yong},
  year      = 2016,
  booktitle = CVPR
}

@inproceedings{kumar2017hide,
  title     = {Hide-and-seek: Forcing a network to be meticulous for weakly-supervised object and action localization},
  author    = {Kumar Singh, Krishna and Jae Lee, Yong},
  year      = 2017,
  booktitle = ICCV
}

@article{Kutta,
  title     = {Beitrag zur n\"aherungsweisen {I}ntegration totaler {D}ifferentialgleichungen},
  author    = {Kutta, W.},
  year      = 1901,
  journal   = {Zeit. Math. Phys.},
}

@inproceedings{kuznetsova2021efficient,
  title     = {Efficient video annotation with visual interpolation and frame selection guidance},
  author    = {Kuznetsova, Alina and Talati, Aakrati and Luo, Yiwen and Simmons, Keith and Ferrari, Vittorio},
  year      = 2021,
  booktitle = {WACV}
}

@inproceedings{laina2020quantifying,
  title     = {Quantifying learnability and describability of visual concepts emerging in representation learning},
  author    = {Laina, Iro and Fong, Ruth and Vedaldi, Andrea},
  year      = 2020,
  booktitle = {NeurIPS}
}

@book{lao1997tao,
  title  = {Tao te ching},
  author = {Lao Tzu, Li Er},
  year   = 1997
}

@inproceedings{last2017oversampling,
  title     = {Oversampling for imbalanced learning based on k-means and smote},
  author    = {Last, Felix and Douzas, Georgios and Bacao, Fernando},
  year      = 2017,
  booktitle = {ARXIV}
}

@inproceedings{layernorm,
  title     = {Layer normalization},
  author    = {Ba, Jimmy Lei and Kiros, Jamie Ryan and Hinton, Geoffrey E},
  year      = 2016,
  booktitle = {ARXIV}
}

@inproceedings{lecun1989backpropagation,
  title     = {Backpropagation applied to handwritten zip code recognition},
  author    = {LeCun, Yann and Boser, Bernhard and Denker, John S and Henderson, Donnie and Howard, Richard E and Hubbard, Wayne and Jackel, Lawrence D},
  year      = 1989,
  booktitle = {Neural computation}
}

@inproceedings{lee2019dancing,
  title   = {Dancing to music},
  author  = {Lee, Hsin-Ying and Yang, Xiaodong and Liu, Ming-Yu and Wang, Ting-Chun and Lu, Yu-Ding and Yang, Ming-Hsuan and Kautz, Jan},
  year    = 2019,
  booktitle = {NeurIPS}
}

@article{lee2023minimizing,
  title   = {Minimizing Trajectory Curvature of ODE-based Generative Models},
  author  = {Lee, Sangyun and Kim, Beomsu and Ye, Jong Chul},
  year    = 2023,
  journal = ICML
}

@inproceedings{li2015gated,
  title     = {Gated graph sequence neural networks},
  author    = {Li, Yujia and Tarlow, Daniel and Brockschmidt, Marc and Zemel, Richard},
  year      = 2015,
  booktitle = {ARXIV preprint ARXIV:1511.05493}
}

@inproceedings{li2016weakly,
  title     = {Weakly supervised object localization with progressive domain adaptation},
  author    = {Li, Dong and Huang, Jia-Bin and Li, Yali and Wang, Shengjin and Yang, Ming-Hsuan},
  year      = 2016,
  booktitle = CVPR
}

@inproceedings{li2018pointcnn,
  title     = {Pointcnn: Convolution on x-transformed points},
  author    = {Li, Yangyan and Bu, Rui and Sun, Mingchao and Wu, Wei and Di, Xinhan and Chen, Baoquan},
  year      = 2018,
  booktitle = {NeurIPS}
}

@inproceedings{li2018sonet,
  title     = {So-net: Self-organizing network for point cloud analysis},
  author    = {Li, Jiaxin and Chen, Ben M and Hee Lee, Gim},
  year      = 2018,
  booktitle = {CVPR}
}

@inproceedings{li2020analyzing,
  title     = {Analyzing overfitting under class imbalance in neural networks for image segmentation},
  author    = {Li, Zeju and Kamnitsas, Konstantinos and Glocker, Ben},
  year      = 2020,
  booktitle = {IEEE Transactions on Medical Imaging}
}

@inproceedings{li2020pointaugment,
  title     = {PointAugment: an Auto-Augmentation Framework for Point Cloud Classification},
  author    = {Li, Ruihui and Li, Xianzhi and Heng, Pheng-Ann and Fu, Chi-Wing},
  year      = 2020,
  booktitle = {CVPR}
}

@inproceedings{li2022bigdatasetgan,
  title     = {BigDatasetGAN: Synthesizing ImageNet with Pixel-wise Annotations},
  author    = {Li, Daiqing and Ling, Huan and Kim, Seung Wook and Kreis, Karsten and Fidler, Sanja and Torralba, Antonio},
  year      = 2022,
  booktitle = CVPR
}

@inproceedings{li2022equalized,
  title     = {Equalized focal loss for dense long-tailed object detection},
  author    = {Li, Bo and Yao, Yongqiang and Tan, Jingru and Zhang, Gang and Yu, Fengwei and Lu, Jianwei and Luo, Ye},
  year      = 2022,
  booktitle = CVPR
}

@inproceedings{liang2015towards,
  title     = {Towards computational baby learning: A weakly-supervised approach for object detection},
  author    = {Liang, Xiaodan and Liu, Si and Wei, Yunchao and Liu, Luoqi and Lin, Liang and Yan, Shuicheng},
  year      = 2015,
  booktitle = CVPR
}

@inproceedings{lin2015bilinear,
  title     = {Bilinear cnn models for fine-grained visual recognition},
  author    = {Lin, Tsung-Yu and RoyChowdhury, Aruni and Maji, Subhransu},
  year      = 2015,
  booktitle = ICCV
}

@inproceedings{lin2018bsn,
  title     = {{BSN}: Boundary Sensitive Network for Temporal Action Proposal Generation},
  author    = {Tianwei Lin and Xu Zhao and Haisheng Su and Chongjing Wang and Ming Yang},
  year      = 2018,
  booktitle = ECCV
}

@inproceedings{lin2018generating,
  title   = {Generating animated videos of human activities from natural language descriptions},
  author  = {Lin, Angela S and Wu, Lemeng and Corona, Rodolfo and Tai, Kevin and Huang, Qixing and Mooney, Raymond J},
  year    = 2018,
  booktitle = {NeurIPS Workshop}
}

@inproceedings{lipman2022flow,
  title   = {Flow matching for generative modeling},
  author  = {Lipman, Yaron and Chen, Ricky TQ and Ben-Hamu, Heli and Nickel, Maximilian and Le, Matt},
  year    = 2023,
  booktitle = {ICLR}
}

@inproceedings{liu2013video,
  title     = {Video event recognition using concept attributes},
  author    = {Liu, Jingen and Yu, Qian and Javed, Omar and Ali, Saad and Tamrakar, Amir and Divakaran, Ajay and Cheng, Hui and Sawhney, Harpreet},
  year      = 2013,
  booktitle = {WACV Workshop}
}

@inproceedings{liu2017learning,
  title     = {Learning affinity via spatial propagation networks},
  author    = {Liu, Sifei and De Mello, Shalini and Gu, Jinwei and Zhong, Guangyu and Yang, Ming-Hsuan and Kautz, Jan},
  year      = 2017,
  booktitle = {NeurIPS}
}

@inproceedings{liu2017neural,
  title     = {Neural person search machines},
  author    = {Liu, Hao and Feng, Jiashi and Jie, Zequn and Jayashree, Karlekar and Zhao, Bo and Qi, Meibin and Jiang, Jianguo and Yan, Shuicheng},
  year      = 2017,
  booktitle = ICCV
}

@inproceedings{liu2017video,
  title     = {Video-based person re-identification with accumulative motion context},
  author    = {Liu, Hao and Jie, Zequn and Jayashree, Karlekar and Qi, Meibin and Jiang, Jianguo and Yan, Shuicheng and Feng, Jiashi},
  year      = 2017,
  booktitle = {IEEE T CIRC SYST VID}
}

@inproceedings{liu2018rotate,
  title     = {Rotate your Networks: Better Weight Consolidation and Less Catastrophic Forgetting},
  author    = {Liu, Xialei and Masana, Marc and Herranz, Luis and Van de Weijer, Joost and Lopez, Antonio M and Bagdanov, Andrew D},
  year      = 2018,
  booktitle = ICPR
}

@inproceedings{liu2019large,
  title     = {Large-Scale Long-Tailed Recognition in an Open World},
  author    = {Liu, Ziwei and Miao, Zhongqi and Zhan, Xiaohang and Wang, Jiayun and Gong, Boqing and Yu, Stella X},
  year      = 2019,
  booktitle = {CVPR}
}

@inproceedings{liu2019morphing,
  title     = {Morphing and Sampling Network for Dense Point Cloud Completion},
  author    = {Liu, Minghua and Sheng, Lu and Yang, Sheng and Shao, Jing and Hu, Shi-Min},
  year      = 2019,
  booktitle = {CoRR}
}

@inproceedings{liu2022compositional_diff,
  title     = {Compositional Visual Generation with Composable Diffusion Models},
  author    = {Liu, Nan and Li, Shuang and Du, Yilun and Torralba, Antonio and Tenenbaum, Joshua B},
  year      = 2022,
  booktitle = ECCV
}

@inproceedings{llm,
  title     = {Talking About Large Language Models},
  author    = {Shanahan, Murray},
  year      = 2022,
  booktitle = {ARXIV}
}

@inproceedings{longtail_survey,
  title     = {A survey on long-tailed visual recognition},
  author    = {Yang, Lu and Jiang, He and Song, Qing and Guo, Jun},
  year      = 2022,
  booktitle = {IJCV}
}

@incollection{loper2023smpl,
  title     = {SMPL: A skinned multi-person linear model},
  author    = {Loper, Matthew and Mahmood, Naureen and Romero, Javier and Pons-Moll, Gerard and Black, Michael J},
  year      = 2023,
  booktitle = {Seminal Graphics Papers: Pushing the Boundaries, Volume 2}
}

@inproceedings{loshchilov2017decoupled_adamw,
  title     = {Decoupled weight decay regularization},
  author    = {Loshchilov, Ilya and Hutter, Frank},
  year      = 2019,
  booktitle = ICLR
}

@inproceedings{lrr,
  title     = {Laplacian pyramid reconstruction and refinement for semantic segmentation},
  author    = {Ghiasi, Golnaz and Fowlkes, Charless C},
  year      = 2016,
  booktitle = ECCV
}

@inproceedings{lstm,
  title     = {Long Short-Term Memory},
  author    = {Hochreiter, Sepp and Schmidhuber, J{\"u}rgen},
  year      = 1997,
  booktitle = NC
}

@inproceedings{lu2021soft_quadratic2,
  title     = {SOFT: softmax-free transformer with linear complexity},
  author    = {Lu, Jiachen and Yao, Jinghan and Zhang, Junge and Zhu, Xiatian and Xu, Hang and Gao, Weiguo and Xu, Chunjing and Xiang, Tao and Zhang, Li},
  year      = 2021,
  booktitle = NIPS
}

@inproceedings{lugmayr2022repaint,
  title     = {Repaint: Inpainting using denoising diffusion probabilistic models},
  author    = {Lugmayr, Andreas and Danelljan, Martin and Romero, Andres and Yu, Fisher and Timofte, Radu and Van Gool, Luc},
  year      = 2022,
  booktitle = CVPR
}

@inproceedings{luo2019few,
  title     = {Few-Shot Learning with Global Class Representations},
  author    = {Luo, Tiange and Li, Aoxue and Xiang, Tao and Huang, Weiran and Wang, Liwei},
  year      = 2019,
  booktitle = {ARXIV}
}

@inproceedings{luo2021diffusion,
  title     = {Diffusion probabilistic models for 3d point cloud generation},
  author    = {Luo, Shitong and Hu, Wei},
  year      = 2021,
  booktitle = CVPR
}

@inproceedings{luvcic2019high,
  title     = {High-fidelity image generation with fewer labels},
  author    = {Lu{\v{c}}i{\'c}, Mario and Tschannen, Michael and Ritter, Marvin and Zhai, Xiaohua and Bachem, Olivier and Gelly, Sylvain},
  year      = 2019,
  booktitle = ICML
}

@inproceedings{lwf,
  title     = {Learning without forgetting},
  author    = {Li, Zhizhong and Hoiem, Derek},
  year      = 2017,
  booktitle = PAMI
}

@inproceedings{lyu2021conditional,
  title     = {A conditional point diffusion-refinement paradigm for 3d point cloud completion},
  author    = {Lyu, Zhaoyang and Kong, Zhifeng and Xu, Xudong and Pan, Liang and Lin, Dahua},
  year      = 2021,
  booktitle = ICLR
}

@inproceedings{ma2016learning,
  title     = {Learning activity progression in lstms for activity detection and early detection},
  author    = {Ma, Shugao and Sigal, Leonid and Sclaroff, Stan},
  year      = 2016,
  booktitle = CVPR
}

@article{ma2023diffusionseg,
  title   = {DiffusionSeg: Adapting Diffusion Towards Unsupervised Object Discovery},
  author  = {Ma, Chaofan and Yang, Yuhuan and Ju, Chen and Zhang, Fei and Liu, Jinxiang and Wang, Yu and Zhang, Ya and Wang, Yanfeng},
  year    = 2023,
  journal = {arXiv preprint arXiv:2303.09813}
}

@inproceedings{maaten2008visualizing,
  title     = {Visualizing data using t-SNE},
  author    = {Maaten, Laurens van der and Hinton, Geoffrey},
  year      = 2008,
  booktitle = JMLR
}

@inproceedings{maggiori2017can,
  title     = {Can semantic labeling methods generalize to any city? the inria aerial image labeling benchmark},
  author    = {Maggiori, Emmanuel and Tarabalka, Yuliya and Charpiat, Guillaume and Alliez, Pierre},
  year      = 2017,
  booktitle = {IEEE International Geoscience and Remote Sensing Symposium}
}

@inproceedings{maggiori2017dataset,
  title     = {Can Semantic Labeling Methods Generalize to Any City? The Inria Aerial Image Labeling Benchmark},
  author    = {Maggiori, Emmanuel and Tarabalka, Yuliya and Charpiat, Guillaume and Alliez, Pierre},
  year      = 2017,
  booktitle = {IEEE International Geoscience and Remote Sensing Symposium (IGARSS)}
}

@inproceedings{mahmood2019amass,
  title     = {AMASS: Archive of motion capture as surface shapes},
  author    = {Mahmood, Naureen and Ghorbani, Nima and Troje, Nikolaus F and Pons-Moll, Gerard and Black, Michael J},
  year      = 2019,
  booktitle = {ICCV}
}

@inproceedings{maml,
  title     = {Model-agnostic meta-learning for fast adaptation of deep networks},
  author    = {Finn, Chelsea and Abbeel, Pieter and Levine, Sergey},
  year      = 2017,
  booktitle = ICML
}

@inproceedings{mandery2015kit,
  title     = {The KIT whole-body human motion database},
  author    = {Mandery, Christian and Terlemez, {\"O}mer and Do, Martin and Vahrenkamp, Nikolaus and Asfour, Tamim},
  year      = 2015,
  booktitle = {ICAR}
}

@inproceedings{mangla2022data,
  title     = {Data instance prior (disp) in generative adversarial networks},
  author    = {Mangla, Puneet and Kumari, Nupur and Singh, Mayank and Krishnamurthy, Balaji and Balasubramanian, Vineeth N},
  year      = 2022,
  booktitle = WACV
}

@inproceedings{manifoldmixup,
  title     = {Manifold mixup: Better representations by interpolating hidden states},
  author    = {Verma, Vikas and Lamb, Alex and Beckham, Christopher and Najafi, Amir and Mitliagkas, Ioannis and Courville, Aaron and Lopez-Paz, David and Bengio, Yoshua},
  year      = 2019,
  booktitle = ICML
}

@inproceedings{marcus2018deep,
  title     = {Deep learning: A critical appraisal},
  author    = {Marcus, Gary},
  year      = 2018,
  booktitle = {ARXIV}
}

@inproceedings{marginloss,
  title     = {Sampling matters in deep embedding learning},
  author    = {Wu, Chao-Yuan and Manmatha, R and Smola, Alexander J and Krahenbuhl, Philipp},
  year      = 2017,
  booktitle = ICCV
}

@inproceedings{maskrcnn,
  title     = {Mask r-cnn},
  author    = {He, Kaiming and Gkioxari, Georgia and Doll{\'a}r, Piotr and Girshick, Ross},
  year      = 2017,
  booktitle = {ICCV}
}

@inproceedings{matchingnetwork,
  title     = {Matching networks for one shot learning},
  author    = {Vinyals, Oriol and Blundell, Charles and Lillicrap, Timothy and Wierstra, Daan and others},
  year      = 2016,
  booktitle = NIPS
}

@inproceedings{melas2022deep,
  title     = {Deep Spectral Methods: A Surprisingly Strong Baseline for Unsupervised Semantic Segmentation and Localization},
  author    = {Melas-Kyriazi, Luke and Rupprecht, Christian and Laina, Iro and Vedaldi, Andrea},
  year      = 2022,
  booktitle = CVPR
}

@inproceedings{meng2021sdedit,
  title     = {Sdedit: Guided image synthesis and editing with stochastic differential equations},
  author    = {Meng, Chenlin and He, Yutong and Song, Yang and Song, Jiaming and Wu, Jiajun and Zhu, Jun-Yan and Ermon, Stefano},
  year      = 2021,
  booktitle = ICLR
}

@inproceedings{mettes2017spatial,
  title     = {Spatial-aware object embeddings for zero-shot localization and classification of actions},
  author    = {Mettes, Pascal and Snoek, Cees G. M.},
  year      = 2017,
  booktitle = ICCV
}

@inproceedings{mettes2019hyperspherical,
  title     = {Hyperspherical Prototype Networks},
  author    = {Pascal Mettes and Elise van der Pol and Cees G. M. Snoek},
  year      = 2019,
  booktitle = {ARXIV}
}

@inproceedings{mettes2019pointly,
  title     = {Pointly-supervised action localization},
  author    = {Mettes, Pascal and Snoek, Cees G. M.},
  year      = 2019,
  booktitle = {IJCV}
}

@inproceedings{michaelis2018,
  title     = {One-Shot Instance Segmentation},
  author    = {Michaelis, Claudio and Ustyuzhaninov, Ivan and Bethge, Matthias and Ecker, Alexander S.},
  year      = 2018,
  booktitle = {ARXIV}
}

@inproceedings{michaelis2018one,
  title     = {One-shot segmentation in clutter},
  author    = {Michaelis, Claudio and Bethge, Matthias and Ecker, Alexander S.},
  year      = 2018,
  booktitle = ICML
}

@inproceedings{miech2019howto100m,
  title     = {HowTo100M: Learning a Text-Video Embedding by Watching Hundred Million Narrated Video Clips},
  author    = {Miech, Antoine and Zhukov, Dimitri and Alayrac, Jean-Baptiste and Tapaswi, Makarand and Laptev, Ivan and Sivic, Josef},
  year      = 2019,
  booktitle = ICCV
}

@inproceedings{minaee2021image,
  title     = {Image segmentation using deep learning: A survey},
  author    = {Minaee, Shervin and Boykov, Yuri Y and Porikli, Fatih and Plaza, Antonio J and Kehtarnavaz, Nasser and Terzopoulos, Demetri},
  year      = 2021,
  booktitle = {PAMI}
}

@inproceedings{mirza2014conditional_cgan,
  title     = {Conditional generative adversarial nets},
  author    = {Mirza, Mehdi and Osindero, Simon},
  year      = 2014,
  booktitle = {ARXIV}
}

@inproceedings{mithun2019weakly,
  title     = {Weakly supervised video moment retrieval from text queries},
  author    = {Mithun, Niluthpol Chowdhury and Paul, Sujoy and Roy-Chowdhury, Amit K},
  year      = 2019,
  booktitle = {CVPR}
}

@inproceedings{mittal2021symbolic,
  title     = {Symbolic music generation with diffusion models},
  author    = {Mittal, Gautam and Engel, Jesse and Hawthorne, Curtis and Simon, Ian},
  year      = 2021,
  booktitle = {ISMIR}
}

@inproceedings{mixup,
  title     = {mixup: Beyond empirical risk minimization},
  author    = {Zhang, Hongyi and Cisse, Moustapha and Dauphin, Yann N and Lopez-Paz, David},
  year      = 2017,
  booktitle = ICLR
}

@inproceedings{mmcelebahq,
  title     = {TediGAN: Text-Guided Diverse Face Image Generation and Manipulation},
  author    = {Xia, Weihao and Yang, Yujiu and Xue, Jing-Hao and Wu, Baoyuan},
  year      = 2021,
  booktitle = {CVPR}
}

@inproceedings{modelnet40,
  title     = {3d shapenets: A deep representation for volumetric shapes},
  author    = {Wu, Zhirong and Song, Shuran and Khosla, Aditya and Yu, Fisher and Zhang, Linguang and Tang, Xiaoou and Xiao, Jianxiong},
  year      = 2015,
  booktitle = CVPR
}

@article{mokady2022null,
  title   = {Null-text Inversion for Editing Real Images using Guided Diffusion Models},
  author  = {Mokady, Ron and Hertz, Amir and Aberman, Kfir and Pritch, Yael and Cohen-Or, Daniel},
  year    = 2022,
  journal = {arXiv}
}

@book{molnar2020interpretable,
  title  = {Interpretable machine learning},
  author = {Molnar, Christoph},
  year   = 2020
}

@inproceedings{morozov2020self,
  title     = {On self-supervised image representations for GAN evaluation},
  author    = {Morozov, Stanislav and Voynov, Andrey and Babenko, Artem},
  year      = 2020,
  booktitle = ICLR
}

@article{multiconcept_crossattention,
  title   = {Multi-Concept Customization of Text-to-Image Diffusion},
  author  = {Kumari, Nupur and Zhang, Bingliang and Zhang, Richard and Shechtman, Eli and Zhu, Jun-Yan},
  year    = 2022,
  journal = {arXiv}
}

@article{neklyudov2022action,
  title   = {Action Matching: A Variational Method for Learning Stochastic Dynamics from Samples},
  author  = {Neklyudov, Kirill and Severo, Daniel and Makhzani, Alireza},
  year    = 2022,
  journal = {arXiv}
}

@article{neuralode_chen2018neural,
  title   = {Neural ordinary differential equations},
  author  = {Chen, Ricky TQ and Rubanova, Yulia and Bettencourt, Jesse and Duvenaud, David K},
  year    = 2018,
  journal = {NeurIPS}
}

@inproceedings{nguyen2018weakly,
  title     = {Weakly supervised action localization by sparse temporal pooling network},
  author    = {Nguyen, Phuc and Liu, Ting and Prasad, Gautam and Han, Bohyung},
  year      = 2018,
  booktitle = CVPR
}

@inproceedings{nguyen2019iccv,
  title     = {Weakly-Supervised Action Localization With Background Modeling},
  author    = {Nguyen, Phuc Xuan and Ramanan, Deva and Fowlkes, Charless C.},
  year      = 2019,
  booktitle = ICCV
}

@inproceedings{liu2022pseudo_pndm,
  title     = {Pseudo Numerical Methods for Diffusion Models on Manifolds},
  author    = {Luping Liu and Yi Ren and Zhijie Lin and Zhou Zhao},
  year      = 2022,
  booktitle = {ICLR}
}

@article{lu2022dpm,
  title   = {Dpm-solver: A fast ode solver for diffusion probabilistic model sampling in around 10 steps},
  author  = {Lu, Cheng and Zhou, Yuhao and Bao, Fan and Chen, Jianfei and Li, Chongxuan and Zhu, Jun},
  year    = 2022,
  journal = {NeurIPS}
}

@inproceedings{nichol2021glide,
  title     = {Glide: Towards photorealistic image generation and editing with text-guided diffusion models},
  author    = {Nichol, Alex and Dhariwal, Prafulla and Ramesh, Aditya and Shyam, Pranav and Mishkin, Pamela and McGrew, Bob and Sutskever, Ilya and Chen, Mark},
  year      = 2022,
  booktitle = ICML
}

@inproceedings{nichol2021improved,
  title     = {Improved denoising diffusion probabilistic models},
  author    = {Nichol, Alexander Quinn and Dhariwal, Prafulla},
  year      = 2021,
  booktitle = ICML
}

@inproceedings{nl,
  title     = {Non-local neural networks},
  author    = {Wang, Xiaolong and Girshick, Ross and Gupta, Abhinav and He, Kaiming},
  year      = 2018,
  booktitle = CVPR
}

@inproceedings{npairs,
  title     = {Improved deep metric learning with multi-class n-pair loss objective},
  author    = {Sohn, Kihyuk},
  year      = 2016,
  booktitle = NIPS
}

@misc{obukhov2020torchfidelity,
  title  = {High-fidelity performance metrics for generative models in PyTorch},
  author = {Anton Obukhov and Maximilian Seitzer and Po-Wei Wu and Semen Zhydenko and Jonathan Kyl and Elvis Yu-Jing Lin},
  year   = 2020,
  url    = {https://github.com/toshas/torch-fidelity}
}

@inproceedings{oksuz2019imbalance,
  title     = {Imbalance Problems in Object Detection: A Review},
  author    = {Kemal Oksuz and Baris Can Cam and Sinan Kalkan and Emre Akbas},
  year      = 2019,
  booktitle = {ARXIV}
}

@inproceedings{oneata2013fisher,
  title     = {Action and event recognition with fisher vectors on a compact feature set},
  author    = {Dan Oneata and Jakob Verbeek and Cordelia Schmid},
  year      = 2013,
  booktitle = ICCV
}

@inproceedings{oquab2014learning,
  title     = {Learning and transferring mid-level image representations using convolutional neural networks},
  author    = {Oquab, Maxime and Bottou, Leon and Laptev, Ivan and Sivic, Josef},
  year      = 2014,
  booktitle = {Computer Vision and Pattern Recognition (CVPR), 2014 IEEE Conference on}
}

@inproceedings{otani2016learning,
  title     = {Learning joint representations of videos and sentences with web image search},
  author    = {Otani, Mayu and Nakashima, Yuta and Rahtu, Esa and Heikkil{\"a}, Janne and Yokoya, Naokazu},
  year      = 2016,
  booktitle = ECCV
}

@article{p2p,
  title   = {Prompt-to-prompt image editing with cross attention control},
  author  = {Hertz, Amir and Mokady, Ron and Tenenbaum, Jay and Aberman, Kfir and Pritch, Yael and Cohen-Or, Daniel},
  year    = 2022,
  journal = {arXiv}
}

@article{lhhuang2023composer,
  title     = {Composer: Creative and Controllable Image Synthesis with Composable Conditions},
  author    = {Huang, Lianghua and Chen, Di and Liu, Yu and Yujun, Shen and Zhao, Deli and Jingren, Zhou},
  year      = 2023,
  booktitle = {ARXIV}
}

@misc{zhang2023adding_controlnet,
  title     = {Adding Conditional Control to Text-to-Image Diffusion Models},
  author    = {Lvmin Zhang and Anyi Rao and Maneesh Agrawala},
  year      = 2023,
  booktitle = {ICCV}
}

@inproceedings{panteli2021sparse,
  title     = {Sparse-shot Learning with Exclusive Cross-Entropy for Extremely Many Localisations},
  author    = {Panteli, Andreas and Teuwen, Jonas and Horlings, Hugo and Gavves, Efstratios},
  year      = 2021,
  booktitle = ICCV
}

@inproceedings{papamakarios2021normalizing,
  title     = {Normalizing Flows for Probabilistic Modeling and Inference.},
  author    = {Papamakarios, George and Nalisnick, Eric T and Rezende, Danilo Jimenez and Mohamed, Shakir and Lakshminarayanan, Balaji},
  year      = 2021,
  booktitle = {JMLR}
}

@article{park2023unsupervised,
  title   = {Unsupervised Discovery of Semantic Latent Directions in Diffusion Models},
  author  = {Park, Yong-Hyun and Kwon, Mingi and Jo, Junghyo and Uh, Youngjung},
  year    = 2023,
  journal = {arXiv}
}

@inproceedings{parmar2021cleanfid,
  title     = {On Aliased Resizing and Surprising Subtleties in GAN Evaluation},
  author    = {Parmar, Gaurav and Zhang, Richard and Zhu, Jun-Yan},
  year      = 2022,
  booktitle = CVPR
}

@inproceedings{pascalvoc,
  title     = {The Pascal Visual Object Classes ({VOC}) Challenge},
  author    = {Everingham, Mark and Van Gool, Luc and Williams, Christopher K. I. and Winn, John and Zisserman, Andrew},
  year      = 2010,
  booktitle = IJCV
}

@inproceedings{pass_yuki,
  title     = {Pass: An imagenet replacement for self-supervised pretraining without humans},
  author    = {Asano, Yuki M and Rupprecht, Christian and Zisserman, Andrew and Vedaldi, Andrea},
  year      = 2021,
  booktitle = {NIPS}
}

@inproceedings{pathnet,
  title     = {Pathnet: Evolution channels gradient descent in super neural networks},
  author    = {Fernando, Chrisantha and Banarse, Dylan and Blundell, Charles and Zwols, Yori and Ha, David and Rusu, Andrei A and Pritzel, Alexander and Wierstra, Daan},
  year      = 2017,
  booktitle = {ARXIV preprint ARXIV:1701.08734}
}

@inproceedings{paul2018wtalc,
  title     = {W-TALC: Weakly-supervised Temporal Activity Localization and Classification},
  author    = {Sujoy Paul and Sourya Roy and Amit K Roy-Chowdhury},
  year      = 2018,
  booktitle = ECCV
}

@inproceedings{peephole,
  title     = {Learning Precise Timing with LSTM Recurrent Networks},
  author    = {Gers, Felix A and Schraudolph, Nicol N and Schmidhuber, J{\"u}rgen},
  year      = 2002,
  booktitle = JMLR
}

@inproceedings{petrovich2022temos,
  title   = {TEMOS: Generating diverse human motions from textual descriptions},
  author  = {Petrovich, Mathis and Black, Michael J and Varol, G{\"u}l},
  year    = 2022,
  booktitle = {ECCV}
}

@article{plappert2016kit,
  title   = {The KIT motion-language dataset},
  author  = {Plappert, Matthias and Mandery, Christian and Asfour, Tamim},
  year    = 2016,
  journal = {Big data}
}

@inproceedings{pnn,
  title     = {Progressive Neural Networks},
  author    = {Rusu, Andrei A and Rabinowitz, Neil C and Desjardins, Guillaume and Soyer, Hubert and Kirkpatrick, James and Kavukcuoglu, Koray and Pascanu, Razvan and Hadsell, Raia},
  year      = 2016,
  booktitle = NIPS
}

@inproceedings{preechakul2022diffusion_autoencoder,
  title     = {Diffusion autoencoders: Toward a meaningful and decodable representation},
  author    = {Preechakul, Konpat and Chatthee, Nattanat and Wizadwongsa, Suttisak and Suwajanakorn, Supasorn},
  year      = 2022,
  booktitle = CVPR
}

@inproceedings{prototypical,
  title     = {Prototypical networks for few-shot learning},
  author    = {Snell, Jake and Swersky, Kevin and Zemel, Richard},
  year      = 2017,
  booktitle = NIPS
}

@inproceedings{proxynca,
  title     = {No fuss distance metric learning using proxies},
  author    = {Movshovitz-Attias, Yair and Toshev, Alexander and Leung, Thomas K and Ioffe, Sergey and Singh, Saurabh},
  year      = 2017,
  booktitle = ICCV
}

@inproceedings{pspnet,
  title     = {Pyramid scene parsing network},
  author    = {Zhao, Hengshuang and Shi, Jianping and Qi, Xiaojuan and Wang, Xiaogang and Jia, Jiaya},
  year      = 2017,
  booktitle = CVPR
}

@inproceedings{purushwalkam2020demystifying,
  title     = {Demystifying contrastive self-supervised learning: Invariances, augmentations and dataset biases},
  author    = {Purushwalkam, Senthil and Gupta, Abhinav},
  year      = 2020,
  booktitle = NIPS
}

@inproceedings{pytorch,
  title     = {Automatic differentiation in pytorch},
  author    = {Paszke, Adam and Gross, Sam and Chintala, Soumith and Chanan, Gregory and Yang, Edward and DeVito, Zachary and Lin, Zeming and Desmaison, Alban and Antiga, Luca and Lerer, Adam},
  year      = 2017,
  booktitle = {ARXIV}
}

@inproceedings{qi2017pointnet,
  title     = {Pointnet: Deep learning on point sets for 3d classification and segmentation},
  author    = {Qi, Charles R and Su, Hao and Mo, Kaichun and Guibas, Leonidas J},
  year      = 2017,
  booktitle = CVPR
}

@inproceedings{qi2017pointnet++,
  title     = {Pointnet++: Deep hierarchical feature learning on point sets in a metric space},
  author    = {Qi, Charles Ruizhongtai and Yi, Li and Su, Hao and Guibas, Leonidas J},
  year      = 2017,
  booktitle = {NeurIPS}
}

@inproceedings{qiao2021detectors,
  title     = {Detectors: Detecting objects with recursive feature pyramid and switchable atrous convolution},
  author    = {Qiao, Siyuan and Chen, Liang-Chieh and Yuille, Alan},
  year      = 2021,
  booktitle = {CVPR}
}

@inproceedings{qin2017fast,
  title     = {Fast action retrieval from videos via feature disaggregation},
  author    = {Qin, Jie and Liu, Li and Yu, Mengyang and Wang, Yunhong and Shao, Ling},
  year      = 2017,
  booktitle = {CVIU}
}

@article{radford2021learning,
  title   = {Learning transferable visual models from natural language supervision},
  author  = {Radford, Alec and Kim, Jong Wook and Hallacy, Chris and Ramesh, Aditya and Goh, Gabriel and Agarwal, Sandhini and Sastry, Girish and Askell, Amanda and Mishkin, Pamela and Clark, Jack and others},
  year    = 2021,
  journal = {arXiv preprint arXiv:2103.00020}
}

@inproceedings{radford2021learning_clip,
  title     = {Learning transferable visual models from natural language supervision},
  author    = {Radford, Alec and Kim, Jong Wook and Hallacy, Chris and Ramesh, Aditya and Goh, Gabriel and Agarwal, Sandhini and Sastry, Girish and Askell, Amanda and Mishkin, Pamela and Clark, Jack and others},
  year      = 2021,
  booktitle = ICML
}

@inproceedings{rakelly2018conditional,
  title     = {Conditional Networks for Few-Shot Semantic Segmentation},
  author    = {Rakelly, Kate and Shelhamer, Evan and Darrell, Trevor and Efros, Alyosha and Levine, Sergey},
  year      = 2018,
  booktitle = ICLRW
}

@inproceedings{rakelly2018few,
  title     = {Few-shot segmentation propagation with guided networks},
  author    = {Rakelly, Kate and Shelhamer, Evan and Darrell, Trevor and Efros, Alexei A. and Levine, Sergey},
  year      = 2018,
  booktitle = {ARXIV}
}

@inproceedings{ramesh2021zero_dalle1,
  title     = {Zero-shot text-to-image generation},
  author    = {Ramesh, Aditya and Pavlov, Mikhail and Goh, Gabriel and Gray, Scott and Voss, Chelsea and Radford, Alec and Chen, Mark and Sutskever, Ilya},
  year      = 2021,
  booktitle = ICML
}

@article{ramesh2022hierarchical,
  title   = {Hierarchical text-conditional image generation with clip latents},
  author  = {Ramesh, Aditya and Dhariwal, Prafulla and Nichol, Alex and Chu, Casey and Chen, Mark},
  year    = 2022,
  journal = {arXiv preprint arXiv:2204.06125}
}

@inproceedings{ramesh2022hierarchical_dalle2,
  title     = {Hierarchical text-conditional image generation with clip latents},
  author    = {Ramesh, Aditya and Dhariwal, Prafulla and Nichol, Alex and Chu, Casey and Chen, Mark},
  year      = 2022,
  booktitle = {ARXIV}
}

@inproceedings{rannen2017encoder,
  title     = {Encoder based lifelong learning},
  author    = {Rannen Ep Triki, Amal and Aljundi, Rahaf and Blaschko, Matthew and Tuytelaars, Tinne},
  year      = 2017,
  booktitle = ICCV
}

@inproceedings{ravanbakhsh2016deep,
  title     = {Deep learning with sets and point clouds},
  author    = {Ravanbakhsh, Siamak and Schneider, Jeff and Poczos, Barnabas},
  year      = 2016,
  booktitle = {ARXIV}
}

@inproceedings{ravi2016optimization,
  title     = {Optimization as a Model for Few-Shot Learning},
  author    = {Ravi, Sachin and Larochelle, Hugo},
  year      = 2017,
  booktitle = ICLR
}

@inproceedings{razavi2019preventing,
  title     = {Preventing posterior collapse with delta-vaes},
  author    = {Razavi, Ali and Oord, A{\"a}ron van den and Poole, Ben and Vinyals, Oriol},
  year      = 2019,
  booktitle = {ARXIV preprint ARXIV:1901.03416}
}

@inproceedings{Razavian_2014_CVPR_Workshops,
  title     = {CNN Features Off-the-Shelf: An Astounding Baseline for Recognition},
  author    = {Sharif Razavian, Ali and Azizpour, Hossein and Sullivan, Josephine and Carlsson, Stefan},
  year      = 2014,
  booktitle = CVPRW
}

@inproceedings{ma20233d,
  title     = {3D Human Mesh Estimation from Virtual Markers},
  author    = {Ma, Xiaoxuan and Su, Jiajun and Wang, Chunyu and Zhu, Wentao and Wang, Yizhou},
  year      = 2023,
  booktitle = {CVPR}
}

@inproceedings{zanfir2021thundr,
  title     = {Thundr: Transformer-based 3d human reconstruction with markers},
  author    = {Zanfir, Mihai and Zanfir, Andrei and Bazavan, Eduard Gabriel and Freeman, William T and Sukthankar, Rahul and Sminchisescu, Cristian},
  year      = 2021,
  booktitle = {ICCV}
}

@inproceedings{blattmann2023align_videoldm,
  title     = {Align your latents: High-resolution video synthesis with latent diffusion models},
  author    = {Blattmann, Andreas and Rombach, Robin and Ling, Huan and Dockhorn, Tim and Kim, Seung Wook and Fidler, Sanja and Kreis, Karsten},
  year      = 2023,
  booktitle = {CVPR}
}

@inproceedings{pavlakos2019expressive,
  title     = {Expressive body capture: 3d hands, face, and body from a single image},
  author    = {Pavlakos, Georgios and Choutas, Vasileios and Ghorbani, Nima and Bolkart, Timo and Osman, Ahmed AA and Tzionas, Dimitrios and Black, Michael J},
  year      = 2019,
  booktitle = {CVPR}
}

@inproceedings{zhang2021we,
  title     = {We are more than our joints: Predicting how 3d bodies move},
  author    = {Zhang, Yan and Black, Michael J and Tang, Siyu},
  year      = 2021,
  booktitle = {CVPR}
}

@inproceedings{rcnn,
  title     = {Rich feature hierarchies for accurate object detection and semantic segmentation},
  author    = {Girshick, Ross and Donahue, Jeff and Darrell, Trevor and Malik, Jitendra},
  year      = 2014,
  booktitle = {CVPR}
}

@inproceedings{rectifiedflow_iclr23,
  title   = {Flow straight and fast: Learning to generate and transfer data with rectified flow},
  author  = {Liu, Xingchao and Gong, Chengyue and Liu, Qiang},
  year    = 2023,
  booktitle = {ICLR}
}

@inproceedings{referseg,
  title     = {Referring Image Segmentation via Recurrent Refinement Networks},
  author    = {Li, Ruiyu and Li, Kaican and Kuo, Yi-Chun and Shu, Michelle and Qi, Xiaojuan and Shen, Xiaoyong and Jia, Jiaya},
  year      = 2018,
  booktitle = CVPR
}

@inproceedings{relu,
  title     = {Rectified Linear Units Improve Restricted Boltzmann Machines},
  author    = {Nair, Vinod and Hinton, Geoffrey E},
  year      = 2010,
  booktitle = ICML
}

@inproceedings{ren2018meta,
  title     = {Meta-learning for semi-supervised few-shot classification},
  author    = {Ren, Mengye and Triantafillou, Eleni and Ravi, Sachin and Snell, Jake and Swersky, Kevin and Tenenbaum, Joshua B and Larochelle, Hugo and Zemel, Richard S},
  year      = 2018,
  booktitle = {ARXIV preprint ARXIV:1803.00676}
}

@inproceedings{ren2022balanced,
  title     = {Balanced MSE for Imbalanced Visual Regression},
  author    = {Ren, Jiawei and Zhang, Mingyuan and Yu, Cunjun and Liu, Ziwei},
  year      = 2022,
  booktitle = {CVPR}
}

@inproceedings{resnet,
  title     = {Deep Residual Learning for Image Recognition},
  author    = {He, Kaiming and Zhang, Xiangyu and Ren, Shaoqing and Sun, Jian},
  year      = 2016,
  booktitle = CVPR
}

@inproceedings{retinanet,
  title     = {Focal loss for dense object detection},
  author    = {Lin, Tsung-Yi and Goyal, Priyal and Girshick, Ross and He, Kaiming and Doll{\'a}r, Piotr},
  year      = 2018,
  booktitle = PAMI
}

@inproceedings{rezende2014stochastic,
  title     = {Stochastic backpropagation and approximate inference in deep generative models},
  author    = {Rezende, Danilo Jimenez and Mohamed, Shakir and Wierstra, Daan},
  year      = 2014,
  booktitle = ICML
}

@inproceedings{rezende2015variational,
  title     = {Variational inference with normalizing flows},
  author    = {Rezende, Danilo and Mohamed, Shakir},
  year      = 2015,
  booktitle = ICML
}

@inproceedings{rfcn,
  title     = {R-fcn: Object detection via region-based fully convolutional networks},
  author    = {Dai, Jifeng and Li, Yi and He, Kaiming and Sun, Jian},
  year      = 2016,
  booktitle = NeurIPS
}

@article{rin_jabri2022scalable,
  title   = {Scalable Adaptive Computation for Iterative Generation},
  author  = {Jabri, Allan and Fleet, David and Chen, Ting},
  year    = 2022,
  journal = {arXiv}
}

@inproceedings{ris,
  title     = {Recurrent Instance Segmentation},
  author    = {Romera-Paredes, Bernardino and Torr, Philip Hilaire Sean},
  year      = 2016,
  booktitle = ECCV
}

@inproceedings{ristin2014incremental,
  title     = {Incremental learning of NCM forests for large-scale image classification},
  author    = {Ristin, Marko and Guillaumin, Matthieu and Gall, Juergen and Van Gool, Luc},
  year      = 2014,
  booktitle = CVPR
}

@inproceedings{road,
  title     = {ROAD: Reality oriented adaptation for semantic segmentation of urban scenes},
  author    = {Chen, Yuhua and Li, Wen and Van Gool, Luc},
  year      = 2018,
  booktitle = CVPR
}

@inproceedings{robins1995catastrophic,
  title     = {Catastrophic forgetting, rehearsal and pseudorehearsal},
  author    = {Robins, Anthony},
  year      = 1995,
  booktitle = {Connection Science}
}

@inproceedings{rolfe2016discrete,
  title     = {Discrete variational autoencoders},
  author    = {Rolfe, Jason Tyler},
  year      = 2017,
  booktitle = ICLR
}

@inproceedings{rombach2022high_latentdiffusion_ldm,
  title     = {High-resolution image synthesis with latent diffusion models},
  author    = {Rombach, Robin and Blattmann, Andreas and Lorenz, Dominik and Esser, Patrick and Ommer, Bj{\"o}rn},
  year      = 2022,
  booktitle = CVPR
}

@article{rozen2021moser,
  title   = {Moser flow: Divergence-based generative modeling on manifolds},
  author  = {Rozen, Noam and Grover, Aditya and Nickel, Maximilian and Lipman, Yaron},
  year    = 2021,
  journal = {NeurIPS}
}

@inproceedings{rubner2000earth,
  title     = {The earth mover's distance as a metric for image retrieval},
  author    = {Rubner, Yossi and Tomasi, Carlo and Guibas, Leonidas J},
  year      = 2000,
  booktitle = {IJCV}
}

@article{Runge,
  title   = {{\"U}ber die numerische Aufl{\"o}sung von Differentialgleichungen},
  author  = {Runge, Carl},
  year    = 1895,
  journal = {Mathematische Annalen}
}

@inproceedings{rusu2018meta,
  title     = {Meta-learning with latent embedding optimization},
  author    = {Rusu, Andrei A and Rao, Dushyant and Sygnowski, Jakub and Vinyals, Oriol and Pascanu, Razvan and Osindero, Simon and Hadsell, Raia},
  year      = 2018,
  booktitle = {ARXIV}
}

@article{safeldm,
  title   = {Safe Latent Diffusion: Mitigating Inappropriate Degeneration in Diffusion Models},
  author  = {Schramowski, Patrick and Brack, Manuel and Deiseroth, Bj{\"o}rn and Kersting, Kristian},
  year    = 2022,
  journal = {arXiv}
}

@inproceedings{saharia2022photorealistic_imagen,
  title     = {Photorealistic Text-to-Image Diffusion Models with Deep Language Understanding},
  author    = {Saharia, Chitwan and Chan, William and Saxena, Saurabh and Li, Lala and Whang, Jay and Denton, Emily and Ghasemipour, Seyed Kamyar Seyed and Ayan, Burcu Karagol and Mahdavi, S Sara and Lopes, Rapha Gontijo and others},
  year      = 2022,
  booktitle = {NeurIPS}
}

@inproceedings{saito2017maximum,
  title     = {Maximum classifier discrepancy for unsupervised domain adaptation},
  author    = {Saito, Kuniaki and Watanabe, Kohei and Ushiku, Yoshitaka and Harada, Tatsuya},
  year      = 2017,
  booktitle = CVPR
}

@inproceedings{salimans2016improved_is_inceptionscore,
  title     = {Improved techniques for training gans},
  author    = {Salimans, Tim and Goodfellow, Ian and Zaremba, Wojciech and Cheung, Vicki and Radford, Alec and Chen, Xi},
  year      = 2016,
  booktitle = NIPS
}

@inproceedings{sawatzky2018ex,
  title     = {Ex Paucis Plura: Learning Affordance Segmentation from Very Few Examples},
  author    = {Sawatzky, Johann and Garbade, Martin and Gall, Juergen},
  year      = 2018,
  booktitle = {GCPR}
}

@inproceedings{sbd,
  title     = {Semantic Contours from Inverse Detectors},
  author    = {Hariharan, Bharath and Arbel{\'a}ez, Pablo and Bourdev, Lubomir and Maji, Subhransu and Malik, Jitendra},
  year      = 2011,
  booktitle = ICCV
}

@inproceedings{scarselli2009graph,
  title     = {The graph neural network model},
  author    = {Scarselli, Franco and Gori, Marco and Tsoi, Ah Chung and Hagenbuchner, Markus and Monfardini, Gabriele},
  year      = 2009,
  booktitle = {IEEE Transactions on Neural Networks}
}

@inproceedings{schlimmer1986case,
  title     = {A case study of incremental concept induction},
  author    = {Schlimmer, Jeffrey C and Fisher, Douglas},
  year      = 1986,
  booktitle = AAAI
}

@inproceedings{sds,
  title     = {Simultaneous Detection and Segmentation},
  author    = {Hariharan, Bharath and Arbel{\'a}ez, Pablo and Girshick, Ross and Malik, Jitendra},
  year      = 2014,
  booktitle = ECCV
}

@inproceedings{segnet,
  title     = {SegNet: A Deep Convolutional Encoder-Decoder Architecture for Image Segmentation},
  author    = {Badrinarayanan, Vijay and Kendall, Alex and Cipolla, Roberto},
  year      = 2017,
  booktitle = PAMI
}

@inproceedings{selectivesearch,
  title     = {Selective search for object recognition},
  author    = {Uijlings, Jasper RR and Van De Sande, Koen EA and Gevers, Theo and Smeulders, Arnold WM},
  year      = 2013,
  booktitle = IJCV
}

@inproceedings{senet,
  title     = {Squeeze-and-Excitation Networks},
  author    = {Hu, Jie and Shen, Li and Sun, Gang},
  year      = 2018,
  booktitle = CVPR
}

@inproceedings{Seo2011Action,
  title     = {Action recognition from one example},
  author    = {Seo, H.J., Milanfar},
  year      = 2011,
  booktitle = PAMI
}

@inproceedings{serra2018overcoming,
  title     = {Overcoming catastrophic forgetting with hard attention to the task},
  author    = {Serr{\`a}, Joan and Sur{\'\i}s, D{\'\i}dac and Miron, Marius and Karatzoglou, Alexandros},
  year      = 2018,
  booktitle = {ARXIV}
}

@inproceedings{sgd,
  title     = {Large-scale machine learning with stochastic gradient descent},
  author    = {Bottou, L{\'e}on},
  year      = 2010,
  booktitle = {COMPSTAT}
}

@inproceedings{sgdm,
  title     = {Self-Guided Diffusion Models},
  author    = {Vincent Tao Hu and David W Zhang and Yuki M. Asano and Gertjan J. Burghouts and Cees G. M. Snoek},
  year      = 2023,
  booktitle = {CVPR}
}

@inproceedings{shaban2017one,
  title     = {One-Shot Learning for Semantic Segmentation},
  author    = {Shaban, Amirreza and Bansal, Shray and Liu, Zhen and Essa, Irfan and Boots, Byron},
  year      = 2017,
  booktitle = BMVC
}

@inproceedings{shaban2019learning,
  title     = {Learning to Find Common Objects Across Image Collections},
  author    = {Shaban, Amirreza and Rahimi, Amir and Gould, Stephen and Boots, Byron and Hartley, Richard},
  year      = 2019,
  booktitle = ICCV
}

@inproceedings{shchur2018pitfalls,
  title     = {Pitfalls of graph neural network evaluation},
  author    = {Shchur, Oleksandr and Mumme, Maximilian and Bojchevski, Aleksandar and G{\"u}nnemann, Stephan},
  year      = 2018,
  booktitle = {ARXIV}
}

@inproceedings{shen2017dsod,
  title     = {Dsod: Learning deeply supervised object detectors from scratch},
  author    = {Shen, Zhiqiang and Liu, Zhuang and Li, Jianguo and Jiang, Yu-Gang and Chen, Yurong and Xue, Xiangyang},
  year      = 2017,
  booktitle = ICCV
}

@article{shen2020interfacegan,
  title   = {InterFaceGAN: Interpreting the Disentangled Face Representation Learned by GANs},
  author  = {Shen, Yujun and Yang, Ceyuan and Tang, Xiaoou and Zhou, Bolei},
  year    = 2020,
  journal = {PAMI}
}

@inproceedings{shen2020interpreting,
  title     = {Interpreting the Latent Space of GANs for Semantic Face Editing},
  author    = {Shen, Yujun and Gu, Jinjin and Tang, Xiaoou and Zhou, Bolei},
  year      = 2020,
  booktitle = {CVPR}
}

@inproceedings{shen2021efficient,
  title     = {Efficient attention: Attention with linear complexities},
  author    = {Shen, Zhuoran and Zhang, Mingyuan and Zhao, Haiyu and Yi, Shuai and Li, Hongsheng},
  year      = 2021,
  booktitle = {Proceedings of the IEEE/CVF winter conference on applications of computer vision}
}

@article{sheynin2022knn,
  title   = {Knn-diffusion: Image generation via large-scale retrieval},
  author  = {Sheynin, Shelly and Ashual, Oron and Polyak, Adam and Singer, Uriel and Gafni, Oran and Nachmani, Eliya and Taigman, Yaniv},
  year    = 2022,
  journal = {arXiv preprint arXiv:2204.02849}
}

@inproceedings{shi2017weakly,
  title     = {Weakly supervised object localization using things and stuff transfer},
  author    = {Shi, Miaojing and Caesar, Holger and Ferrari, Vittorio},
  year      = 2017,
  booktitle = ICCV
}

@inproceedings{shou2016temporal,
  title     = {Temporal action localization in untrimmed videos via multi-stage cnns},
  author    = {Shou, Zheng and Wang, Dongang and Chang, Shih-Fu},
  year      = 2016,
  booktitle = CVPR
}

@inproceedings{siamese,
  title     = {Siamese neural networks for one-shot image recognition},
  author    = {Koch, Gregory and Zemel, Richard and Salakhutdinov, Ruslan},
  year      = 2015,
  booktitle = ICMLW
}

@inproceedings{silco2019,
  title     = {SILCO: Show a Few Images, Localize the Common Object},
  author    = {Hu, Tao and Mettes, Pascal and Huang, Jia-Hong and Snoek, Cees G. M.},
  year      = 2019,
  booktitle = ICCV
}

@inproceedings{simeoni2021localizing_lost,
  title     = {Localizing objects with self-supervised transformers and no labels},
  author    = {Sim{\'e}oni, Oriane and Puy, Gilles and Vo, Huy V and Roburin, Simon and Gidaris, Spyros and Bursuc, Andrei and P{\'e}rez, Patrick and Marlet, Renaud and Ponce, Jean},
  year      = 2021,
  booktitle = BMVC
}

@inproceedings{singh2016multi,
  title     = {A multi-stream bi-directional recurrent neural network for fine-grained action detection},
  author    = {Singh, Bharat and Marks, Tim K and Jones, Michael and Tuzel, Oncel and Shao, Ming},
  year      = 2016,
  booktitle = CVPR
}

@inproceedings{sinha2021d2c,
  title     = {D2c: Diffusion-decoding models for few-shot conditional generation},
  author    = {Sinha, Abhishek and Song, Jiaming and Meng, Chenlin and Ermon, Stefano},
  year      = 2021,
  booktitle = NIPS
}

@inproceedings{snoek2009concept,
  title     = {Concept-based video retrieval},
  author    = {Snoek, Cees G. M. and Worring, Marcel},
  year      = 2009,
  booktitle = {Foundations and Trends in Information Retrieval}
}

@inproceedings{sohl2015deep,
  title     = {Deep unsupervised learning using nonequilibrium thermodynamics},
  author    = {Sohl-Dickstein, Jascha and Weiss, Eric and Maheswaranathan, Niru and Ganguli, Surya},
  year      = 2015,
  booktitle = ICML
}

@inproceedings{solomon2015convolutional,
  title     = {Convolutional wasserstein distances: Efficient optimal transportation on geometric domains},
  author    = {Solomon, Justin and De Goes, Fernando and Peyr{\'e}, Gabriel and Cuturi, Marco and Butscher, Adrian and Nguyen, Andy and Du, Tao and Guibas, Leonidas},
  year      = 2015,
  booktitle = {TOG}
}

@inproceedings{song2018self,
  title     = {Self-supervised video hashing with hierarchical binary auto-encoder},
  author    = {Song, Jingkuan and Zhang, Hanwang and Li, Xiangpeng and Gao, Lianli and Wang, Meng and Hong, Richang},
  year      = 2018,
  booktitle = {TIP}
}

@inproceedings{song2020denoising_ddim,
  title     = {Denoising diffusion implicit models},
  author    = {Song, Jiaming and Meng, Chenlin and Ermon, Stefano},
  year      = 2021,
  booktitle = ICLR
}

@inproceedings{villegas2022phenaki,
  title={Phenaki: Variable length video generation from open domain textual descriptions},
  author={Villegas, Ruben and Babaeizadeh, Mohammad and Kindermans, Pieter-Jan and Moraldo, Hernan and Zhang, Han and Saffar, Mohammad Taghi and Castro, Santiago and Kunze, Julius and Erhan, Dumitru},
  booktitle={International Conference on Learning Representations},
  year={2022}
}

@article{xie2024showo,
  title={Show-o: One Single Transformer to Unify Multimodal Understanding and Generation},
  author={Xie, Jinheng and Mao, Weijia and Bai, Zechen and Zhang, David Junhao and Wang, Weihao and Lin, Kevin Qinghong and Gu, Yuchao and Chen, Zhijie and Yang, Zhenheng and Shou, Mike Zheng},
  journal={arXiv preprint arXiv:2408.12528},
  year={2024}
}

@article{besnier2023pytorch_maskgit_acostain,
  title={A Pytorch Reproduction of Masked Generative Image Transformer},
  author={Besnier, Victor and Chen, Mickael},
  journal={arXiv preprint arXiv:2310.14400},
  year={2023}
}
@article{van2017neural_vqvae,
  title={Neural discrete representation learning},
  author={Van Den Oord, Aaron and Vinyals, Oriol and others},
  journal={Advances in neural information processing systems},
  volume={30},
  year={2017}
}

@article{zheng2024masked,
  title={Masked Diffusion Models are Secretly Time-Agnostic Masked Models and Exploit Inaccurate Categorical Sampling},
  author={Zheng, Kaiwen and Chen, Yongxin and Mao, Hanzi and Liu, Ming-Yu and Zhu, Jun and Zhang, Qinsheng},
  journal={arXiv preprint arXiv:2409.02908},
  year={2024}
}

@article{sahoo2024simple,
  title={Simple and Effective Masked Diffusion Language Models},
  author={Sahoo, Subham Sekhar and Arriola, Marianne and Schiff, Yair and Gokaslan, Aaron and Marroquin, Edgar and Chiu, Justin T and Rush, Alexander and Kuleshov, Volodymyr},
  journal={arXiv preprint arXiv:2406.07524},
  year={2024}
}

@article{Chang2023MuseTG,
  title={Muse: Text-to-image generation via masked generative transformers},
  author={Chang, Huiwen and Zhang, Han and Barber, Jarred and Maschinot, AJ and Lezama, Jose and Jiang, Lu and Yang, Ming-Hsuan and Murphy, Kevin and Freeman, William T and Rubinstein, Michael and others},
  journal={arXiv},
  year={2023}
}

@article{song2021maximum,
  title   = {Maximum likelihood training of score-based diffusion models},
  author  = {Song, Yang and Durkan, Conor and Murray, Iain and Ermon, Stefano},
  year    = 2021,
  journal = {NeurIPS}
}
@article{song2019generative,
  title={Generative modeling by estimating gradients of the data distribution},
  author={Song, Yang and Ermon, Stefano},
  journal={Advances in neural information processing systems},
  volume={32},
  year={2019}
}

@inproceedings{song2021scorebased_sde,
  title     = {Score-Based Generative Modeling through Stochastic Differential Equations},
  author    = {Yang Song and Jascha Sohl-Dickstein and Diederik P Kingma and Abhishek Kumar and Stefano Ermon and Ben Poole},
  year      = 2021,
  booktitle = ICLR
}

@inproceedings{song2021solving,
  title     = {Solving inverse problems in medical imaging with score-based generative models},
  author    = {Song, Yang and Shen, Liyue and Xing, Lei and Ermon, Stefano},
  year      = 2022,
  booktitle = ICLR
}

@article{song2023latent,
  title   = {Latent Traversals in Generative Models as Potential Flows},
  author  = {Song, Yue and Keller, Andy and Sebe, Nicu and Welling, Max},
  year    = 2023,
  journal = {ICML}
}

@inproceedings{soomro2017unsupervised,
  title     = {Unsupervised action discovery and localization in videos},
  author    = {Soomro, Khurram and Shah, Mubarak},
  year      = 2017,
  booktitle = ICCV
}

@inproceedings{sppnet,
  title     = {Spatial pyramid pooling in deep convolutional networks for visual recognition},
  author    = {He, Kaiming and Zhang, Xiangyu and Ren, Shaoqing and Sun, Jian},
  year      = 2014,
  booktitle = ECCV
}

@inproceedings{srivastava2014dropout,
  title     = {Dropout: A simple way to prevent neural networks from overfitting},
  author    = {Srivastava, Nitish and Hinton, Geoffrey and Krizhevsky, Alex and Sutskever, Ilya and Salakhutdinov, Ruslan},
  year      = 2014,
  booktitle = JMLR
}

@inproceedings{srivastava2017veegan,
  title     = {Veegan: Reducing mode collapse in gans using implicit variational learning},
  author    = {Srivastava, Akash and Valkov, Lazar and Russell, Chris and Gutmann, Michael U and Sutton, Charles},
  year      = 2017,
  booktitle = NIPS
}

@inproceedings{ssd,
  title     = {{SSD}: Single shot multibox detector},
  author    = {Liu, Wei and Anguelov, Dragomir and Erhan, Dumitru and Szegedy, Christian and Reed, Scott and Fu, Cheng-Yang and Berg, Alexander C.},
  year      = 2016,
  booktitle = ECCV
}

@inproceedings{sukhbaatar2016learning,
  title     = {Learning multiagent communication with backpropagation},
  author    = {Sukhbaatar, Sainbayar and Fergus, Rob and others},
  year      = 2016,
  booktitle = NIPS
}

@inproceedings{sultani2018real,
  title     = {Real-world anomaly detection in surveillance videos},
  author    = {Sultani, Waqas and Chen, Chen and Shah, Mubarak},
  year      = 2018,
  booktitle = {CVPR}
}

@inproceedings{sung2018learning,
  title     = {Learning to compare: Relation network for few-shot learning},
  author    = {Sung, Flood and Yang, Yongxin and Zhang, Li and Xiang, Tao and Torr, Philip HS and Hospedales, Timothy M},
  year      = 2018,
  booktitle = {CVPR}
}

@inproceedings{suzuki2017overview,
  title     = {Overview of deep learning in medical imaging},
  author    = {Suzuki, Kenji},
  year      = 2017,
  booktitle = {Radiological Physics and Technology}
}

@inproceedings{szegedy2015going,
  title     = {Going Deeper with Convolutions},
  author    = {Szegedy, Christian and Liu, Wei and Jia, Yangqing and Sermanet, Pierre and Reed, Scott and Anguelov, Dragomir and Erhan, Dumitru and Vanhoucke, Vincent and Rabinovich, Andrew and others},
  year      = 2015,
  booktitle = CVPR
}

@inproceedings{szegedy2016rethinking_inceptionv3,
  title     = {Rethinking the inception architecture for computer vision},
  author    = {Szegedy, Christian and Vanhoucke, Vincent and Ioffe, Sergey and Shlens, Jon and Wojna, Zbigniew},
  year      = 2016,
  booktitle = CVPR
}

@article{t5_raffel2020exploring,
  title   = {Exploring the limits of transfer learning with a unified text-to-text transformer},
  author  = {Raffel, Colin and Shazeer, Noam and Roberts, Adam and Lee, Katherine and Narang, Sharan and Matena, Michael and Zhou, Yanqi and Li, Wei and Liu, Peter J},
  year    = 2020,
  journal = {JMLR}
}

@inproceedings{tang2016large,
  title     = {Large scale semi-supervised object detection using visual and semantic knowledge transfer},
  author    = {Tang, Yuxing and Wang, Josiah and Gao, Boyang and Dellandr{\'e}a, Emmanuel and Gaizauskas, Robert and Chen, Liming},
  year      = 2016,
  booktitle = {Proceedings of the IEEE Conference on Computer Vision and Pattern Recognition}
}

@inproceedings{tang2017multiple,
  title     = {Multiple instance detection network with online instance classifier refinement},
  author    = {Tang, Peng and Wang, Xinggang and Bai, Xiang and Liu, Wenyu},
  year      = 2017,
  booktitle = CVPR
}

@inproceedings{tang2018regularized,
  title     = {On regularized losses for weakly-supervised cnn segmentation},
  author    = {Tang, Meng and Perazzi, Federico and Djelouah, Abdelaziz and Ben Ayed, Ismail and Schroers, Christopher and Boykov, Yuri},
  year      = 2018,
  booktitle = ECCV
}

@inproceedings{tang2018weakly,
  title     = {Weakly supervised region proposal network and object detection},
  author    = {Tang, Peng and Wang, Xinggang and Wang, Angtian and Yan, Yongluan and Liu, Wenyu and Huang, Junzhou and Yuille, Alan},
  year      = 2018,
  booktitle = ECCV
}

@inproceedings{tao2018fss,
  title        = {Attention-based Multi-Context Guiding for Few-Shot Semantic Segmentation},
  author       = {Tao Hu and Pengwan Yang and Chiliang Zhang and Gang Yu and Yadong Mu and Cees G. M. Snoek},
  year         = 2019,
  booktitle    = AAAI,
  howpublished = {\url{http://taohu.me/note/few-shot-seg.pdf}}
}

@inproceedings{tao2018shk,
  title     = {Sobel Heuristic Kernel for aerial semantic segmentation},
  author    = {Tao Hu and Yao Wang and Peng Lu and Heng Wang},
  year      = 2018,
  booktitle = {ICIP}
}

@misc{tensorpack,
  title        = {Tensorpack},
  author       = {Wu, Yuxin and others},
  year         = 2016,
  howpublished = {\url{https://github.com/tensorpack/}}
}

@inproceedings{tevet2022human_mdm,
  title     = {Human Motion Diffusion Model},
  author    = {Guy Tevet and Sigal Raab and Brian Gordon and Yoni Shafir and Daniel Cohen-or and Amit Haim Bermano},
  booktitle = {ICLR},
  year      = {2023}
}

@article{tevet2022motionclip,
  title   = {MotionCLIP: Exposing Human Motion Generation to CLIP Space},
  author  = {Tevet, Guy and Gordon, Brian and Hertz, Amir and Bermano, Amit H and Cohen-Or, Daniel},
  year    = 2022,
  journal = {arXiv preprint arXiv:2203.08063}
}

@inproceedings{thomas2019kpconv,
  title     = {Kpconv: Flexible and deformable convolution for point clouds},
  author    = {Thomas, Hugues and Qi, Charles R and Deschaud, Jean-Emmanuel and Marcotegui, Beatriz and Goulette, Fran{\c{c}}ois and Guibas, Leonidas J},
  year      = 2019,
  booktitle = {ICCV}
}

@inproceedings{thrun1996learning,
  title     = {Is learning the n-th thing any easier than learning the first?},
  author    = {Thrun, Sebastian},
  year      = 1996,
  booktitle = NIPS
}

@inproceedings{tian2020contrastive,
  title     = {Contrastive multiview coding},
  author    = {Tian et al.},
  year      = 2020,
  booktitle = {ECCV}
}

@inproceedings{toering2022self,
  title     = {Self-supervised video representation learning with cross-stream prototypical contrasting},
  author    = {Toering, Martine and Gatopoulos, Ioannis and Stol, Maarten and Hu, Vincent Tao},
  year      = 2022,
  booktitle = {WACV}
}

@inproceedings{tokozume2018between,
  title     = {Between-class learning for image classification},
  author    = {Tokozume, Yuji and Ushiku, Yoshitaka and Harada, Tatsuya},
  year      = 2018,
  booktitle = {CVPR}
}

@inproceedings{torabi2016learning,
  title     = {Learning language-visual embedding for movie understanding with natural-language},
  author    = {Torabi, Atousa and Tandon, Niket and Sigal, Leonid},
  year      = 2016,
  booktitle = {ARXIV}
}

@inproceedings{torralba2011unbiased,
  title     = {Unbiased look at dataset bias},
  author    = {Torralba, Antonio and Efros, Alexei A},
  year      = 2011,
  booktitle = {Computer Vision and Pattern Recognition (CVPR), 2011 IEEE Conference on}
}

@inproceedings{tran2015learning,
  title     = {Learning spatiotemporal features with 3d convolutional networks},
  author    = {Tran, Du and Bourdev, Lubomir and Fergus, Rob and Torresani, Lorenzo and Paluri, Manohar},
  year      = 2015,
  booktitle = ICCV
}

@inproceedings{transformer,
  title     = {Attention is all you need},
  author    = {Vaswani, Ashish and Shazeer, Noam and Parmar, Niki and Uszkoreit, Jakob and Jones, Llion and Gomez, Aidan N. and Kaiser, {\L}ukasz and Polosukhin, Illia},
  year      = 2017,
  booktitle = NIPS
}

@inproceedings{triplenet,
  title     = {Deep metric learning using triplet network},
  author    = {Hoffer, Elad and Ailon, Nir},
  year      = 2015,
  booktitle = {IWPR}
}

@inproceedings{tsai2018learning,
  title     = {Learning to adapt structured output space for semantic segmentation},
  author    = {Tsai, Yi-Hsuan and Hung, Wei-Chih and Schulter, Samuel and Sohn, Kihyuk and Yang, Ming-Hsuan and Chandraker, Manmohan},
  year      = 2017,
  booktitle = CVPR
}

@inproceedings{tulyakov2018mocogan,
  title     = {Mocogan: Decomposing motion and content for video generation},
  author    = {Tulyakov, Sergey and Liu, Ming-Yu and Yang, Xiaodong and Kautz, Jan},
  year      = 2018,
  booktitle = {CVPR}
}

@inproceedings{tzeng2015simultaneous,
  title     = {Simultaneous deep transfer across domains and tasks},
  author    = {Tzeng, Eric and Hoffman, Judy and Darrell, Trevor and Saenko, Kate},
  year      = 2015,
  booktitle = ICCV
}

@inproceedings{unet,
  title     = {U-net: Convolutional networks for biomedical image segmentation},
  author    = {Ronneberger, Olaf and Fischer, Philipp and Brox, Thomas},
  year      = 2015,
  booktitle = MICCAI
}

@article{universalguidance,
  title   = {Universal Guidance for Diffusion Models},
  author  = {Bansal, Arpit and Chu, Hong-Min and Schwarzschild, Avi and Sengupta, Soumyadip and Goldblum, Micah and Geiping, Jonas and Goldstein, Tom},
  year    = 2023,
  journal = {arXiv}
}

@article{uvit,
  title   = {All are Worth Words: a ViT Backbone for Score-based Diffusion Models},
  author  = {Bao, Fan and Li, Chongxuan and Cao, Yue and Zhu, Jun},
  year    = 2023,
  journal = CVPR
}

@inproceedings{uy2019scanobjnn,
  title     = {Revisiting point cloud classification: A new benchmark dataset and classification model on real-world data},
  author    = {Uy, Mikaela Angelina and Pham, Quang-Hieu and Hua, Binh-Son and Nguyen, Thanh and Yeung, Sai-Kit},
  year      = 2019,
  booktitle = {ICCV}
}

@inproceedings{van2021revisiting,
  title     = {Revisiting contrastive methods for unsupervised learning of visual representations},
  author    = {Van Gansbeke, Wouter and Vandenhende, Simon and Georgoulis, Stamatios and Gool, Luc V},
  year      = 2021,
  booktitle = NIPS
}

@article{vaswani2017attention,
  title   = {Attention is all you need},
  author  = {Vaswani, Ashish and Shazeer, Noam and Parmar, Niki and Uszkoreit, Jakob and Jones, Llion and Gomez, Aidan N and Kaiser, {\L}ukasz and Polosukhin, Illia},
  year    = 2017,
  journal = {NeurIPS}
}

@inproceedings{vgg,
  title     = {Very Deep Convolutional Networks for Large-Scale Image Recognition},
  author    = {Karen Simonyan and Andrew Zisserman},
  year      = 2014,
  booktitle = {NeurIPS}
}

@inproceedings{vincent2008extracting,
  title     = {Extracting and composing robust features with denoising autoencoders},
  author    = {Vincent, Pascal and Larochelle, Hugo and Bengio, Yoshua and Manzagol, Pierre-Antoine},
  year      = 2008,
  booktitle = ICML
}

@inproceedings{vincent2011connection,
  title     = {A connection between score matching and denoising autoencoders},
  author    = {Vincent, Pascal},
  year      = 2011,
  booktitle = {Neural computation}
}

@inproceedings{visin2016reseg,
  title     = {Reseg: A recurrent neural network-based model for semantic segmentation},
  author    = {Visin, Francesco and Romero, Adriana and Cho, Kyunghyun and Matteucci, Matteo and Ciccone, Marco and Kastner, Kyle and Bengio, Yoshua and Courville, Aaron},
  year      = 2016,
  booktitle = CVPRW
}

@inproceedings{vo2020toward,
  title     = {Toward unsupervised, multi-object discovery in large-scale image collections},
  author    = {Vo, Huy V and P{\'e}rez, Patrick and Ponce, Jean},
  year      = 2020,
  booktitle = ECCV
}

@inproceedings{vo2021large,
  title     = {Large-scale unsupervised object discovery},
  author    = {Vo, Van Huy and Sizikova, Elena and Schmid, Cordelia and P{\'e}rez, Patrick and Ponce, Jean},
  year      = 2021,
  booktitle = NIPS
}

@inproceedings{wang2014action,
  title     = {Action recognition and detection by combining motion and appearance features},
  author    = {Wang, Limin and Qiao, Yu and Tang, Xiaoou},
  year      = 2014,
  booktitle = {THUMOS14 Action Recognition Challenge}
}

@inproceedings{wang2014weakly,
  title     = {Weakly supervised object localization with latent category learning},
  author    = {Wang, Chong and Ren, Weiqiang and Huang, Kaiqi and Tan, Tieniu},
  year      = 2014,
  booktitle = ECCV
}

@inproceedings{wang2015relaxed,
  title     = {Relaxed multiple-instance SVM with application to object discovery},
  author    = {Wang, Xinggang and Zhu, Zhuotun and Yao, Cong and Bai, Xiang},
  year      = 2015,
  booktitle = ICCV
}

@inproceedings{wang2017residual,
  title     = {Residual Attention Network for Image Classification},
  author    = {Wang, Fei and Jiang, Mengqing and Qian, Chen and Yang, Shuo and Li, Cheng and Zhang, Honggang and Wang, Xiaogang and Tang, Xiaoou},
  year      = 2017,
  booktitle = CVPR
}

@inproceedings{wang2017understanding,
  title     = {Understanding convolution for semantic segmentation},
  author    = {Wang, Panqu and Chen, Pengfei and Yuan, Ye and Liu, Ding and Huang, Zehua and Hou, Xiaodi and Cottrell, Garrison},
  year      = 2018,
  booktitle = WACV
}

@inproceedings{wang2017untrimmed,
  title     = {Untrimmednets for weakly supervised action recognition and detection},
  author    = {Limin Wang and Yuanjun Xiong and Dahua Lin and Luc Van Gool},
  year      = 2017,
  booktitle = CVPR
}

@inproceedings{wang2020devil,
  title     = {The devil is in classification: A simple framework for long-tail instance segmentation},
  author    = {Wang, Tao and Li, Yu and Kang, Bingyi and Li, Junnan and Liew, Junhao and Tang, Sheng and Hoi, Steven and Feng, Jiashi},
  year      = 2020,
  booktitle = {ECCV}
}

@inproceedings{wang2020sampling,
  title     = {Rethinking Sampling in 3D Point Cloud Generative Adversarial Networks},
  author    = {Wang, He and Jiang, Zetian and Yi, Li and Mo, Kaichun and Su, Hao and Guibas, Leonidas J},
  year      = 2020,
  booktitle = {ARXIV preprint ARXIV:2006.07029}
}

@inproceedings{wang2022multi,
  title     = {Multi-query video retrieval},
  author    = {Wang, Zeyu and Wu, Yu and Narasimhan, Karthik and Russakovsky, Olga},
  year      = 2022,
  booktitle = {ECCV}
}

@inproceedings{wang2022semantic,
  title     = {Semantic image synthesis via diffusion models},
  author    = {Wang, Weilun and Bao, Jianmin and Zhou, Wengang and Chen, Dongdong and Chen, Dong and Yuan, Lu and Li, Houqiang},
  year      = 2022,
  booktitle = {ARXIV}
}

@inproceedings{wang2022tokencut,
  title     = {TokenCut: Segmenting Objects in Images and Videos with Self-supervised Transformer and Normalized Cut},
  author    = {Wang, Yangtao and Shen, Xi and Yuan, Yuan and Du, Yuming and Li, Maomao and Hu, Shell Xu and Crowley, James L and Vaufreydaz, Dominique},
  year      = 2022,
  booktitle = CVPR
}

@book{wanner1996solving,
  title  = {Solving ordinary differential equations II},
  author = {Wanner, Gerhard and Hairer, Ernst},
  year   = 1996
}

@inproceedings{weinzaepfel2015learning,
  title     = {Learning to track for spatio-temporal action localization},
  author    = {Weinzaepfel, Philippe and Harchaoui, Zaid and Schmid, Cordelia},
  year      = 2015,
  booktitle = ICCV
}

@inproceedings{wirth2019pointatme,
  title     = {Pointatme: efficient 3d point cloud labeling in virtual reality},
  author    = {Wirth, Florian and Quehl, Jannik and Ota, Jeffrey and Stiller, Christoph},
  year      = 2019,
  booktitle = {IEEE Intelligent Vehicles Symposium}
}

@inproceedings{word2vec,
  title     = {Distributed representations of words and phrases and their compositionality},
  author    = {Mikolov, Tomas and Sutskever, Ilya and Chen, Kai and Corrado, Greg S and Dean, Jeff},
  year      = 2013,
  booktitle = NIPS
}

@inproceedings{wu2019long,
  title     = {Long-term feature banks for detailed video understanding},
  author    = {Wu, Chao-Yuan and Feichtenhofer, Christoph and Fan, Haoqi and He, Kaiming and Krahenbuhl, Philipp and Girshick, Ross},
  year      = 2019,
  booktitle = CVPR
}

@inproceedings{wu2019pointconv,
  title     = {Pointconv: Deep convolutional networks on 3d point clouds},
  author    = {Wu, Wenxuan and Qi, Zhongang and Fuxin, Li},
  year      = 2019,
  booktitle = {CVPR}
}

@article{wu2022fast,
  title   = {Fast Point Cloud Generation with Straight Flows},
  author  = {Wu, Lemeng and Wang, Dilin and Gong, Chengyue and Liu, Xingchao and Xiong, Yunyang and Ranjan, Rakesh and Krishnamoorthi, Raghuraman and Chandra, Vikas and Liu, Qiang},
  year    = 2022,
  journal = {arXiv}
}

@inproceedings{xian2017zero,
  title     = {Zero-shot learning-the good, the bad and the ugly},
  author    = {Xian, Yongqin and Schiele, Bernt and Akata, Zeynep},
  year      = 2017,
  booktitle = CVPR
}

@inproceedings{xian2019f,
  title     = {{f-VAEGAN-D2}: A feature generating framework for any-shot learning},
  author    = {Xian, Yongqin and Sharma, Saurabh and Schiele, Bernt and Akata, Zeynep},
  year      = 2019,
  booktitle = CVPR
}

@inproceedings{xian2019semantic,
  title     = {Semantic Projection Network for Zero-and Few-Label Semantic Segmentation},
  author    = {Xian, Yongqin and Choudhury, Subhabrata and He, Yang and Schiele, Bernt and Akata, Zeynep},
  year      = 2019,
  booktitle = CVPR
}

@inproceedings{xiao2021boundary,
  title     = {Boundary proposal network for two-stage natural language video localization},
  author    = {Xiao, Shaoning and Chen, Long and Zhang, Songyang and Ji, Wei and Shao, Jian and Ye, Lu and Xiao, Jun},
  year      = 2021,
  booktitle = {AAAI}
}

@inproceedings{xie2015holistically,
  title     = {Holistically-nested edge detection},
  author    = {Xie, Saining and Tu, Zhuowen},
  year      = 2015,
  booktitle = {Proceedings of the IEEE international conference on computer vision}
}

@inproceedings{xie2018attentional,
  title     = {Attentional shapecontextnet for point cloud recognition},
  author    = {Xie, Saining and Liu, Sainan and Chen, Zeyu and Tu, Zhuowen},
  year      = 2018,
  booktitle = {CVPR}
}

@inproceedings{xie2020polarmask,
  title     = {Polarmask: Single shot instance segmentation with polar representation},
  author    = {Xie, Enze and Sun, Peize and Song, Xiaoge and Wang, Wenhai and Liu, Xuebo and Liang, Ding and Shen, Chunhua and Luo, Ping},
  year      = 2020,
  booktitle = {CVPR}
}

@inproceedings{xiong2012coaction,
  title     = {Coaction discovery: segmentation of common actions across multiple videos},
  author    = {Xiong, Caiming and Corso, Jason J},
  year      = 2012,
  booktitle = {Proceedings of the Twelfth International Workshop on Multimedia Data Mining}
}

@inproceedings{xu2015empirical,
  title     = {Empirical evaluation of rectified activations in convolutional network},
  author    = {Xu, Bing and Wang, Naiyan and Chen, Tianqi and Li, Mu},
  year      = 2015,
  booktitle = {ARXIV}
}

@inproceedings{xu2017r,
  title     = {R-c3d: Region convolutional 3d network for temporal activity detection},
  author    = {Xu, Huijuan and Das, Abir and Saenko, Kate},
  year      = 2017,
  booktitle = ICCV
}

@inproceedings{xu2018similarity,
  title     = {Similarity R-C3D for Few-shot Temporal Activity Detection},
  author    = {Xu, Huijuan and Kang, Bingyi and Sun, Ximeng and Feng, Jiashi and Saenko, Kate and Darrell, Trevor},
  year      = 2018,
  booktitle = {ARXIV}
}

@inproceedings{xu2018spidercnn,
  title     = {Spidercnn: Deep learning on point sets with parameterized convolutional filters},
  author    = {Xu, Yifan and Fan, Tianqi and Xu, Mingye and Zeng, Long and Qiao, Yu},
  year      = 2018,
  booktitle = {ECCV}
}

@inproceedings{xu2019multilevel,
  title     = {Multilevel language and vision integration for text-to-clip retrieval},
  author    = {Xu, Huijuan and He, Kun and Plummer, Bryan A and Sigal, Leonid and Sclaroff, Stan and Saenko, Kate},
  year      = 2019,
  booktitle = AAAI
}

@article{xu2023open,
  title   = {Open-Vocabulary Panoptic Segmentation with Text-to-Image Diffusion Models},
  author  = {Xu, Jiarui and Liu, Sifei and Vahdat, Arash and Byeon, Wonmin and Wang, Xiaolong and De Mello, Shalini},
  year    = 2023,
  journal = {arXiv}
}

@inproceedings{yang2017common,
  title     = {Common action discovery and localization in unconstrained videos},
  author    = {Yang, Jiong and Yuan, Junsong},
  year      = 2017,
  booktitle = ICCV
}

@inproceedings{yang2018foldingnet,
  title     = {Foldingnet: Point cloud auto-encoder via deep grid deformation},
  author    = {Yang, Yaoqing and Feng, Chen and Shen, Yiru and Tian, Dong},
  year      = 2018,
  booktitle = {CVPR}
}

@inproceedings{yang2018learning,
  title     = {Learning to compare: Relation network for few-shot learning},
  author    = {Yang, Flood Sung Yongxin and Zhang, Li and Xiang, Tao and Torr, Philip H. S. and Hospedales, Timothy M.},
  year      = 2018,
  booktitle = CVPR
}

@inproceedings{yang2018one,
  title     = {One-shot action localization by learning sequence matching network},
  author    = {Yang, Hongtao and He, Xuming and Porikli, Fatih},
  year      = 2018,
  booktitle = CVPR
}

@inproceedings{yang2022diffusion,
  title     = {Diffusion probabilistic modeling for video generation},
  author    = {Yang, Ruihan and Srivastava, Prakhar and Mandt, Stephan},
  year      = 2022,
  booktitle = {ARXIV}
}

@inproceedings{yang2022tubedetr,
  title     = {Tubedetr: Spatio-temporal video grounding with transformers},
  author    = {Yang, Antoine and Miech, Antoine and Sivic, Josef and Laptev, Ivan and Schmid, Cordelia},
  year      = 2022,
  booktitle = {CVPR}
}

@article{yang2022your,
  title   = {Your vit is secretly a hybrid discriminative-generative diffusion model},
  author  = {Yang, Xiulong and Shih, Sheng-Min and Fu, Yinlin and Zhao, Xiaoting and Ji, Shihao},
  year    = 2022,
  journal = {arXiv}
}

@inproceedings{yeung2016end,
  title     = {End-to-end learning of action detection from frame glimpses in videos},
  author    = {Yeung, Serena and Russakovsky, Olga and Mori, Greg and Fei-Fei, Li},
  year      = 2016,
  booktitle = CVPR
}

@inproceedings{yolo,
  title     = {You only look once: Unified, real-time object detection},
  author    = {Redmon, Joseph and Divvala, Santosh and Girshick, Ross and Farhadi, Ali},
  year      = 2016,
  booktitle = CVPR
}

@inproceedings{yolo9000,
  title     = {YOLO9000: better, faster, stronger},
  author    = {Redmon, Joseph and Farhadi, Ali},
  year      = 2017,
  booktitle = {ARXIV preprint}
}

@inproceedings{yoon2022selective,
  title     = {Selective Query-Guided Debiasing for Video Corpus Moment Retrieval},
  author    = {Yoon, Sunjae and Hong, Ji Woo and Yoon, Eunseop and Kim, Dahyun and Kim, Junyeong and Yoon, Hee Suk and Yoo, Chang D},
  year      = 2022,
  booktitle = {ECCV}
}

@inproceedings{yosinski2014transferable,
  title     = {How transferable are features in deep neural networks?},
  author    = {Yosinski, Jason and Clune, Jeff and Bengio, Yoshua and Lipson, Hod},
  year      = 2014,
  booktitle = NIPS
}

@inproceedings{yu15lsun,
  title     = {LSUN: Construction of a Large-scale Image Dataset using Deep Learning with Humans in the Loop},
  author    = {Yu, Fisher and Zhang, Yinda and Song, Shuran and Seff, Ari and Xiao, Jianxiong},
  year      = 2015,
  booktitle = {ARXIV}
}

@inproceedings{yu2015fast,
  title     = {Fast action proposals for human action detection and search},
  author    = {Yu, Gang and Yuan, Junsong},
  year      = 2015,
  booktitle = CVPR
}

@inproceedings{yu2015multi,
  title     = {Multi-Scale Context Aggregation by Dilated Convolutions},
  author    = {Yu, Fisher and Koltun, Vladlen},
  year      = 2016,
  booktitle = ICLR
}

@inproceedings{yu2020inclusive,
  title     = {Inclusive gan: Improving data and minority coverage in generative models},
  author    = {Yu, Ning and Li, Ke and Zhou, Peng and Malik, Jitendra and Davis, Larry and Fritz, Mario},
  year      = 2020,
  booktitle = ECCV
}

@inproceedings{yun2019cutmix,
  title     = {Cutmix: Regularization strategy to train strong classifiers with localizable features},
  author    = {Yun, Sangdoo and Han, Dongyoon and Oh, Seong Joon and Chun, Sanghyuk and Choe, Junsuk and Yoo, Youngjoon},
  year      = 2019,
  booktitle = {ICCV}
}

@inproceedings{zagoruyko2016wide,
  title     = {Wide residual networks},
  author    = {Zagoruyko, Sergey and Komodakis, Nikos},
  year      = 2016,
  booktitle = {ARXIV preprint ARXIV:1605.07146}
}

@inproceedings{zaheer2017deep,
  title     = {Deep sets},
  author    = {Zaheer, Manzil and Kottur, Satwik and Ravanbakhsh, Siamak and Poczos, Barnabas and Salakhutdinov, Russ R and Smola, Alexander J},
  year      = 2017,
  booktitle = {NeurIPS}
}

@inproceedings{zhang2017split,
  title     = {Split-brain autoencoders: Unsupervised learning by cross-channel prediction},
  author    = {Zhang, Richard and Isola, Phillip and Efros, Alexei A},
  year      = 2017,
  booktitle = CVPR
}

@inproceedings{zhang2018unreasonable_lpips,
  title     = {The unreasonable effectiveness of deep features as a perceptual metric},
  author    = {Zhang, Richard and Isola, Phillip and Efros, Alexei A and Shechtman, Eli and Wang, Oliver},
  year      = 2018,
  booktitle = {CVPR}
}

@inproceedings{zhang2019accelerating,
  title     = {Accelerating Convolutional Neural Networks with Dynamic Channel Pruning.},
  author    = {Zhang, Chiliang and Hu, Tao and Guan, Yingda and Ye, Zuochang},
  year      = 2019,
  booktitle = {DCC}
}

@inproceedings{zhang2019bag,
  title     = {Bag of freebies for training object detection neural networks},
  author    = {Zhang, Zhi and He, Tong and Zhang, Hang and Zhang, Zhongyuan and Xie, Junyuan and Li, Mu},
  year      = 2019,
  booktitle = {CoRR}
}

@inproceedings{zhang2019localizing,
  title     = {Localizing unseen activities in video via image query},
  author    = {Zhang, Zhu and Zhao, Zhou and Lin, Zhijie and Song, Jingkuan and Cai, Deng},
  year      = 2019,
  booktitle = {IJCAI}
}

@inproceedings{zhang2019shellnet,
  title     = {Shellnet: Efficient point cloud convolutional neural networks using concentric shells statistics},
  author    = {Zhang, Zhiyuan and Hua, Binh-Son and Yeung, Sai-Kit},
  year      = 2019,
  booktitle = {ICCV}
}

@inproceedings{zhang2021datasetgan,
  title     = {Datasetgan: Efficient labeled data factory with minimal human effort},
  author    = {Zhang, Yuxuan and Ling, Huan and Gao, Jun and Yin, Kangxue and Lafleche, Jean-Francois and Barriuso, Adela and Torralba, Antonio and Fidler, Sanja},
  year      = 2021,
  booktitle = CVPR
}

@inproceedings{zhang2021deep,
  title     = {Deep long-tailed learning: A survey},
  author    = {Zhang, Yifan and Kang, Bingyi and Hooi, Bryan and Yan, Shuicheng and Feng, Jiashi},
  year      = 2021,
  booktitle = {ARXIV}
}

@inproceedings{zhang2021videolt,
  title     = {VideoLT: large-scale long-tailed video recognition},
  author    = {Zhang, Xing and Wu, Zuxuan and Weng, Zejia and Fu, Huazhu and Chen, Jingjing and Jiang, Yu-Gang and Davis, Larry S},
  year      = 2021,
  booktitle = {ICCV}
}

@inproceedings{zhang2022dense_dsn,
  title     = {Dense Siamese Network},
  author    = {Zhang, Wenwei and Pang, Jiangmiao and Chen, Kai and Loy, Chen Change},
  year      = 2022,
  booktitle = ECCV
}

@inproceedings{zhang2022motiondiffuse,
  title     = {MotionDiffuse: Text-Driven Human Motion Generation with Diffusion Model},
  author    = {Zhang, Mingyuan and Cai, Zhongang and Pan, Liang and Hong, Fangzhou and Guo, Xinying and Yang, Lei and Liu, Ziwei},
  year      = 2022,
  booktitle = {arXiv}
}

@inproceedings{zhu2023human_motionsurvey23,
  title   = {Human Motion Generation: A Survey},
  author  = {Zhu, Wentao and Ma, Xiaoxuan and Ro, Dongwoo and Ci, Hai and Zhang, Jinlu and Shi, Jiaxin and Gao, Feng and Tian, Qi and Wang, Yizhou},
  year    = 2023,
  booktitle = {arXiv}
}

@article{zhang2022unsupervised,
  title   = {Unsupervised representation learning from pre-trained diffusion probabilistic models},
  author  = {Zhang, Zijian and Zhao, Zhou and Lin, Zhijie},
  year    = 2022,
  journal = NeurIPS
}

@inproceedings{zhang2023generating_t2mgpt,
  title     = {T2M-GPT: Generating Human Motion from Textual Descriptions with Discrete Representations},
  author    = {Zhang, Jianrong and Zhang, Yangsong and Cun, Xiaodong and Huang, Shaoli and Zhang, Yong and Zhao, Hongwei and Lu, Hongtao and Shen, Xi},
  year      = 2023,
  booktitle = {CVPR}
}

@inproceedings{zhao2023segtad,
  title     = {Segtad: Precise temporal action detection via semantic segmentation},
  author    = {Zhao, Chen and Ramazanova, Merey and Xu, Mengmeng and Ghanem, Bernard},
  year      = 2022,
  booktitle = ECCVW
}

@inproceedings{zheng2015conditional,
  title     = {Conditional random fields as recurrent neural networks},
  author    = {Zheng, Shuai and Jayasumana, Sadeep and Romera-Paredes, Bernardino and Vineet, Vibhav and Su, Zhizhong and Du, Dalong and Huang, Chang and Torr, Philip H. S.},
  year      = 2015,
  booktitle = {CVPR}
}

@inproceedings{zheng2022towards,
  title     = {Towards open-set object detection and discovery},
  author    = {Zheng, Jiyang and Li, Weihao and Hong, Jie and Petersson, Lars and Barnes, Nick},
  year      = 2022,
  booktitle = {CVPR}
}

@inproceedings{zhou2017recent,
  title     = {Recent advance in content-based image retrieval: A literature survey},
  author    = {Zhou, Wengang and Li, Houqiang and Tian, Qi},
  year      = 2017,
  booktitle = {ARXIV}
}

@inproceedings{zhou2021lafite,
  title     = {Lafite: Towards language-free training for text-to-image generation},
  author    = {Zhou, Yufan and Zhang, Ruiyi and Chen, Changyou and Li, Chunyuan and Tensmeyer, Chris and Yu, Tong and Gu, Jiuxiang and Xu, Jinhui and Sun, Tong},
  year      = 2022,
  booktitle = CVPR
}

@inproceedings{zhu2014capturing,
  title     = {Capturing long-tail distributions of object subcategories},
  author    = {Zhu, Xiangxin and Anguelov, Dragomir and Ramanan, Deva},
  year      = 2014,
  booktitle = CVPR
}

@inproceedings{zhu2017tornado,
  title     = {Tornado: A spatio-temporal convolutional regression network for video action proposal},
  author    = {Zhu, Hongyuan and Vial, Romain and Lu, Shijian},
  year      = 2017,
  booktitle = CVPR
}

@inproceedings{zhu2018compound,
  title     = {Compound memory networks for few-shot video classification},
  author    = {Zhu, Linchao and Yang, Yi},
  year      = 2018,
  booktitle = ECCV
}

@inproceedings{zhu2022balanced,
  title     = {Balanced contrastive learning for long-tailed visual recognition},
  author    = {Zhu, Jianggang and Wang, Zheng and Chen, Jingjing and Chen, Yi-Ping Phoebe and Jiang, Yu-Gang},
  year      = 2022,
  booktitle = CVPR
}

@inproceedings{ziegler2022self,
  title     = {Self-Supervised Learning of Object Parts for Semantic Segmentation},
  author    = {Ziegler, Adrian and Asano, Yuki M},
  year      = 2022,
  booktitle = CVPR
}

@inproceedings{zink2018automated,
  title     = {Automated dataset generation for image recognition using the example of taxonomy},
  author    = {Zink, Jaro Milan},
  year      = 2018,
  booktitle = ARXIV
}

@inproceedings{yi2023generating_talkshow,
  title     = {Generating holistic 3d human motion from speech},
  author    = {Yi, Hongwei and Liang, Hualin and Liu, Yifei and Cao, Qiong and Wen, Yandong and Bolkart, Timo and Tao, Dacheng and Black, Michael J},
  booktitle = CVPR,
  year      = {2023}
}

@inproceedings{zhang2020generating,
  title     = {Generating 3d people in scenes without people},
  author    = {Zhang, Yan and Hassan, Mohamed and Neumann, Heiko and Black, Michael J and Tang, Siyu},
  booktitle = CVPR,
  year      = {2020}
}
@inproceedings{zheng2023improved,
  title={Improved Techniques for Maximum Likelihood Estimation for Diffusion ODEs},
  author={Zheng, Kaiwen and Lu, Cheng and Chen, Jianfei and Zhu, Jun},
  booktitle=ICML,
  year={2023}
}

%%% new entry

@article{dao2023flashattention,
  title={Flashattention-2: Faster attention with better parallelism and work partitioning},
  author={Dao, Tri},
  journal={arXiv},
  year={2023}
}


@article{bansal2024colddiffusion,
  title={Cold diffusion: Inverting arbitrary image transforms without noise},
  author={Bansal, Arpit and Borgnia, Eitan and Chu, Hong-Min and Li, Jie and Kazemi, Hamid and Huang, Furong and Goldblum, Micah and Geiping, Jonas and Goldstein, Tom},
  journal={Advances in Neural Information Processing Systems},
  volume={36},
  year={2024}
}


@article{bao2021beit,
  title={Beit: Bert pre-training of image transformers},
  author={Bao, Hangbo and Dong, Li and Piao, Songhao and Wei, Furu},
  journal={arXiv preprint arXiv:2106.08254},
  year={2021}
}

@inproceedings{lu2022unifiedio,
  title={Unified-io: A unified model for vision, language, and multi-modal tasks},
  author={Lu, Jiasen and Clark, Christopher and Zellers, Rowan and Mottaghi, Roozbeh and Kembhavi, Aniruddha},
  booktitle={The Eleventh International Conference on Learning Representations},
  year={2022}
}

@inproceedings{bachmann2022multimae,
  title={Multimae: Multi-modal multi-task masked autoencoders},
  author={Bachmann, Roman and Mizrahi, David and Atanov, Andrei and Zamir, Amir},
  booktitle={European Conference on Computer Vision},
  pages={348--367},
  year={2022},
  organization={Springer}
}

@article{smith2005development,
  title={The development of embodied cognition: Six lessons from babies},
  author={Smith, Linda and Gasser, Michael},
  journal={Artificial life},
  volume={11},
  number={1-2},
  pages={13--29},
  year={2005},
  publisher={MIT Press}
}

@article{mizrahi20244m,
  title={4m: Massively multimodal masked modeling},
  author={Mizrahi, David and Bachmann, Roman and Kar, Oguzhan and Yeo, Teresa and Gao, Mingfei and Dehghan, Afshin and Zamir, Amir},
  journal={Advances in Neural Information Processing Systems},
  volume={36},
  year={2024}
}

@article{bachmann20244m,
  title={4M-21: An Any-to-Any Vision Model for Tens of Tasks and Modalities},
  author={Bachmann, Roman and Kar, O{\u{g}}uzhan Fatih and Mizrahi, David and Garjani, Ali and Gao, Mingfei and Griffiths, David and Hu, Jiaming and Dehghan, Afshin and Zamir, Amir},
  journal={arXiv preprint arXiv:2406.09406},
  year={2024}
}


@inproceedings{kenton2019bert,
  title={Bert: Pre-training of deep bidirectional transformers for language understanding},
  author={Kenton, Jacob Devlin Ming-Wei Chang and Toutanova, Lee Kristina},
  booktitle={Proceedings of naacL-HLT},
  volume={1},
  pages={2},
  year={2019},
  organization={Minneapolis, Minnesota}
}

@inproceedings{dao2022flashattention,
  title={Flashattention: Fast and memory-efficient exact attention with io-awareness},
  author={Dao, Tri and Fu, Dan and Ermon, Stefano and Rudra, Atri and R{\'e}, Christopher},
  booktitle={NeurIPS},
  year={2022}
}

@inproceedings{gong2022future,
  title={Future transformer for long-term action anticipation},
  author={Gong, Dayoung and Lee, Joonseok and Kim, Manjin and Ha, Seong Jong and Cho, Minsu},
  booktitle=CVPR,
  year={2022}
}

@article{chen2024diffusionforcing,
  title={Diffusion Forcing: Next-token Prediction
Meets Full-Sequence Diffusion},
  author={Chen, Boyuan and Monsó, Diego Martí and Du, Yilun and Simchowitz, Max and Tedrake, Russ and Sitzmann, Vincent},
  journal={arXiv preprint arXiv:2407.01392},
  year={2024}
}

@article{ruhe2024rollingdiffusionmodels,
      title={Rolling Diffusion Models}, 
      author={David Ruhe and Jonathan Heek and Tim Salimans and Emiel Hoogeboom},
      year={2024},
      journal={arXiv preprint arXiv:2402.09470},
}

@article{liu2024mardinimasked,
      title={MarDini: Masked Autoregressive Diffusion for Video Generation at Scale}, 
      author={Haozhe Liu and Shikun Liu and Zijian Zhou and Mengmeng Xu and Yanping Xie and Xiao Han and Juan C. Pérez and Ding Liu and Kumara Kahatapitiya and Menglin Jia and Jui-Chieh Wu and Sen He and Tao Xiang and Jürgen Schmidhuber and Juan-Manuel Pérez-Rúa},
      year={2024},
      journal={arXiv:2410.20280},
}

@article{gong2024scalingdiffusionlanguagemodels,
      title={Scaling Diffusion Language Models via Adaptation from Autoregressive Models}, 
      author={Shansan Gong and Shivam Agarwal and Yizhe Zhang and Jiacheng Ye and Lin Zheng and Mukai Li and Chenxin An and Peilin Zhao and Wei Bi and Jiawei Han and Hao Peng and Lingpeng Kong},
      year={2024},
      journal={arXiv:2410.17891},
}

@article{nie2024scalingmaskeddiffusionmodels,
      title={Scaling up Masked Diffusion Models on Text}, 
      author={Shen Nie and Fengqi Zhu and Chao Du and Tianyu Pang and Qian Liu and Guangtao Zeng and Min Lin and Chongxuan Li},
      year={2024},
      journal={arXiv:2410.18514},
}

@article{shi2024simplifiedgeneralizedmaskeddiffusion,
      title={Simplified and Generalized Masked Diffusion for Discrete Data}, 
      author={Jiaxin Shi and Kehang Han and Zhe Wang and Arnaud Doucet and Michalis K. Titsias},
      year={2024},
      journal={arXiv:2406.04329},
}

@article{sahoo2024simpleeffectivemaskeddiffusion,
      title={Simple and Effective Masked Diffusion Language Models}, 
      author={Subham Sekhar Sahoo and Marianne Arriola and Yair Schiff and Aaron Gokaslan and Edgar Marroquin and Justin T Chiu and Alexander Rush and Volodymyr Kuleshov},
      year={2024},
      journal={arXiv:2406.07524},
}

@article{li2024arlon,
  title={Arlon: Boosting diffusion transformers with autoregressive models for long video generation},
  author={Li, Zongyi and Hu, Shujie and Liu, Shujie and Zhou, Long and Choi, Jeongsoo and Meng, Lingwei and Guo, Xun and Li, Jinyu and Ling, Hefei and Wei, Furu},
  journal={arXiv:2410.20502},
  year={2024}
}

@article{hu2024maskneed,
      title={[MASK] is All You Need}, 
      author={Vincent Tao Hu and Björn Ommer},
      year={2024},
      journal={arXiv},
}

@article{hang2023efficient,
  title={Efficient diffusion training via min-snr weighting strategy},
  author={Hang, Tiankai and Gu, Shuyang and Li, Chen and Bao, Jianmin and Chen, Dong and Hu, Han and Geng, Xin and Guo, Baining},
  journal={ICCV},
  year={2023}
}

@article{wu2023ar,
  title={Ar-diffusion: Auto-regressive diffusion model for text generation},
  author={Wu, Tong and Fan, Zhihao and Liu, Xiao and Zheng, Hai-Tao and Gong, Yeyun and Jiao, Jian and Li, Juntao and Guo, Jian and Duan, Nan and Chen, Weizhu and others},
  journal={NeurIPS},
  year={2023}
}

@article{xie2024progressive,
  title={Progressive autoregressive video diffusion models},
  author={Xie, Desai and Xu, Zhan and Hong, Yicong and Tan, Hao and Liu, Difan and Liu, Feng and Kaufman, Arie and Zhou, Yang},
  journal={arXiv},
  year={2024}
}

@article{gao2024vid,
  title={ViD-GPT: Introducing GPT-style Autoregressive Generation in Video Diffusion Models},
  author={Gao, Kaifeng and Shi, Jiaxin and Zhang, Hanwang and Wang, Chunping and Xiao, Jun},
  journal={arXiv},
  year={2024}
}

@article{zheng2024open,
  title={Open-sora: Democratizing efficient video production for all},
  author={Zheng, Zangwei and Peng, Xiangyu and Yang, Tianji and Shen, Chenhui and Li, Shenggui and Liu, Hongxin and Zhou, Yukun and Li, Tianyi and You, Yang},
  journal={arXiv},
  year={2024}
}

@article{blattmann2023stable,
  title={Stable video diffusion: Scaling latent video diffusion models to large datasets},
  author={Blattmann, Andreas and Dockhorn, Tim and Kulal, Sumith and Mendelevitch, Daniel and Kilian, Maciej and Lorenz, Dominik and Levi, Yam and English, Zion and Voleti, Vikram and Letts, Adam and others},
  journal={arXiv},
  year={2023}
}

@article{tan2024video,
  title={Video-infinity: Distributed long video generation},
  author={Tan, Zhenxiong and Yang, Xingyi and Liu, Songhua and Wang, Xinchao},
  journal={arXiv},
  year={2024}
}

@article{harvey2022flexible,
  title={Flexible diffusion modeling of long videos},
  author={Harvey, William and Naderiparizi, Saeid and Masrani, Vaden and Weilbach, Christian and Wood, Frank},
  journal={NeurIPS},
  year={2022}
}

@article{zhou2025taming,
  title={Taming Teacher Forcing for Masked Autoregressive Video Generation},
  author={Zhou, Deyu and Sun, Quan and Peng, Yuang and Yan, Kun and Dong, Runpei and Wang, Duomin and Ge, Zheng and Duan, Nan and Zhang, Xiangyu and Ni, Lionel M and others},
  journal={arXiv preprint arXiv:2501.12389},
  year={2025}
}

@article{liu2023generative,
  title={Generative pre-training for speech with flow matching},
  author={Liu, Alexander H and Le, Matt and Vyas, Apoorv and Shi, Bowen and Tjandra, Andros and Hsu, Wei-Ning},
  journal={arXiv},
  year={2023}
}

@article{jin2024pyramidal,
  title={Pyramidal flow matching for efficient video generative modeling},
  author={Jin, Yang and Sun, Zhicheng and Li, Ningyuan and Xu, Kun and Jiang, Hao and Zhuang, Nan and Huang, Quzhe and Song, Yang and Mu, Yadong and Lin, Zhouchen},
  journal={arXiv},
  year={2024}
}

@article{dao2023flow,
  title={Flow matching in latent space},
  author={Dao, Quan and Phung, Hao and Nguyen, Binh and Tran, Anh},
  journal={arXiv},
  year={2023}
}

@article{li2024autoregressive,
  title={Autoregressive Image Generation without Vector Quantization},
  author={Li, Tianhong and Tian, Yonglong and Li, He and Deng, Mingyang and He, Kaiming},
  journal={arXiv},
  year={2024}
}

@article{unterthiner2018towards,
  title={Towards accurate generative models of video: A new metric \& challenges},
  author={Unterthiner, Thomas and Van Steenkiste, Sjoerd and Kurach, Karol and Marinier, Raphael and Michalski, Marcin and Gelly, Sylvain},
  journal={arXiv},
  year={2018}
}

@article{song2025historyguidedvideodiffusion,
  title={History-Guided Video Diffusion}, 
  author={Kiwhan Song and Boyuan Chen and Max Simchowitz and Yilun Du and Russ Tedrake and Vincent Sitzmann},
  year={2025},
  journal={arXiv},
}

@article{zhou2018stereo,
  title={Stereo magnification: Learning view synthesis using multiplane images},
  author={Zhou, Tinghui and Tucker, Richard and Flynn, John and Fyffe, Graham and Snavely, Noah},
  journal={arXiv},
  year={2018}
}