@inproceedings{ACVAE,
    author = {Xie, Zhe and Liu, Chengxuan and Zhang, Yichi and Lu, Hongtao and Wang, Dong and Ding, Yue},
    title = {Adversarial and Contrastive Variational Autoencoder for Sequential Recommendation},
    booktitle = {WWW},
    pages = {449–459},
    year = {2021}
}

@inproceedings{ContrastVAE,
author = {Wang, Yu and Zhang, Hengrui and Liu, Zhiwei and Yang, Liangwei and Yu, Philip S.},
title = {ContrastVAE: Contrastive Variational AutoEncoder for Sequential Recommendation},
year = {2022},
booktitle = {CIKM},
pages = {2056–2066}
}

@inproceedings{DT4SR,
    author = {Fan, Ziwei and Liu, Zhiwei and Wang, Shen and Zheng, Lei and Yu, Philip S.},
    title = {Modeling Sequences as Distributions with Uncertainty for Sequential Recommendation},
    year = {2021},
    booktitle = {CIKM},
    pages = {3019–3023}
}

@inproceedings{MIND,
title = {Multi-{Interest} {Network} with {Dynamic} {Routing} for {Recommendation} at {Tmall}},
booktitle = {CIKM},
author = {Li, Chao and Liu, Zhiyuan and Wu, Mengmeng and Xu, Yuchi and Zhao, Huan and Huang, Pipei and Kang, Guoliang and Chen, Qiwei and Li, Wei and Lee, Dik Lun},
year = {2019},
pages = {2615--2623},
}

@inproceedings{MultiVAE,
    author = {Liang, Dawen and Krishnan, Rahul G. and Hoffman, Matthew D. and Jebara, Tony},
    title = {Variational Autoencoders for Collaborative Filtering},
    year = {2018},
    booktitle = {WWW},
    pages = {689–698}
}

@inproceedings{RecVAE,
    author = {Shenbin, Ilya and Alekseev, Anton and Tutubalina, Elena and Malykh, Valentin and Nikolenko, Sergey I.},
    title = {RecVAE: A New Variational Autoencoder for Top-N Recommendations with Implicit Feedback},
    publisher = {ACM},
    years = {2020},
    booktitle = {WSDM},
    pages = {528–536}
}

@inproceedings{SASRec,
  author={Kang, Wang-Cheng and McAuley, Julian},
  title={Self-Attentive Sequential Recommendation},
  booktitle={ICDM}, 
  year={2018},
  pages={197-206}
}

@inproceedings{SVAE,
    author = {Sachdeva, Noveen and Manco, Giuseppe and Ritacco, Ettore and Pudi, Vikram},
    title = {Sequential Variational Autoencoders for Collaborative Filtering},
    year = {2019},
    booktitle = {WSDM},
    pages = {600–608}
}

@INPROCEEDINGS{VSAN,
  author={Zhao, Jing and Zhao, Pengpeng and Zhao, Lei and Liu, Yanchi and Sheng, Victor S. and Zhou, Xiaofang},
  booktitle={ICDE}, 
  title={Variational Self-attention Network for Sequential Recommendation}, 
  year={2021},
  pages={1559-1570}
}

@inproceedings{cen_controllable_2020,
title = {Controllable {Multi}-{Interest} {Framework} for {Recommendation}},
booktitle = {SIGKDD},
author = {Cen, Yukuo and Zhang, Jianwei and Zou, Xu and Zhou, Chang and Yang, Hongxia and Tang, Jie},
year = {2020},
pages = {2942--2951},
}

@inproceedings{liu_octopus_2020,
title = {Octopus: {Comprehensive} and {Elastic} {User} {Representation} for the {Generation} of {Recommendation} {Candidates}},
booktitle = {SIGIR},
author = {Liu, Zheng and Lian, Jianxun and Yang, Junhan and Lian, Defu and Xie, Xing},
year = {2020},
pages = {289--298},
}

@inproceedings{lv_sdm_2019,
    title = {{SDM}: {Sequential} {Deep} {Matching} {Model} for {Online} {Large}-scale {Recommender} {System}},
    booktitle = {CIKM},
    author = {Lv, Fuyu and Jin, Taiwei and Yu, Changlong and Sun, Fei and Lin, Quan and Yang, Keping and Ng, Wilfred},
    year = {2019},
    pages = {2635--2643},
}

@article{sabour2017dynamic,
  title={Dynamic routing between capsules},
  author={Sabour, Sara and Frosst, Nicholas and Hinton, Geoffrey E},
  journal={arXiv preprint arXiv:1710.09829},
  year={2017}
}

