@String(PAMI = {IEEE Trans. Pattern Anal. Mach. Intell.})
@String(IJCV = {Int. J. Comput. Vis.})
@String(CVPR= {IEEE Conf. Comput. Vis. Pattern Recog.})
@String(ICCV= {Int. Conf. Comput. Vis.})
@String(ECCV= {Eur. Conf. Comput. Vis.})
@String(NIPS= {Adv. Neural Inform. Process. Syst.})
@String(ICPR = {Int. Conf. Pattern Recog.})
@String(BMVC= {Brit. Mach. Vis. Conf.})
@String(TOG= {ACM Trans. Graph.})
@String(TIP  = {IEEE Trans. Image Process.})
@String(TVCG  = {IEEE Trans. Vis. Comput. Graph.})
@String(TMM  = {IEEE Trans. Multimedia})
@String(ACMMM= {ACM Int. Conf. Multimedia})
@String(ICME = {Int. Conf. Multimedia and Expo})
@String(ICASSP=	{ICASSP})
@String(ICIP = {IEEE Int. Conf. Image Process.})
@String(ACCV  = {ACCV})
@String(ICLR = {Int. Conf. Learn. Represent.})
@String(IJCAI = {IJCAI})
@String(PR   = {Pattern Recognition})
@String(AAAI = {AAAI})
@String(CVPRW= {IEEE Conf. Comput. Vis. Pattern Recog. Worksh.})
@String(CSVT = {IEEE Trans. Circuit Syst. Video Technol.})

@String(SPL	= {IEEE Sign. Process. Letters})
@String(VR   = {Vis. Res.})
@String(JOV	 = {J. Vis.})
@String(TVC  = {The Vis. Comput.})
@String(JCST  = {J. Comput. Sci. Tech.})
@String(CGF  = {Comput. Graph. Forum})
@String(CVM = {Computational Visual Media})


@String(PAMI  = {IEEE TPAMI})
@String(IJCV  = {IJCV})
@String(CVPR  = {CVPR})
@String(ICCV  = {ICCV})
@String(ECCV  = {ECCV})
@String(NIPS  = {NeurIPS})
@String(ICPR  = {ICPR})
@String(BMVC  =	{BMVC})
@String(TOG   = {ACM TOG})
@String(TIP   = {IEEE TIP})
@String(TVCG  = {IEEE TVCG})
@String(TCSVT = {IEEE TCSVT})
@String(TMM   =	{IEEE TMM})
@String(ACMMM = {ACM MM})
@String(ICME  =	{ICME})
@String(ICASSP=	{ICASSP})
@String(ICIP  = {ICIP})
@String(ACCV  = {ACCV})
@String(ICLR  = {ICLR})
@String(IJCAI = {IJCAI})
@String(PR = {PR})
@String(AAAI = {AAAI})
@String(CVPRW= {CVPRW})
@String(CSVT = {IEEE TCSVT})



@misc{Authors14,
 author = {FirstName LastName},
 title = {The frobnicatable foo filter},
 note = {Face and Gesture submission ID 324. Supplied as supplemental material {\tt fg324.pdf}},
 year = 2014
}

@misc{Authors14b,
 author = {FirstName LastName},
 title = {Frobnication tutorial},
 note = {Supplied as supplemental material {\tt tr.pdf}},
 year = 2014
}

@article{Alpher02,
author = {FirstName Alpher},
title = {Frobnication},
journal = PAMI,
volume = 12,
number = 1,
pages = {234--778},
year = 2002
}

@article{Alpher03,
author = {FirstName Alpher and  FirstName Fotheringham-Smythe},
title = {Frobnication revisited},
journal = {Journal of Foo},
volume = 13,
number = 1,
pages = {234--778},
year = 2003
}

@inproceedings{Bianco2015ColorCU,
  title     = {Color Constancy Using CNNs},
  author    = {Simone Bianco and Claudio Cusano and Raimondo Schettini},
  booktitle = {Proceedings of the IEEE Conference on Computer Vision and Pattern Recognition Workshops},
  year      = {2015},
  pages     = {81--89}
}

@inproceedings{shi2016deep,
  title={Deep Specialized Network for Illuminant Estimation},
  author={Shi, Wu and Loy, Chen Change and Tang, Xiaoou},
  booktitle={European Conference on Computer Vision},
  pages={371--387},
  year={2016},
  organization={Springer}
}

@inproceedings{Koskinen2020CrossdatasetCC,
  title={Cross-dataset Color Constancy Revisited Using Sensor-to-Sensor Transfer},
  author={Samu Koskinen and Dan Yang and Joni-Kristian K{\"a}m{\"a}r{\"a}inen},
  booktitle={British Machine Vision Conference},
  year={2020},
  url={https://api.semanticscholar.org/CorpusID:221668923}
}

@INPROCEEDINGS{8237844,
  author={Qian, Yanlin and Chen, Ke and Nikkanen, Jarno and Kämäräinen, Joni-Kristian and Matas, Jiri},
  booktitle={2017 IEEE International Conference on Computer Vision (ICCV)}, 
  title={Recurrent Color Constancy}, 
  year={2017},
  volume={},
  number={},
  pages={5459-5467},
  keywords={Image color analysis;Lighting;Videos;Image sequences;Benchmark testing;Cameras},
  doi={10.1109/ICCV.2017.582}}



@article{Alpher04,
author = {FirstName Alpher and FirstName Fotheringham-Smythe and FirstName Gamow},
title = {Can a machine frobnicate?},
journal = {Journal of Foo},
volume = 14,
number = 1,
pages = {234--778},
year = 2004
}

@inproceedings{Alpher05,
author = {FirstName Alpher and FirstName Gamow},
title = {Can a computer frobnicate?},
booktitle = CVPR,
pages = {234--778},
year = 2005
}

@article{buchsbaum1980spatial,
  title={A spatial processor model for object colour perception},
  author={Buchsbaum, Gershon},
  journal={Journal of the Franklin institute},
  year={1980}
}

@article{WeijerGG07,
  author    = {Joost van de Weijer and
               Theo Gevers and
               Arjan Gijsenij},
  title     = {Edge-Based Color Constancy},
  journal   = {{IEEE} Trans. Image Process.},
  pages     = {2207--2214},
  year      = {2007}
}

@inproceedings{finlayson2004shades,
	title={Shades of gray and colour constancy},
	author={Finlayson, Graham D and Trezzi, Elisabetta},
	booktitle={Color and Imaging Conference},
	year={2004}
}

@inproceedings{qian2019finding,
	title={On Finding Gray Pixels},
	author={Qian, Yanlin and Kamarainen, Joni-Kristian and Nikkanen, Jarno and Matas, Jiri},
	booktitle={Computer Vision and Pattern Recognition},
	year={2019}
}

@inproceedings{joze2012role,
	title={The role of bright pixels in illumination estimation},
	author={Joze, Hamid Reza Vaezi and Drew, Mark S and Finlayson, Graham D and Rey, Perla Aurora Troncoso},
	booktitle={Color and Imaging Conference},
	year={2012}
}

@inproceedings{koskinen122020cross,
  title={Cross-dataset color constancy revisited using sensor-to-sensor transfer},
  author={Koskinen12, Samu and Yang, Dan and K{\"a}m{\"a}r{\"a}inen, Joni-Kristian},
  year={2020},
  organization={BMVC}
}

@inproceedings{barnard2000improvements,
	title={Improvements to gamut mapping colour constancy algorithms},
	author={Barnard, Kobus},
	booktitle={European conference on computer vision},
	year={2000}
}

@article{chakrabarti2011color,
	title={Color constancy with spatio-spectral statistics},
	author={Chakrabarti, Ayan and Hirakawa, Keigo and Zickler, Todd},
	journal={IEEE Transactions on Pattern Analysis and Machine Intelligence},
	year={2011}
}

@inproceedings{funt2004estimating,
	title={Estimating illumination chromaticity via support vector regression},
	author={Funt, Brian and Xiong, Weihua},
	booktitle={Color and Imaging Conference},
	year={2004}
}

@article{land1977retinex,
  title={The retinex theory of color vision},
  author={Land, Edwin H},
  journal={Scientific American},
  volume={237},
  number={6},
  pages={108--129},
  year={1977},
  publisher={Scientific American, Inc.}
}

@inproceedings{barron2015convolutional,
	title={Convolutional color constancy},
	author={Barron, Jonathan T},
	booktitle={International Conference on Computer Vision},
	year={2015}
}

@inproceedings{barron2017fast,
	title={Fast fourier color constancy},
	author={Barron, Jonathan T and Tsai, Yun-Ta},
	booktitle={Computer Vision and Pattern Recognition},
	year={2017}
}

@inproceedings{hu2017fc4,
	title={Fc4: Fully convolutional color constancy with confidence-weighted pooling},
	author={Hu, Yuanming and Wang, Baoyuan and Lin, Stephen},
	booktitle={Computer Vision and Pattern Recognition},
	year={2017}
}

@inproceedings{Lou2015ColorCB,
  title     = {Color Constancy by Deep Learning},
  author    = {Zitong Lou and Theo Gevers and Nico K. {Hu} and Marcel P. Lucassen},
  booktitle = {British Machine Vision Conference},
  year      = {2015}
}

@inproceedings{afifi2019sensor,
  title={Sensor-independent illumination estimation for DNN models},
  author={Afifi, Mahmoud and Brown, Michael S},
  booktitle={BMVC},
  year={2019}
}

@article{forsyth1990novel,
  title={A novel algorithm for color constancy},
  author={Forsyth, David A},
  journal={International Journal of Computer Vision},
  volume={5},
  number={1},
  pages={5--35},
  year={1990},
  publisher={Springer}
}

@article{gao2017improving,
  title={Improving color constancy by discounting the variation of camera spectral sensitivity},
  author={Gao, Shao-Bing and Zhang, Ming and Li, Chao-Yi and Li, Yong-Jie},
  journal={JOSA A},
  year={2017},
}

@article{liba2019handheld,
  title={Handheld mobile photography in very low light.},
  author={Liba, Orly and Murthy, Kiran and Tsai, Yun-Ta and Brooks, Tim and Xue, Tianfan and Karnad, Nikhil and He, Qiurui and Barron, Jonathan T and Sharlet, Dillon and Geiss, Ryan and others},
  journal={ACM Trans. Graph.},
  year={2019}
}

@inproceedings{kim2021large,
  title={Large Scale Multi-Illuminant (LSMI) Dataset for Developing White Balance Algorithm Under Mixed Illumination},
  author={Kim, Dongyoung and Kim, Jinwoo and Nam, Seonghyeon and Lee, Dongwoo and Lee, Yeonkyung and Kang, Nahyup and Lee, Hyong-Euk and Yoo, ByungIn and Han, Jae-Joon and Kim, Seon Joo},
  booktitle={Proceedings of the IEEE/CVF International Conference on Computer Vision},
  pages={2410--2419},
  year={2021}
}

@inproceedings{igtn,
  title={End-to-end illuminant estimation based on deep metric learning},
  author={Xu, Bolei and Liu, Jingxin and Hou, Xianxu and Liu, Bozhi and Qiu, Guoping},
  booktitle={Proceedings of the IEEE/CVF Conference on Computer Vision and Pattern Recognition},
  year={2020}
}

@inproceedings{bianco2019quasi,
  title={Quasi-unsupervised color constancy},
  author={Bianco, Simone and Cusano, Claudio},
  booktitle={Proceedings of the IEEE/CVF Conference on Computer Vision and Pattern Recognition},
  year={2019}
}

@article{daume2006domain,
  title={Domain adaptation for statistical classifiers},
  author={Daume III, Hal and Marcu, Daniel},
  journal={Journal of artificial Intelligence research},
  year={2006}
}

@inproceedings{saenko2010adapting,
  title={Adapting visual category models to new domains},
  author={Saenko, Kate and Kulis, Brian and Fritz, Mario and Darrell, Trevor},
  booktitle={Computer Vision--ECCV 2010: 11th European Conference on Computer Vision, Heraklion, Crete, Greece, September 5-11, 2010, Proceedings, Part IV 11},
  year={2010}
}

@inproceedings{lo2021clcc,
  title={Clcc: Contrastive learning for color constancy},
  author={Lo, Yi-Chen and Chang, Chia-Che and Chiu, Hsuan-Chao and Huang, Yu-Hao and Chen, Chia-Ping and Chang, Yu-Lin and Jou, Kevin},
  booktitle={Proceedings of the IEEE/CVF Conference on Computer Vision and Pattern Recognition},
  year={2021}
}

@inproceedings{afifi2021cross,
  title={Cross-camera convolutional color constancy},
  author={Afifi, Mahmoud and Barron, Jonathan T and LeGendre, Chloe and Tsai, Yun-Ta and Bleibel, Francois},
  booktitle={Proceedings of the IEEE/CVF International Conference on Computer Vision},
  year={2021}
}

@inproceedings{sohl2015deep,
  title={Deep unsupervised learning using nonequilibrium thermodynamics},
  author={Sohl-Dickstein, Jascha and Weiss, Eric and Maheswaranathan, Niru and Ganguli, Surya},
  booktitle={International conference on machine learning},
  year={2015}
}

@article{kingma2021variational,
  title={Variational diffusion models},
  author={Kingma, Diederik and Salimans, Tim and Poole, Ben and Ho, Jonathan},
  journal={Advances in neural information processing systems},
  year={2021}
}

@article{dhariwal2021diffusion,
  title={Diffusion models beat gans on image synthesis},
  author={Dhariwal, Prafulla and Nichol, Alexander},
  journal={Advances in neural information processing systems},
  year={2021}
}

@inproceedings{ronneberger2015u,
  title={U-net: Convolutional networks for biomedical image segmentation},
  author={Ronneberger, Olaf and Fischer, Philipp and Brox, Thomas},
  booktitle={Medical image computing and computer-assisted intervention--MICCAI 2015: 18th international conference, Munich, Germany, October 5-9, 2015, proceedings, part III 18},
  year={2015}
}

@misc{rombach2021highresolution,
      title={High-Resolution Image Synthesis with Latent Diffusion Models}, 
      author={Robin Rombach and Andreas Blattmann and Dominik Lorenz and Patrick Esser and Björn Ommer},
      year={2021},
      eprint={2112.10752},
      archivePrefix={arXiv},
      primaryClass={cs.CV}
}

@InProceedings{avrahami2022blendeddiffusion,
  author    = {Avrahami, Omri and Lischinski, Dani and Fried, Ohad},
  title     = {Blended Diffusion for Text-Driven Editing of Natural Images},
  booktitle = {Proceedings of the IEEE/CVF Conference on Computer Vision and Pattern Recognition (CVPR)},
  month     = {June},
  year      = {2022},
  pages     = {18208-18218}
}

@article{avrahami2023blendedlatent,
        author = {Avrahami, Omri and Fried, Ohad and Lischinski, Dani},
        title = {Blended Latent Diffusion},
        year = {2023},
        issue_date = {August 2023},
        publisher = {Association for Computing Machinery},
        address = {New York, NY, USA},
        volume = {42},
        number = {4},
        issn = {0730-0301},
        url = {https://doi.org/10.1145/3592450},
        doi = {10.1145/3592450},
        journal = {ACM Trans. Graph.},
        month = {jul},
        articleno = {149},
        numpages = {11},
        keywords = {zero-shot text-driven local image editing}
}

@inproceedings{yang2023paint,
  title={Paint by example: Exemplar-based image editing with diffusion models},
  author={Yang, Binxin and Gu, Shuyang and Zhang, Bo and Zhang, Ting and Chen, Xuejin and Sun, Xiaoyan and Chen, Dong and Wen, Fang},
  booktitle={Proceedings of the IEEE/CVF Conference on Computer Vision and Pattern Recognition},
  pages={18381--18391},
  year={2023}
}

@misc{zhang2023adding,
  title={Adding Conditional Control to Text-to-Image Diffusion Models}, 
  author={Lvmin Zhang and Anyi Rao and Maneesh Agrawala},
  booktitle={IEEE International Conference on Computer Vision (ICCV)},
  year={2023},
}

@article{ye2023ip-adapter,
  title={IP-Adapter: Text Compatible Image Prompt Adapter for Text-to-Image Diffusion Models},
  author={Ye, Hu and Zhang, Jun and Liu, Sibo and Han, Xiao and Yang, Wei},
  booktitle={arXiv preprint arxiv:2308.06721},
  year={2023}
}

@inproceedings{lin2024common,
  title={Common diffusion noise schedules and sample steps are flawed},
  author={Lin, Shanchuan and Liu, Bingchen and Li, Jiashi and Yang, Xiao},
  booktitle={Proceedings of the IEEE/CVF winter conference on applications of computer vision},
  year={2024}
}

@inproceedings{Debevec1998,
author = {Debevec, Paul},
title = {Rendering Synthetic Objects into Real Scenes: Bridging Traditional and Image-Based Graphics with Global Illumination and High Dynamic Range Photography},
year = {1998},
isbn = {0897919998},
publisher = {Association for Computing Machinery},
address = {New York, NY, USA},
url = {https://doi.org/10.1145/280814.280864},
doi = {10.1145/280814.280864},
booktitle = {Proceedings of the 25th Annual Conference on Computer Graphics and Interactive Techniques},
pages = {189–198},
numpages = {10},
series = {SIGGRAPH '98}
}

@inproceedings{weber2018learning,
  title={Learning to estimate indoor lighting from 3d objects},
  author={Weber, Henrique and Pr{\'e}vost, Donald and Lalonde, Jean-Fran{\c{c}}ois},
  booktitle={2018 International Conference on 3D Vision (3DV)},
  pages={199--207},
  year={2018},
  organization={IEEE}
}

@article{lombardi2015reflectance,
  title={Reflectance and illumination recovery in the wild},
  author={Lombardi, Stephen and Nishino, Ko},
  journal={IEEE transactions on pattern analysis and machine intelligence},
  volume={38},
  number={1},
  pages={129--141},
  year={2015},
  publisher={IEEE}
}

@article{nishino2004eyes,
  title={Eyes for relighting},
  author={Nishino, Ko and Nayar, Shree K},
  journal={ACM Transactions on Graphics (TOG)},
  volume={23},
  number={3},
  pages={704--711},
  year={2004},
  publisher={ACM New York, NY, USA}
}

@inproceedings{calian2018faces,
  title={From faces to outdoor light probes},
  author={Calian, Dan A and Lalonde, Jean-Fran{\c{c}}ois and Gotardo, Paulo and Simon, Tomas and Matthews, Iain and Mitchell, Kenny},
  booktitle={Computer Graphics Forum},
  volume={37},
  number={2},
  pages={51--61},
  year={2018},
  organization={Wiley Online Library}
}

@inproceedings{yi2018faces,
  title={Faces as lighting probes via unsupervised deep highlight extraction},
  author={Yi, Renjiao and Zhu, Chenyang and Tan, Ping and Lin, Stephen},
  booktitle={Proceedings of the European Conference on computer vision (ECCV)},
  pages={317--333},
  year={2018}
}

@article{karsch2011rendering,
  title={Rendering synthetic objects into legacy photographs},
  author={Karsch, Kevin and Hedau, Varsha and Forsyth, David and Hoiem, Derek},
  journal={ACM Transactions on graphics (TOG)},
  volume={30},
  number={6},
  pages={1--12},
  year={2011},
  publisher={ACM New York, NY, USA}
}

@article{hosek2012analytic,
  title={An analytic model for full spectral sky-dome radiance},
  author={Hosek, Lukas and Wilkie, Alexander},
  journal={ACM Transactions on Graphics (TOG)},
  volume={31},
  number={4},
  pages={1--9},
  year={2012},
  publisher={ACM New York, NY, USA}
}

@inproceedings{hold2017outdoor,
  title={Deep outdoor illumination estimation},
  author={Hold-Geoffroy, Yannick and Sunkavalli, Kalyan and Hadap, Sunil and Gambaretto, Emiliano and Lalonde, Jean-Fran{\c{c}}ois},
  booktitle={Proceedings of the IEEE conference on computer vision and pattern recognition},
  pages={7312--7321},
  year={2017}
}

@inproceedings{garon2019fastspatialvary,
  title={Fast spatially-varying indoor lighting estimation},
  author={Garon, Mathieu and Sunkavalli, Kalyan and Hadap, Sunil and Carr, Nathan and Lalonde, Jean-Fran{\c{c}}ois},
  booktitle={Proceedings of the IEEE/CVF Conference on Computer Vision and Pattern Recognition},
  pages={6908--6917},
  year={2019}
}

@article{garder2017lavelindoor,
author = {Gardner, Marc-Andr\'{e} and Sunkavalli, Kalyan and Yumer, Ersin and Shen, Xiaohui and Gambaretto, Emiliano and Gagn\'{e}, Christian and Lalonde, Jean-Fran\c{c}ois},
title = {Learning to Predict Indoor Illumination from a Single Image},
year = {2017},
issue_date = {December 2017},
publisher = {Association for Computing Machinery},
address = {New York, NY, USA},
volume = {36},
number = {6},
issn = {0730-0301},
url = {https://doi.org/10.1145/3130800.3130891},
doi = {10.1145/3130800.3130891},
abstract = {We propose an automatic method to infer high dynamic range illumination from a single, limited field-of-view, low dynamic range photograph of an indoor scene. In contrast to previous work that relies on specialized image capture, user input, and/or simple scene models, we train an end-to-end deep neural network that directly regresses a limited field-of-view photo to HDR illumination, without strong assumptions on scene geometry, material properties, or lighting. We show that this can be accomplished in a three step process: 1) we train a robust lighting classifier to automatically annotate the location of light sources in a large dataset of LDR environment maps, 2) we use these annotations to train a deep neural network that predicts the location of lights in a scene from a single limited field-of-view photo, and 3) we fine-tune this network using a small dataset of HDR environment maps to predict light intensities. This allows us to automatically recover high-quality HDR illumination estimates that significantly outperform previous state-of-the-art methods. Consequently, using our illumination estimates for applications like 3D object insertion, produces photo-realistic results that we validate via a perceptual user study.},
journal = {ACM Trans. Graph.},
month = {nov},
articleno = {176},
numpages = {14},
keywords = {deep learning, indoor illumination}
}

@inproceedings{legendre2019deeplight,
  title={Deeplight: Learning illumination for unconstrained mobile mixed reality},
  author={LeGendre, Chloe and Ma, Wan-Chun and Fyffe, Graham and Flynn, John and Charbonnel, Laurent and Busch, Jay and Debevec, Paul},
  booktitle={Proceedings of the IEEE/CVF Conference on Computer Vision and Pattern Recognition},
  year={2019}
}

@inproceedings{dastjerdi2023everlight,
  title={Everlight: Indoor-outdoor editable hdr lighting estimation},
  author={Dastjerdi, Mohammad Reza Karimi and Eisenmann, Jonathan and Hold-Geoffroy, Yannick and Lalonde, Jean-Fran{\c{c}}ois},
  booktitle={Proceedings of the IEEE/CVF International Conference on Computer Vision},
  pages={7420--7429},
  year={2023}
}

@inproceedings{akimoto2019360outpainting2stategan,
  title={360-degree image completion by two-stage conditional gans},
  author={Akimoto, Naofumi and Kasai, Seito and Hayashi, Masaki and Aoki, Yoshimitsu},
  booktitle={2019 IEEE International Conference on Image Processing (ICIP)},
  pages={4704--4708},
  year={2019},
  organization={IEEE}
}

@inproceedings{dastjerdi2022immersegan,
  title={Guided Co-Modulated GAN for 360° Field of View Extrapolation},
  author={Dastjerdi, Mohammad Reza Karimi and Hold-Geoffroy, Yannick and Eisenmann, Jonathan and Khodadadeh, Siavash and Lalonde, Jean-Fran{\c{c}}ois},
  booktitle={2022 International Conference on 3D Vision (3DV)},
  pages={475--485},
  year={2022},
  organization={IEEE}
}

@inproceedings{wang2022stylelight,
  title={Stylelight: Hdr panorama generation for lighting estimation and editing},
  author={Wang, Guangcong and Yang, Yinuo and Loy, Chen Change and Liu, Ziwei},
  booktitle={European Conference on Computer Vision},
  pages={477--492},
  year={2022},
  organization={Springer}
}

@article{ruiz2022dreambooth,
  title={Dreambooth: Fine tuning text-to-image diffusion models for subject-driven generation},
  author={Ruiz, Nataniel and Li, Yuanzhen and Jampani, Varun and Pritch, Yael and Rubinstein, Michael and Aberman, Kfir},
  journal={arXiv preprint arXiv:2208.12242},
  year={2022}
}

@article{gal2022image,
  title={An image is worth one word: Personalizing text-to-image generation using textual inversion},
  author={Gal, Rinon and Alaluf, Yuval and Atzmon, Yuval and Patashnik, Or and Bermano, Amit H and Chechik, Gal and Cohen-Or, Daniel},
  journal={arXiv preprint arXiv:2208.01618},
  year={2022}
}

@article{voynov2023P+,
  title={P+: Extended Textual Conditioning in Text-to-Image Generation},
  author={Voynov, Andrey and Chu, Qinghao and Cohen-Or, Daniel and Aberman, Kfir},
  booktitle={arXiv preprint},
  year={2023}
}

@inproceedings{ke2023marigold,
  title={Repurposing diffusion-based image generators for monocular depth estimation},
  author={Ke, Bingxin and Obukhov, Anton and Huang, Shengyu and Metzger, Nando and Daudt, Rodrigo Caye and Schindler, Konrad},
  booktitle={Proceedings of the IEEE/CVF Conference on Computer Vision and Pattern Recognition},
  pages={9492--9502},
  year={2024}
}

@article{hu2021lora,
  title={Lora: Low-rank adaptation of large language models},
  author={Hu, Edward J and Shen, Yelong and Wallis, Phillip and Allen-Zhu, Zeyuan and Li, Yuanzhi and Wang, Shean and Wang, Lu and Chen, Weizhu},
  journal={arXiv preprint arXiv:2106.09685},
  year={2021}
}

@article{han2023svdiff,
  title={SVDiff: Compact Parameter Space for Diffusion Fine-Tuning},
  author={Han, Ligong and Li, Yinxiao and Zhang, Han and Milanfar, Peyman and Metaxas, Dimitris and Yang, Feng},
  journal={arXiv preprint arXiv:2303.11305},
  year={2023}
}

@article{oft2023,
  author    = {Qiu, Zeju and Liu, Weiyang and Feng, Haiwen and Xue, Yuxuan and Feng, Yao and Liu, Zhen and Zhang, Dan and Weller, Adrian and Schölkopf, Bernhard},
  title     = {Controlling Text-to-Image Diffusion by Orthogonal Finetuning},
  journal   = {arXiv preprint arXiv:2306.07280},
  year      = {2023},
}

@inproceedings{phongthawee2024diffusionlight,
  title={Diffusionlight: Light probes for free by painting a chrome ball},
  author={Phongthawee, Pakkapon and Chinchuthakun, Worameth and Sinsunthithet, Nontaphat and Jampani, Varun and Raj, Amit and Khungurn, Pramook and Suwajanakorn, Supasorn},
  booktitle={Proceedings of the IEEE/CVF Conference on Computer Vision and Pattern Recognition},
  pages={98--108},
  year={2024}
}

@article{garcia2024fine,
  title={Fine-Tuning Image-Conditional Diffusion Models is Easier than You Think},
  author={Garcia, Gonzalo Martin and Zeid, Karim Abou and Schmidt, Christian and de Geus, Daan and Hermans, Alexander and Leibe, Bastian},
  journal={arXiv preprint arXiv:2409.11355},
  year={2024}
}

@misc{meng2022sdeditguidedimagesynthesis,
      title={SDEdit: Guided Image Synthesis and Editing with Stochastic Differential Equations}, 
      author={Chenlin Meng and Yutong He and Yang Song and Jiaming Song and Jiajun Wu and Jun-Yan Zhu and Stefano Ermon},
      year={2022},
      eprint={2108.01073},
      archivePrefix={arXiv},
      primaryClass={cs.CV},
      url={https://arxiv.org/abs/2108.01073}, 
}

@article{Cheng:14,
author = {Dongliang Cheng and Dilip K. Prasad and Michael S. Brown},
journal = {J. Opt. Soc. Am. A},
keywords = {Cameras; Illumination; Color vision; Color, rendering and metamerism ; Color difference; Color vision; Illumination; Physiology; Spectral properties; Vision and color},
number = {5},
pages = {1049--1058},
publisher = {Optica Publishing Group},
title = {Illuminant estimation for color constancy: why spatial-domain methods work and the role of the color distribution},
volume = {31},
month = {May},
year = {2014},
url = {https://opg.optica.org/josaa/abstract.cfm?URI=josaa-31-5-1049},
doi = {10.1364/JOSAA.31.001049},
abstract = {Color constancy is a well-studied topic in color vision. Methods are generally categorized as (1)\&\#xA0;low-level statistical methods, (2)\&\#xA0;gamut-based methods, and (3)\&\#xA0;learning-based methods. In this work, we distinguish methods depending on whether they work directly from color values (i.e., color domain) or from values obtained from the image\&\#x2019;s spatial information (e.g., image gradients/frequencies). We show that spatial information does not provide any additional information that cannot be obtained directly from the color distribution and that the indirect aim of spatial-domain methods is to obtain large color differences for estimating the illumination direction. This finding allows us to develop a simple and efficient illumination estimation method that chooses bright and dark pixels using a projection distance in the color distribution and then applies principal component analysis to estimate the illumination direction. Our method gives state-of-the-art results on existing public color constancy datasets as well as on our newly collected dataset (NUS dataset) containing 1736 images from eight different high-end consumer cameras.},
}

@INPROCEEDINGS{4587765,
  author={Gehler, Peter Vincent and Rother, Carsten and Blake, Andrew and Minka, Tom and Sharp, Toby},
  booktitle={2008 IEEE Conference on Computer Vision and Pattern Recognition}, 
  title={Bayesian color constancy revisited}, 
  year={2008},
  volume={},
  number={},
  pages={1-8},
  keywords={Bayesian methods;Layout;Reflectivity;Lighting;Testing;Cameras;Image databases;Object recognition;Image resolution;Yield estimation},
  doi={10.1109/CVPR.2008.4587765}}

@article{brainard1986analysis,
  title={Analysis of the retinex theory of color vision},
  author={Brainard, David H and Wandell, Brian A},
  journal={JOSA A},
  volume={3},
  number={10},
  pages={1651--1661},
  year={1986},
  publisher={Optica Publishing Group}
}

@article{van2007edge,
  title={Edge-based color constancy},
  author={Van De Weijer, Joost and Gevers, Theo and Gijsenij, Arjan},
  journal={IEEE Transactions on image processing},
  volume={16},
  number={9},
  pages={2207--2214},
  year={2007},
  publisher={IEEE}
}

@article{barnard2002comparison,
  title={A comparison of computational color constancy algorithms. I: Methodology and experiments with synthesized data},
  author={Barnard, Kobus and Cardei, Vlad and Funt, Brian},
  journal={IEEE transactions on Image Processing},
  volume={11},
  number={9},
  pages={972--984},
  year={2002},
  publisher={IEEE}
}

@inproceedings{yang2015efficient,
  title={Efficient illuminant estimation for color constancy using grey pixels},
  author={Yang, Kai-Fu and Gao, Shao-Bing and Li, Yong-Jie},
  booktitle={Proceedings of the IEEE conference on computer vision and pattern recognition},
  pages={2254--2263},
  year={2015}
}

@inproceedings{finlayson2013corrected,
  title={Corrected-moment illuminant estimation},
  author={Finlayson, Graham D},
  booktitle={Proceedings of the IEEE International Conference on Computer Vision},
  pages={1904--1911},
  year={2013}
}

@inproceedings{joze2012exemplar,
  title={Exemplar-based color constancy},
  author={Joze, Hamid Reza Vaezi and Drew, Mark S},
  booktitle={British Machine Vision Conference, BMVC 2012, Surrey, UK, September 3-7, 2012},
  year={2012}
}

@article{cheng2014illuminant,
  title={Illuminant estimation for color constancy: why spatial-domain methods work and the role of the color distribution},
  author={Cheng, Dongliang and Prasad, Dilip K and Brown, Michael S},
  journal={JOSA A},
  volume={31},
  number={5},
  pages={1049--1058},
  year={2014},
  publisher={Optica Publishing Group}
}

@ARTICLE{8226796,
  author={Woo, Sung-Min and Lee, Sang-Ho and Yoo, Jun-Sang and Kim, Jong-Ok},
  journal={IEEE Transactions on Image Processing}, 
  title={Improving Color Constancy in an Ambient Light Environment Using the Phong Reflection Model}, 
  year={2018},
  volume={27},
  number={4},
  pages={1862-1877},
  keywords={Image color analysis;Estimation;Reflection;Lighting;Light sources;Image segmentation;Reflectivity;Color constancy;dichromatic reflection illuminant estimation;white balancing},
  doi={10.1109/TIP.2017.2785290}}


@ARTICLE{8039202,
  author={Akbarinia, Arash and Parraga, C. Alejandro},
  journal={IEEE Transactions on Pattern Analysis and Machine Intelligence}, 
  title={Colour Constancy Beyond the Classical Receptive Field}, 
  year={2018},
  volume={40},
  number={9},
  pages={2081-2094},
  keywords={Image color analysis;Neurons;Radio frequency;Adaptation models;Color;Brain modeling;Modulation;Colour constancy;illuminant estimation;classical receptive field;surround modulation;centre-surround contrast},
  doi={10.1109/TPAMI.2017.2753239}}


@inproceedings{gao2014efficient,
  title={Efficient color constancy with local surface reflectance statistics},
  author={Gao, Shaobing and Han, Wangwang and Yang, Kaifu and Li, Chaoyi and Li, Yongjie},
  booktitle={Computer Vision--ECCV 2014: 13th European Conference, Zurich, Switzerland, September 6-12, 2014, Proceedings, Part II 13},
  pages={158--173},
  year={2014},
  organization={Springer}
}

@inproceedings{gehler2008bayesian,
  title={Bayesian color constancy revisited},
  author={Gehler, Peter Vincent and Rother, Carsten and Blake, Andrew and Minka, Tom and Sharp, Toby},
  booktitle={2008 IEEE Conference on Computer Vision and Pattern Recognition},
  pages={1--8},
  year={2008},
  organization={IEEE}
}

@article{chakrabarti2015color,
  title={Color constancy by learning to predict chromaticity from luminance},
  author={Chakrabarti, Ayan},
  journal={Advances in Neural Information Processing Systems},
  volume={28},
  year={2015}
}

@inproceedings{yu2020cascading,
  title={Cascading convolutional color constancy},
  author={Yu, Huanglin and Chen, Ke and Wang, Kaiqi and Qian, Yanlin and Zhang, Zhaoxiang and Jia, Kui},
  booktitle={Proceedings of the AAAI Conference on Artificial Intelligence},
  volume={34},
  number={07},
  pages={12725--12732},
  year={2020}
}

@article{shi2000re,
  title={Re-processed version of the gehler color constancy dataset of 568 images},
  author={Shi, Lilong},
  journal={http://www. cs. sfu. ca/\~{} color/data/},
  year={2000}
}