@INPROCEEDINGS{8237844,
  author={Qian, Yanlin and Chen, Ke and Nikkanen, Jarno and Kämäräinen, Joni-Kristian and Matas, Jiri},
  booktitle={2017 IEEE International Conference on Computer Vision (ICCV)}, 
  title={Recurrent Color Constancy}, 
  year={2017},
  volume={},
  number={},
  pages={5459-5467},
  keywords={Image color analysis;Lighting;Videos;Image sequences;Benchmark testing;Cameras},
  doi={10.1109/ICCV.2017.582}}

@inproceedings{Debevec1998,
author = {Debevec, Paul},
title = {Rendering Synthetic Objects into Real Scenes: Bridging Traditional and Image-Based Graphics with Global Illumination and High Dynamic Range Photography},
year = {1998},
isbn = {0897919998},
publisher = {Association for Computing Machinery},
address = {New York, NY, USA},
url = {https://doi.org/10.1145/280814.280864},
doi = {10.1145/280814.280864},
booktitle = {Proceedings of the 25th Annual Conference on Computer Graphics and Interactive Techniques},
pages = {189–198},
numpages = {10},
series = {SIGGRAPH '98}
}

@inproceedings{Koskinen2020CrossdatasetCC,
  title={Cross-dataset Color Constancy Revisited Using Sensor-to-Sensor Transfer},
  author={Samu Koskinen and Dan Yang and Joni-Kristian K{\"a}m{\"a}r{\"a}inen},
  booktitle={British Machine Vision Conference},
  year={2020},
  url={https://api.semanticscholar.org/CorpusID:221668923}
}

@article{WeijerGG07,
  author    = {Joost van de Weijer and
               Theo Gevers and
               Arjan Gijsenij},
  title     = {Edge-Based Color Constancy},
  journal   = {{IEEE} Trans. Image Process.},
  pages     = {2207--2214},
  year      = {2007}
}

@inproceedings{afifi2019sensor,
  title={Sensor-independent illumination estimation for DNN models},
  author={Afifi, Mahmoud and Brown, Michael S},
  booktitle={BMVC},
  year={2019}
}

@inproceedings{afifi2021cross,
  title={Cross-camera convolutional color constancy},
  author={Afifi, Mahmoud and Barron, Jonathan T and LeGendre, Chloe and Tsai, Yun-Ta and Bleibel, Francois},
  booktitle={Proceedings of the IEEE/CVF International Conference on Computer Vision},
  year={2021}
}

@inproceedings{akimoto2019360outpainting2stategan,
  title={360-degree image completion by two-stage conditional gans},
  author={Akimoto, Naofumi and Kasai, Seito and Hayashi, Masaki and Aoki, Yoshimitsu},
  booktitle={2019 IEEE International Conference on Image Processing (ICIP)},
  pages={4704--4708},
  year={2019},
  organization={IEEE}
}

@InProceedings{avrahami2022blendeddiffusion,
  author    = {Avrahami, Omri and Lischinski, Dani and Fried, Ohad},
  title     = {Blended Diffusion for Text-Driven Editing of Natural Images},
  booktitle = {Proceedings of the IEEE/CVF Conference on Computer Vision and Pattern Recognition (CVPR)},
  month     = {June},
  year      = {2022},
  pages     = {18208-18218}
}

@article{avrahami2023blendedlatent,
        author = {Avrahami, Omri and Fried, Ohad and Lischinski, Dani},
        title = {Blended Latent Diffusion},
        year = {2023},
        issue_date = {August 2023},
        publisher = {Association for Computing Machinery},
        address = {New York, NY, USA},
        volume = {42},
        number = {4},
        issn = {0730-0301},
        url = {https://doi.org/10.1145/3592450},
        doi = {10.1145/3592450},
        journal = {ACM Trans. Graph.},
        month = {jul},
        articleno = {149},
        numpages = {11},
        keywords = {zero-shot text-driven local image editing}
}

@inproceedings{barnard2000improvements,
	title={Improvements to gamut mapping colour constancy algorithms},
	author={Barnard, Kobus},
	booktitle={European conference on computer vision},
	year={2000}
}

@inproceedings{barron2015convolutional,
	title={Convolutional color constancy},
	author={Barron, Jonathan T},
	booktitle={International Conference on Computer Vision},
	year={2015}
}

@inproceedings{barron2017fast,
	title={Fast fourier color constancy},
	author={Barron, Jonathan T and Tsai, Yun-Ta},
	booktitle={Computer Vision and Pattern Recognition},
	year={2017}
}

@inproceedings{bianco2019quasi,
  title={Quasi-unsupervised color constancy},
  author={Bianco, Simone and Cusano, Claudio},
  booktitle={Proceedings of the IEEE/CVF Conference on Computer Vision and Pattern Recognition},
  year={2019}
}

@article{buchsbaum1980spatial,
  title={A spatial processor model for object colour perception},
  author={Buchsbaum, Gershon},
  journal={Journal of the Franklin institute},
  year={1980}
}

@inproceedings{calian2018faces,
  title={From faces to outdoor light probes},
  author={Calian, Dan A and Lalonde, Jean-Fran{\c{c}}ois and Gotardo, Paulo and Simon, Tomas and Matthews, Iain and Mitchell, Kenny},
  booktitle={Computer Graphics Forum},
  volume={37},
  number={2},
  pages={51--61},
  year={2018},
  organization={Wiley Online Library}
}

@article{chakrabarti2011color,
	title={Color constancy with spatio-spectral statistics},
	author={Chakrabarti, Ayan and Hirakawa, Keigo and Zickler, Todd},
	journal={IEEE Transactions on Pattern Analysis and Machine Intelligence},
	year={2011}
}

@inproceedings{dastjerdi2022immersegan,
  title={Guided Co-Modulated GAN for 360° Field of View Extrapolation},
  author={Dastjerdi, Mohammad Reza Karimi and Hold-Geoffroy, Yannick and Eisenmann, Jonathan and Khodadadeh, Siavash and Lalonde, Jean-Fran{\c{c}}ois},
  booktitle={2022 International Conference on 3D Vision (3DV)},
  pages={475--485},
  year={2022},
  organization={IEEE}
}

@inproceedings{dastjerdi2023everlight,
  title={Everlight: Indoor-outdoor editable hdr lighting estimation},
  author={Dastjerdi, Mohammad Reza Karimi and Eisenmann, Jonathan and Hold-Geoffroy, Yannick and Lalonde, Jean-Fran{\c{c}}ois},
  booktitle={Proceedings of the IEEE/CVF International Conference on Computer Vision},
  pages={7420--7429},
  year={2023}
}

@article{daume2006domain,
  title={Domain adaptation for statistical classifiers},
  author={Daume III, Hal and Marcu, Daniel},
  journal={Journal of artificial Intelligence research},
  year={2006}
}

@article{dhariwal2021diffusion,
  title={Diffusion models beat gans on image synthesis},
  author={Dhariwal, Prafulla and Nichol, Alexander},
  journal={Advances in neural information processing systems},
  year={2021}
}

@inproceedings{finlayson2004shades,
	title={Shades of gray and colour constancy},
	author={Finlayson, Graham D and Trezzi, Elisabetta},
	booktitle={Color and Imaging Conference},
	year={2004}
}

@inproceedings{funt2004estimating,
	title={Estimating illumination chromaticity via support vector regression},
	author={Funt, Brian and Xiong, Weihua},
	booktitle={Color and Imaging Conference},
	year={2004}
}

@article{gal2022image,
  title={An image is worth one word: Personalizing text-to-image generation using textual inversion},
  author={Gal, Rinon and Alaluf, Yuval and Atzmon, Yuval and Patashnik, Or and Bermano, Amit H and Chechik, Gal and Cohen-Or, Daniel},
  journal={arXiv preprint arXiv:2208.01618},
  year={2022}
}

@article{gao2017improving,
  title={Improving color constancy by discounting the variation of camera spectral sensitivity},
  author={Gao, Shao-Bing and Zhang, Ming and Li, Chao-Yi and Li, Yong-Jie},
  journal={JOSA A},
  year={2017},
}

@article{garcia2024fine,
  title={Fine-Tuning Image-Conditional Diffusion Models is Easier than You Think},
  author={Garcia, Gonzalo Martin and Zeid, Karim Abou and Schmidt, Christian and de Geus, Daan and Hermans, Alexander and Leibe, Bastian},
  journal={arXiv preprint arXiv:2409.11355},
  year={2024}
}

@article{garder2017lavelindoor,
author = {Gardner, Marc-Andr\'{e} and Sunkavalli, Kalyan and Yumer, Ersin and Shen, Xiaohui and Gambaretto, Emiliano and Gagn\'{e}, Christian and Lalonde, Jean-Fran\c{c}ois},
title = {Learning to Predict Indoor Illumination from a Single Image},
year = {2017},
issue_date = {December 2017},
publisher = {Association for Computing Machinery},
address = {New York, NY, USA},
volume = {36},
number = {6},
issn = {0730-0301},
url = {https://doi.org/10.1145/3130800.3130891},
doi = {10.1145/3130800.3130891},
abstract = {We propose an automatic method to infer high dynamic range illumination from a single, limited field-of-view, low dynamic range photograph of an indoor scene. In contrast to previous work that relies on specialized image capture, user input, and/or simple scene models, we train an end-to-end deep neural network that directly regresses a limited field-of-view photo to HDR illumination, without strong assumptions on scene geometry, material properties, or lighting. We show that this can be accomplished in a three step process: 1) we train a robust lighting classifier to automatically annotate the location of light sources in a large dataset of LDR environment maps, 2) we use these annotations to train a deep neural network that predicts the location of lights in a scene from a single limited field-of-view photo, and 3) we fine-tune this network using a small dataset of HDR environment maps to predict light intensities. This allows us to automatically recover high-quality HDR illumination estimates that significantly outperform previous state-of-the-art methods. Consequently, using our illumination estimates for applications like 3D object insertion, produces photo-realistic results that we validate via a perceptual user study.},
journal = {ACM Trans. Graph.},
month = {nov},
articleno = {176},
numpages = {14},
keywords = {deep learning, indoor illumination}
}

@inproceedings{garon2019fastspatialvary,
  title={Fast spatially-varying indoor lighting estimation},
  author={Garon, Mathieu and Sunkavalli, Kalyan and Hadap, Sunil and Carr, Nathan and Lalonde, Jean-Fran{\c{c}}ois},
  booktitle={Proceedings of the IEEE/CVF Conference on Computer Vision and Pattern Recognition},
  pages={6908--6917},
  year={2019}
}

@article{han2023svdiff,
  title={SVDiff: Compact Parameter Space for Diffusion Fine-Tuning},
  author={Han, Ligong and Li, Yinxiao and Zhang, Han and Milanfar, Peyman and Metaxas, Dimitris and Yang, Feng},
  journal={arXiv preprint arXiv:2303.11305},
  year={2023}
}

@inproceedings{hold2017outdoor,
  title={Deep outdoor illumination estimation},
  author={Hold-Geoffroy, Yannick and Sunkavalli, Kalyan and Hadap, Sunil and Gambaretto, Emiliano and Lalonde, Jean-Fran{\c{c}}ois},
  booktitle={Proceedings of the IEEE conference on computer vision and pattern recognition},
  pages={7312--7321},
  year={2017}
}

@article{hosek2012analytic,
  title={An analytic model for full spectral sky-dome radiance},
  author={Hosek, Lukas and Wilkie, Alexander},
  journal={ACM Transactions on Graphics (TOG)},
  volume={31},
  number={4},
  pages={1--9},
  year={2012},
  publisher={ACM New York, NY, USA}
}

@inproceedings{hu2017fc4,
	title={Fc4: Fully convolutional color constancy with confidence-weighted pooling},
	author={Hu, Yuanming and Wang, Baoyuan and Lin, Stephen},
	booktitle={Computer Vision and Pattern Recognition},
	year={2017}
}

@article{hu2021lora,
  title={Lora: Low-rank adaptation of large language models},
  author={Hu, Edward J and Shen, Yelong and Wallis, Phillip and Allen-Zhu, Zeyuan and Li, Yuanzhi and Wang, Shean and Wang, Lu and Chen, Weizhu},
  journal={arXiv preprint arXiv:2106.09685},
  year={2021}
}

@inproceedings{igtn,
  title={End-to-end illuminant estimation based on deep metric learning},
  author={Xu, Bolei and Liu, Jingxin and Hou, Xianxu and Liu, Bozhi and Qiu, Guoping},
  booktitle={Proceedings of the IEEE/CVF Conference on Computer Vision and Pattern Recognition},
  year={2020}
}

@inproceedings{joze2012role,
	title={The role of bright pixels in illumination estimation},
	author={Joze, Hamid Reza Vaezi and Drew, Mark S and Finlayson, Graham D and Rey, Perla Aurora Troncoso},
	booktitle={Color and Imaging Conference},
	year={2012}
}

@article{karsch2011rendering,
  title={Rendering synthetic objects into legacy photographs},
  author={Karsch, Kevin and Hedau, Varsha and Forsyth, David and Hoiem, Derek},
  journal={ACM Transactions on graphics (TOG)},
  volume={30},
  number={6},
  pages={1--12},
  year={2011},
  publisher={ACM New York, NY, USA}
}

@inproceedings{ke2023marigold,
  title={Repurposing diffusion-based image generators for monocular depth estimation},
  author={Ke, Bingxin and Obukhov, Anton and Huang, Shengyu and Metzger, Nando and Daudt, Rodrigo Caye and Schindler, Konrad},
  booktitle={Proceedings of the IEEE/CVF Conference on Computer Vision and Pattern Recognition},
  pages={9492--9502},
  year={2024}
}

@article{kingma2021variational,
  title={Variational diffusion models},
  author={Kingma, Diederik and Salimans, Tim and Poole, Ben and Ho, Jonathan},
  journal={Advances in neural information processing systems},
  year={2021}
}

@inproceedings{legendre2019deeplight,
  title={Deeplight: Learning illumination for unconstrained mobile mixed reality},
  author={LeGendre, Chloe and Ma, Wan-Chun and Fyffe, Graham and Flynn, John and Charbonnel, Laurent and Busch, Jay and Debevec, Paul},
  booktitle={Proceedings of the IEEE/CVF Conference on Computer Vision and Pattern Recognition},
  year={2019}
}

@article{liba2019handheld,
  title={Handheld mobile photography in very low light.},
  author={Liba, Orly and Murthy, Kiran and Tsai, Yun-Ta and Brooks, Tim and Xue, Tianfan and Karnad, Nikhil and He, Qiurui and Barron, Jonathan T and Sharlet, Dillon and Geiss, Ryan and others},
  journal={ACM Trans. Graph.},
  year={2019}
}

@inproceedings{lin2024common,
  title={Common diffusion noise schedules and sample steps are flawed},
  author={Lin, Shanchuan and Liu, Bingchen and Li, Jiashi and Yang, Xiao},
  booktitle={Proceedings of the IEEE/CVF winter conference on applications of computer vision},
  year={2024}
}

@inproceedings{lo2021clcc,
  title={Clcc: Contrastive learning for color constancy},
  author={Lo, Yi-Chen and Chang, Chia-Che and Chiu, Hsuan-Chao and Huang, Yu-Hao and Chen, Chia-Ping and Chang, Yu-Lin and Jou, Kevin},
  booktitle={Proceedings of the IEEE/CVF Conference on Computer Vision and Pattern Recognition},
  year={2021}
}

@article{lombardi2015reflectance,
  title={Reflectance and illumination recovery in the wild},
  author={Lombardi, Stephen and Nishino, Ko},
  journal={IEEE transactions on pattern analysis and machine intelligence},
  volume={38},
  number={1},
  pages={129--141},
  year={2015},
  publisher={IEEE}
}

@article{nishino2004eyes,
  title={Eyes for relighting},
  author={Nishino, Ko and Nayar, Shree K},
  journal={ACM Transactions on Graphics (TOG)},
  volume={23},
  number={3},
  pages={704--711},
  year={2004},
  publisher={ACM New York, NY, USA}
}

@article{oft2023,
  author    = {Qiu, Zeju and Liu, Weiyang and Feng, Haiwen and Xue, Yuxuan and Feng, Yao and Liu, Zhen and Zhang, Dan and Weller, Adrian and Schölkopf, Bernhard},
  title     = {Controlling Text-to-Image Diffusion by Orthogonal Finetuning},
  journal   = {arXiv preprint arXiv:2306.07280},
  year      = {2023},
}

@inproceedings{phongthawee2024diffusionlight,
  title={Diffusionlight: Light probes for free by painting a chrome ball},
  author={Phongthawee, Pakkapon and Chinchuthakun, Worameth and Sinsunthithet, Nontaphat and Jampani, Varun and Raj, Amit and Khungurn, Pramook and Suwajanakorn, Supasorn},
  booktitle={Proceedings of the IEEE/CVF Conference on Computer Vision and Pattern Recognition},
  pages={98--108},
  year={2024}
}

@inproceedings{qian2019finding,
	title={On Finding Gray Pixels},
	author={Qian, Yanlin and Kamarainen, Joni-Kristian and Nikkanen, Jarno and Matas, Jiri},
	booktitle={Computer Vision and Pattern Recognition},
	year={2019}
}

@misc{rombach2021highresolution,
      title={High-Resolution Image Synthesis with Latent Diffusion Models}, 
      author={Robin Rombach and Andreas Blattmann and Dominik Lorenz and Patrick Esser and Björn Ommer},
      year={2021},
      eprint={2112.10752},
      archivePrefix={arXiv},
      primaryClass={cs.CV}
}

@inproceedings{ronneberger2015u,
  title={U-net: Convolutional networks for biomedical image segmentation},
  author={Ronneberger, Olaf and Fischer, Philipp and Brox, Thomas},
  booktitle={Medical image computing and computer-assisted intervention--MICCAI 2015: 18th international conference, Munich, Germany, October 5-9, 2015, proceedings, part III 18},
  year={2015}
}

@article{ruiz2022dreambooth,
  title={Dreambooth: Fine tuning text-to-image diffusion models for subject-driven generation},
  author={Ruiz, Nataniel and Li, Yuanzhen and Jampani, Varun and Pritch, Yael and Rubinstein, Michael and Aberman, Kfir},
  journal={arXiv preprint arXiv:2208.12242},
  year={2022}
}

@inproceedings{saenko2010adapting,
  title={Adapting visual category models to new domains},
  author={Saenko, Kate and Kulis, Brian and Fritz, Mario and Darrell, Trevor},
  booktitle={Computer Vision--ECCV 2010: 11th European Conference on Computer Vision, Heraklion, Crete, Greece, September 5-11, 2010, Proceedings, Part IV 11},
  year={2010}
}

@inproceedings{shi2016deep,
  title={Deep Specialized Network for Illuminant Estimation},
  author={Shi, Wu and Loy, Chen Change and Tang, Xiaoou},
  booktitle={European Conference on Computer Vision},
  pages={371--387},
  year={2016},
  organization={Springer}
}

@inproceedings{sohl2015deep,
  title={Deep unsupervised learning using nonequilibrium thermodynamics},
  author={Sohl-Dickstein, Jascha and Weiss, Eric and Maheswaranathan, Niru and Ganguli, Surya},
  booktitle={International conference on machine learning},
  year={2015}
}

@article{voynov2023P+,
  title={P+: Extended Textual Conditioning in Text-to-Image Generation},
  author={Voynov, Andrey and Chu, Qinghao and Cohen-Or, Daniel and Aberman, Kfir},
  booktitle={arXiv preprint},
  year={2023}
}

@inproceedings{wang2022stylelight,
  title={Stylelight: Hdr panorama generation for lighting estimation and editing},
  author={Wang, Guangcong and Yang, Yinuo and Loy, Chen Change and Liu, Ziwei},
  booktitle={European Conference on Computer Vision},
  pages={477--492},
  year={2022},
  organization={Springer}
}

@inproceedings{weber2018learning,
  title={Learning to estimate indoor lighting from 3d objects},
  author={Weber, Henrique and Pr{\'e}vost, Donald and Lalonde, Jean-Fran{\c{c}}ois},
  booktitle={2018 International Conference on 3D Vision (3DV)},
  pages={199--207},
  year={2018},
  organization={IEEE}
}

@inproceedings{yang2023paint,
  title={Paint by example: Exemplar-based image editing with diffusion models},
  author={Yang, Binxin and Gu, Shuyang and Zhang, Bo and Zhang, Ting and Chen, Xuejin and Sun, Xiaoyan and Chen, Dong and Wen, Fang},
  booktitle={Proceedings of the IEEE/CVF Conference on Computer Vision and Pattern Recognition},
  pages={18381--18391},
  year={2023}
}

@article{ye2023ip-adapter,
  title={IP-Adapter: Text Compatible Image Prompt Adapter for Text-to-Image Diffusion Models},
  author={Ye, Hu and Zhang, Jun and Liu, Sibo and Han, Xiao and Yang, Wei},
  booktitle={arXiv preprint arxiv:2308.06721},
  year={2023}
}

@inproceedings{yi2018faces,
  title={Faces as lighting probes via unsupervised deep highlight extraction},
  author={Yi, Renjiao and Zhu, Chenyang and Tan, Ping and Lin, Stephen},
  booktitle={Proceedings of the European Conference on computer vision (ECCV)},
  pages={317--333},
  year={2018}
}

@inproceedings{yu2020cascading,
  title={Cascading convolutional color constancy},
  author={Yu, Huanglin and Chen, Ke and Wang, Kaiqi and Qian, Yanlin and Zhang, Zhaoxiang and Jia, Kui},
  booktitle={Proceedings of the AAAI Conference on Artificial Intelligence},
  volume={34},
  number={07},
  pages={12725--12732},
  year={2020}
}

@misc{zhang2023adding,
  title={Adding Conditional Control to Text-to-Image Diffusion Models}, 
  author={Lvmin Zhang and Anyi Rao and Maneesh Agrawala},
  booktitle={IEEE International Conference on Computer Vision (ICCV)},
  year={2023},
}

