@inbook{Sammut2010,
  author="Sammut, Claude",
  title={\href{https://doi.org/10.1007/978-0-387-30164-8_185}{Credit Assignment}},
  bookTitle="Encyclopedia of Machine Learning",
  year="2010",
  publisher="Springer US",
  pages={238--242},
}

@inproceedings{agogino2004unifying,
  title={\href{https://doi.org/10.1109/AAMAS.2004.10098}{Unifying temporal and structural credit assignment problems}},
  author={Agogino, Adrian K and Tumer, Kagan},
  booktitle={Autonomous Agents and Multi-Agent Systems Conference},
  year={2004},
  pages={980-987}
}

@misc{brown2020language,
  title={\href{https://arxiv.org/pdf/2005.14165}{Language models are few-shot learners}},
  author={Tom Brown and Benjamin Mann and Nick Ryder and Melanie Subbiah and Jared Kaplan and Prafulla Dhariwal and Arvind Neelakantan and Pranav Shyam and Girish Sastry and Amanda Askell and Sandhini Agarwal and Ariel Herbert-Voss and Gretchen Krueger and Tom Henighan and Rewon Child and Aditya Ramesh and Daniel M. Ziegler and Jeffrey Wu and Clemens Winter and Christopher Hesse and Mark Chen and Eric Sigler and Mateusz Litwin and Scott Gray and Benjamin Chess and Jack Clark and Christopher Berner and Sam McCandlish and Alec Radford and Ilya Sutskever and Dario Amodei},
  howpublished={arXiv preprint arXiv:2005.14165},
  year={2020}
}

@article{carta2022eager,
  title={\href{https://proceedings.neurips.cc/paper_files/paper/2022/file/50eb39ab717507cccbe2b8590de32030-Paper-Conference.pdf}{Eager: Asking and answering questions for automatic reward shaping in language-guided RL}},
  author={Carta, Thomas and Oudeyer, Pierre-Yves and Sigaud, Olivier and Lamprier, Sylvain},
  journal={Advances in Neural Information Processing Systems},
  volume={35},
  pages={12478--12490},
  year={2022}
}

@article{chen2023multi,
  title={Multi-Agent Consensus Seeking via Large Language Models},
  author={Huaben Chen and Wenkang Ji and Lufeng Xu and Shiyu Zhao},
  journal={ArXiv},
  year={2023},
  volume={abs/2310.20151},
  url={https://api.semanticscholar.org/CorpusID:264816702}
}

@article{feng2022multi,
  title={\href{https://www.mdpi.com/2076-3417/12/14/6938/pdf}{Multi-level credit assignment for cooperative multi-agent reinforcement learning}},
  author={Feng, Lei and Xie, Yuxuan and Liu, Bing and Wang, Shuyan},
  journal={Applied Sciences},
  volume={12},
  number={14},
  pages={6938},
  year={2022},
  publisher={MDPI}
}

@inproceedings{foerster2018counterfactual,
  title={\href{https://doi.org/10.1609/aaai.v32i1.11794}{Counterfactual multi-agent policy gradients}},
  author={Foerster, Jakob and Farquhar, Gregory and Afouras, Triantafyllos and Nardelli, Nantas and Whiteson, Shimon},
  booktitle={AAAI Conference on Artificial Intelligence},
  volume={32},
  year={2018},
  pages={2974-2982}
}

@inproceedings{goyal2019using,
  title={\href{https://arxiv.org/pdf/1903.02020}{Using natural language for reward shaping in reinforcement learning}},
  author={Goyal, Prasoon and Niekum, Scott and Mooney, Raymond J},
  booktitle={28th International Joint Conference on Artificial Intelligence},
  year={2019},
  pages={2385-2391}
}

@inproceedings{han2022multiagent,
  title={\href{https://arxiv.org/pdf/2112.13937}{Multiagent model-based credit assignment for continuous control}},
  author={Han, Dongge and Lu, Chris Xiaoxuan and Michalak, Tomasz and Wooldridge, Michael},
  booktitle={21st International Conference on Autonomous Agents and Multiagent Systems},
  pages={571--579},
  year={2022}
}

@inproceedings{hongmetagpt,
  title={MetaGPT: Meta Programming for A Multi-Agent Collaborative Framework},
  year={2023},
  author={Hong, Sirui and Zhuge, Mingchen and Chen, Jonathan and Zheng, Xiawu and Cheng, Yuheng and Wang, Jinlin and Zhang, Ceyao and Wang, Zili and Yau, Steven Ka Shing and Lin, Zijuan and others},
  booktitle={The Twelfth International Conference on Learning Representations}
}

@inproceedings{huang2022language,
  title={\href{https://proceedings.mlr.press/v162/huang22a/huang22a.pdf}{Language models as zero-shot planners: Extracting actionable knowledge for embodied agents}},
  author={Huang, Wenlong and Abbeel, Pieter and Pathak, Deepak and Mordatch, Igor},
  booktitle={International Conference on Machine Learning},
  pages={9118--9147},
  year={2022},
  organization={PMLR}
}

@misc{kannan2023smart,
  title={\href{https://arxiv.org/pdf/2309.10062}{Smart-LLM: Smart multi-agent robot task planning using large language models}},
  author={Kannan, Shyam Sundar and Venkatesh, Vishnunandan LN and Min, Byung-Cheol},
  howpublished={arXiv preprint arXiv:2309.10062},
  year={2023}
}

@inproceedings{kenton2019bert,
  title={\href{https://arxiv.org/pdf/1810.04805}{BERT: Pre-training of deep bidirectional transformers for language understanding}},
  author={Kenton, Jacob Devlin Ming-Wei Chang and Toutanova, Lee Kristina},
  booktitle={Annual Conference of the North American Chapter of the Association for Computational Linguistics},
  volume={1},
  pages={2},
  year={2019}
}

@article{kim2024survey,
  title={\href{https://link.springer.com/content/pdf/10.1007/s11370-024-00550-5.pdf}{A survey on integration of large language models with intelligent robots}},
  author={Kim, Yeseung and Kim, Dohyun and Choi, Jieun and Park, Jisang and Oh, Nayoung and Park, Daehyung},
  journal={Intelligent Service Robotics},
  pages={1091â€“1107},
  volume={17},
  year={2024},
  publisher={Springer}
}

@inproceedings{mahajan2019maven,
  title={\href{https://proceedings.neurips.cc/paper/2019/file/f816dc0acface7498e10496222e9db10-Paper.pdf}{MAVEN: Multi-agent variational exploration}},
  author={Mahajan, Anuj and Rashid, Tabish and Samvelyan, Mikayel and Whiteson, Shimon},
  booktitle={33rd International Conference on Neural Information Processing Systems},
  volume={32},
  year={2019},
  pages={7613-7624}
}

@inproceedings{mandi2024roco,
  title={\href{https://doi.org/10.1109/ICRA57147.2024.10610855}{RoCo: Dialectic multi-robot collaboration with large language models}},
  author={Mandi, Zhao and Jain, Shreeya and Song, Shuran},
  booktitle={International Conference on Robotics and Automation},
  pages={286--299},
  year={2024},
  organization={IEEE}
}

@inproceedings{nguyen2018credit,
  title={\href{http://papers.neurips.cc/paper/8033-credit-assignment-for-collective-multiagent-rl-with-global-rewards.pdf}{Credit assignment for collective multiagent RL with global rewards}},
  author={Nguyen, Duc Thien and Kumar, Akshat and Lau, Hoong Chuin},
  booktitle={32nd International Conference on Neural Information Processing Systems},
  volume={31},
  year={2018},
  pages={8113-8124}
}

@inproceedings{pignatelli2024assessing,
  title={\href{https://openreview.net/pdf?id=MFw8K5705I}{Assessing the zero-shot capabilities of LLMs for action evaluation in RL}},
  author={Eduardo Pignatelli and Johan Ferret and Davide Paglieri and Samuel Coward and Tim Rockt{\"a}schel and Edward Grefenstette and Laura Toni},
  booktitle={Automated Reinforcement Learning: Exploring Meta-Learning, AutoML, and LLMs},
  year={2024},
  organization={ICML}
}

@inproceedings{rahmattalabi2016d++,
  title={\href{https://doi.org/10.1109/IROS.2016.7759651}{D++: Structural credit assignment in tightly coupled multiagent domains}},
  author={Rahmattalabi, Aida and Chung, Jen Jen and Colby, Mitchell and Tumer, Kagan},
  booktitle={IEEE/RSJ International Conference on Intelligent Robots and Systems},
  pages={4424--4429},
  year={2016},
  organization={IEEE}
}

@article{rashid2020monotonic,
  title={\href{https://www.jmlr.org/papers/volume21/20-081/20-081.pdf}{Monotonic value function factorisation for deep multi-agent reinforcement learning}},
  author={Rashid, Tabish and Samvelyan, Mikayel and De Witt, Christian Schroeder and Farquhar, Gregory and Foerster, Jakob and Whiteson, Shimon},
  journal={Journal of Machine Learning Research},
  volume={21},
  number={178},
  pages={1--51},
  year={2020}
}

@article{seo2019rewards,
  title={\href{https://doi.org/10.1109/ACCESS.2019.2936863}{Rewards prediction-based credit assignment for reinforcement learning with sparse binary rewards}},
  author={Seo, Minah and Vecchietti, Luiz Felipe and Lee, Sangkeum and Har, Dongsoo},
  journal={IEEE Access},
  volume={7},
  pages={118776--118791},
  year={2019},
  publisher={IEEE}
}

@phdthesis{singh2021credit,
  title={\href{https://ink.library.smu.edu.sg/cgi/viewcontent.cgi?article=1362&context=etd_coll}{Credit assignment in multiagent reinforcement learning for large agent population}},
  author={Singh, Arambam James},
  year={2021},
  school={Singapore Management University}
}

@inproceedings{son2019qtran,
  title={\href{http://proceedings.mlr.press/v97/son19a/son19a.pdf}{QTRAN: Learning to factorize with transformation for cooperative multi-agent reinforcement learning}},
  author={Son, Kyunghwan and Kim, Daewoo and Kang, Wan Ju and Hostallero, David Earl and Yi, Yung},
  booktitle={International Conference on Machine Learning},
  pages={5887--5896},
  year={2019},
  organization={PMLR}
}

@misc{sun2024llm,
  title={\href{https://arxiv.org/pdf/2405.11106}{LLM-based multi-agent reinforcement learning: Current and future directions}},
  author={Sun, Chuanneng and Huang, Songjun and Pompili, Dario},
  howpublished={arXiv preprint arXiv:2405.11106},
  year={2024}
}

@inproceedings{sunehag2018VDN,
  title={\href{https://arxiv.org/pdf/1706.05296}{Value-decomposition networks for cooperative multi-agent learning based on team reward}},
  author={Sunehag, Peter and Lever, Guy and Gruslys, Audrunas and Czarnecki, Wojciech Marian and Zambaldi, Vinicius and Jaderberg, Max and Lanctot, Marc and Sonnerat, Nicolas and Leibo, Joel Z and Tuyls, Karl and others},
  booktitle={17th International Conference on Autonomous Agents and MultiAgent Systems},
  pages={2085--2087},
  year={2018}
}

@article{taniguchi2024hierarchical,
  title={\href{https://www.ncbi.nlm.nih.gov/pmc/articles/PMC11324419/}{Hierarchical path planning from speech instructions with spatial concept-based topometric semantic mapping}},
  author={Taniguchi, Akira and Ito, Shuya and Taniguchi, Tadahiro},
  journal={Frontiers in Robotics and AI},
  volume={11},
  year={2024},
  pages={10},
  publisher={Frontiers Media SA}
}

@inproceedings{vaswani2017attention,
  title={\href{https://proceedings.neurips.cc/paper/2017/file/3f5ee243547dee91fbd053c1c4a845aa-Paper.pdf}{Attention is all you need}},
  author={Vaswani, Ashish and Shazeer, Noam and Parmar, Niki and Uszkoreit, Jakob and Jones, Llion and Gomez, Aidan N and Kaiser, Lukasz and Polosukhin, Illia},
  booktitle={31st Conference on Neural Information Processing Systems},
  year={2017},
  pages={6000-6010}
}

@inproceedings{wang2020shapley,
  title={\href{https://ojs.aaai.org/index.php/AAAI/article/download/6220/6076}{Shapley Q-value: A local reward approach to solve global reward games}},
  author={Wang, Jianhong and Zhang, Yuan and Kim, Tae-Kyun and Gu, Yunjie},
  booktitle={AAAI Conference on Artificial Intelligence},
  volume={34},
  pages={7285--7292},
  year={2020}
}

@inproceedings{weiss1995distributed,
  title={\href{https://doi.org/10.1007/978-3-642-79629-6_18}{Distributed reinforcement learning}},
  author={Wei{\ss}, Gerhard},
  booktitle={The Biology and Technology of Intelligent Autonomous Agents},
  pages={415--428},
  year={1995},
  organization={Springer}
}

@inproceedings{yang2020QDPP,
  title={\href{http://proceedings.mlr.press/v119/yang20i/yang20i.pdf}{Multi-agent determinantal Q-learning}},
  author={Yang, Yaodong and Wen, Ying and Wang, Jun and Chen, Liheng and Shao, Kun and Mguni, David and Zhang, Weinan},
  booktitle={International Conference on Machine Learning},
  pages={10757--10766},
  year={2020},
  organization={PMLR}
}

@article{yu2022surprising,
  title={\href{https://proceedings.neurips.cc/paper_files/paper/2022/file/9c1535a02f0ce079433344e14d910597-Paper-Datasets_and_Benchmarks.pdf}{The surprising effectiveness of PPO in cooperative multi-agent games}},
  author={Yu, Chao and Velu, Akash and Vinitsky, Eugene and Gao, Jiaxuan and Wang, Yu and Bayen, Alexandre and Wu, Yi},
  journal={Advances in Neural Information Processing Systems},
  volume={35},
  pages={24611--24624},
  year={2022}
}

@inproceedings{zhang2020pegasus,
  title={\href{https://arxiv.org/pdf/1912.08777}{PEGASUS: Pre-training with extracted gap-sentences for abstractive summarization}},
  author={Zhang, Jingqing and Zhao, Yao and Saleh, Mohammad and Liu, Peter},
  booktitle={International Conference on Machine Learning},
  pages={11328--11339},
  year={2020},
  organization={PMLR}
}

@article{zhou2020learning,
  title={\href{https://arxiv.org/pdf/2007.02529}{Learning implicit credit assignment for cooperative multi-agent reinforcement learning}},
  author={Zhou, Meng and Liu, Ziyu and Sui, Pengwei and Li, Yixuan and Chung, Yuk Ying},
  journal={Advances in Neural Information Processing Systems},
  volume={33},
  pages={11853--11864},
  year={2020}
}

@misc{zhuang2024yolo,
  title={\href{https://arxiv.org/pdf/2410.03997}{YOLO-MARL: You only LLM once for multi-agent reinforcement learning}},
  author={Zhuang, Yuan and Shen, Yi and Zhang, Zhili and Chen, Yuxiao and Miao, Fei},
  howpublished={arXiv preprint arXiv:2410.03997},
  year={2024}
}

