% Introduction
@inproceedings{xu2022maddpg,
  title={\href{https://doi.org/10.1007/978-981-19-3998-3_24}{MADDPG: Multi-agent deep deterministic policy gradient algorithm for formation elliptical encirclement and collision avoidance}},
  author={Xu, Leixin and Chen, Weibin and Liu, Xiang and Chen, Yang-Yang},
  booktitle={5th Chinese Conference on Swarm Intelligence and Cooperative Control},
  pages={239--250},
  year={2021},
  organization={Springer}
}


@article{lake2017building,
  title={Building machines that learn and think like people},
  author={Lake, Brenden M and Ullman, Tomer D and Tenenbaum, Joshua B and Gershman, Samuel J},
  journal={Behavioral and brain sciences},
  volume={40},
  pages={e253},
  year={2017},
  publisher={Cambridge University Press}
}

@inproceedings{ijcai2024p4,
  title = {\href{https://doi.org/10.24963/ijcai.2024/4}{PTDE: Personalized training with distilled execution for multi-agent reinforcement learning}},
  author = {Chen, Yiqun and Mao, Hangyu and Mao, Jiaxin and Wu, Shiguang and Zhang, Tianle and Zhang, Bin and Yang, Wei and Chang, Hongxing},
  booktitle = {33rd International Joint Conference on Artificial Intelligence},
  publisher = {International Joint Conferences on Artificial Intelligence Organization},
  pages = {31--39},
  year = {2024}
}

@misc{li2024agentmixer,
  title={AgentMixer: Multi-Agent Correlated Policy Factorization},
  author={Zhiyuan Li and Wenshuai Zhao and Lijun Wu and Joni Pajarinen},
  year={2024},
  url={https://openreview.net/forum?id=tzD9HVgeVx}
}

@inproceedings{mirchandani2023large,
  title={\href{https://arxiv.org/pdf/2307.04721}{Large language models as general pattern machines}},
  author={Mirchandani, Suvir and Xia, Fei and Florence, Pete and Ichter, Brian and Driess, Danny and Arenas, Montserrat Gonzalez and Rao, Kanishka and Sadigh, Dorsa and Zeng, Andy},
  booktitle={7th Annual Conference on Robot Learning},
  organization = {PMLR},
  pages = {2498-2518},
  year={2023}
}


@inproceedings{haggstrom2023large,
  title={\href{https://www.mdpi.com/2813-0324/8/1/68/pdf}{Are large language models intelligent? Are humans?}},
  author={H{\"a}ggstr{\"o}m, Olle},
  booktitle={Computer Sciences \& Mathematics Forum},
  volume={8},
  pages={68},
  year={2023},
  organization={MDPI}
}

@article{he2024exploring,
  title={\href{https://arxiv.org/pdf/2305.04118}{Exploring human-like translation strategy with large language models}},
  author={He, Zhiwei and Liang, Tian and Jiao, Wenxiang and Zhang, Zhuosheng and Yang, Yujiu and Wang, Rui and Tu, Zhaopeng and Shi, Shuming and Wang, Xing},
  journal={Transactions of the Association for Computational Linguistics},
  volume={12},
  pages={229--246},
  year={2024},
  publisher={MIT Press}
}

@techreport{perrault2024artificial,
  title={\href{https://aiindex.stanford.edu/report}{Artificial Intelligence Index Report}},
  author={Perrault, Ray and Clark, Jack},
  year={2024},
  institution = {Stanford University Human-Centered Artificial Intelligence}
}

@inproceedings{hurfin1999general,
  title={\href{https://doi.org/10.1109/RELDIS.1999.805083}{A general framework to solve agreement problems}},
  author={Hurfin, Michel and Mac{\^e}do, Raimundo and Raynal, Michel and Tronel, Frederic},
  booktitle={18th IEEE Symposium on Reliable Distributed Systems},
  pages={56--65},
  year={1999},
  organization={IEEE}
}

@misc{du2023review,
  title={\href{https://arxiv.org/pdf/2312.05162v1}{A review of cooperation in multi-agent learning}},
  author={Du, Yali and Leibo, Joel Z and Islam, Usman and Willis, Richard and Sunehag, Peter},
  howpublished={arXiv preprint arXiv:2312.05162},
  year={2023}
}

@inproceedings{bhatt2023efficient,
  title={\href{https://doi.org/10.1109/IROS55552.2023.10342328}{Efficient constrained multi-agent trajectory optimization using dynamic potential games}},
  author={Bhatt, Maulik and Jia, Yixuan and Mehr, Negar},
  booktitle={2023 IEEE/RSJ International Conference on Intelligent Robots and Systems (IROS)},
  pages={7303--7310},
  year={2023},
  organization={IEEE}
}

@inbook{zhang2021multi,
  title={\href{https://arxiv.org/pdf/1911.10635}{Multi-agent reinforcement learning: A selective overview of theories and algorithms}},
  author={Zhang, Kaiqing and Yang, Zhuoran and Ba{\c{s}}ar, Tamer},
  journal={Handbook of Reinforcement Learning and Control},
  pages={321--384},
  year={2021},
  publisher={Springer},
  chapter = {12}
}

@inproceedings{memarian2021self,
  title={\href{https://arxiv.org/pdf/2103.04529}{Self-supervised online reward shaping in sparse-reward environments}},
  author={Memarian, Farzan and Goo, Wonjoon and Lioutikov, Rudolf and Niekum, Scott and Topcu, Ufuk},
  booktitle={IEEE/RSJ International Conference on Intelligent Robots and Systems (IROS)},
  pages={2369--2375},
  year={2021},
  organization={IEEE}
}

@inproceedings{nagpal2023optimal,
  title={\href{https://arxiv.org/abs/2310.17115}{Optimal robotic assembly sequence planning: A sequential decision-making approach}},
  author={Nagpal, Kartik and Mehr, Negar},
  booktitle={IEEE/RSJ International Conference on Intelligent Robots and Systems},
  year={2024},
  organization={IEEE}
}

@inproceedings{van2016deep,
  title={\href{https://cdn.aaai.org/ojs/10295/10295-13-13823-1-2-20201228.pdf}{Deep reinforcement learning with double Q-learning}},
  author={Van Hasselt, Hado and Guez, Arthur and Silver, David},
  booktitle={AAAI Conference on Artificial Intelligence},
  volume={30},
  year={2016},
  pages={2094-2100}
}

@misc{DBLP:journals/corr/abs-2103-06224,
  author={Dilip Arumugam and Peter Henderson and Pierre-Luc Bacon},
  title={\href{https://arxiv.org/abs/2103.06224}{An information-theoretic perspective on credit assignment in reinforcement learning}},
  year={2021},
  howpublished={arXiv preprint arXiv:2103.06224},
}

@book{sutton1984temporal,
  title={Temporal credit assignment in reinforcement learning},
  author={Sutton, Richard Stuart},
  year={1984},
  publisher={University of Massachusetts Amherst}
}


@inproceedings{jiang2023offline,
  title={Offline Decentralized Multi-Agent Reinforcement Learning.},
  author={Jiang, Jiechuan and Lu, Zongqing},
  booktitle={ECAI},
  pages={1148--1155},
  year={2023}
}


@article{wang2024offline,
  title={Offline multi-agent reinforcement learning with implicit global-to-local value regularization},
  author={Wang, Xiangsen and Xu, Haoran and Zheng, Yinan and Zhan, Xianyuan},
  journal={Advances in Neural Information Processing Systems},
  volume={36},
  year={2024}
}




% Related Work
@inbook{Sammut2010,
  author="Sammut, Claude",
  title={\href{https://doi.org/10.1007/978-0-387-30164-8_185}{Credit Assignment}},
  bookTitle="Encyclopedia of Machine Learning",
  year="2010",
  publisher="Springer US",
  pages={238--242},
}

@inproceedings{weiss1995distributed,
  title={\href{https://doi.org/10.1007/978-3-642-79629-6_18}{Distributed reinforcement learning}},
  author={Wei{\ss}, Gerhard},
  booktitle={The Biology and Technology of Intelligent Autonomous Agents},
  pages={415--428},
  year={1995},
  organization={Springer}
}


@article{seo2019rewards,
  title={\href{https://doi.org/10.1109/ACCESS.2019.2936863}{Rewards prediction-based credit assignment for reinforcement learning with sparse binary rewards}},
  author={Seo, Minah and Vecchietti, Luiz Felipe and Lee, Sangkeum and Har, Dongsoo},
  journal={IEEE Access},
  volume={7},
  pages={118776--118791},
  year={2019},
  publisher={IEEE}
}

@article{parker2016multiple,
  title={\href{https://web.eecs.utk.edu/~leparker/publications/Ch53-Multi-Mobile-Robots.pdf}{Multiple mobile robot systems}},
  author={Parker, Lynne E and Rus, Daniela and Sukhatme, Gaurav S},
  journal={Springer Handbook of Robotics},
  pages={1335--1384},
  year={2016},
  publisher={Springer}
}

@inproceedings{fung1999solving,
  title={\href{https://www.academia.edu/download/7865132/00825349.pdf}{Solving credit assignment problem in behavior coordination learning via robot action decomposition}},
  author={Fung, Wai Keung and Liu, Yun Hui},
  booktitle={International Conference on Systems, Man, and Cybernetics},
  volume={2},
  pages={716--721},
  year={1999},
  organization={IEEE}
}

@inproceedings{agogino2004unifying,
  title={\href{https://doi.org/10.1109/AAMAS.2004.10098}{Unifying temporal and structural credit assignment problems}},
  author={Agogino, Adrian K and Tumer, Kagan},
  booktitle={Autonomous Agents and Multi-Agent Systems Conference},
  year={2004},
  pages={980-987}
}


@inproceedings{nguyen2018credit,
  title={\href{http://papers.neurips.cc/paper/8033-credit-assignment-for-collective-multiagent-rl-with-global-rewards.pdf}{Credit assignment for collective multiagent RL with global rewards}},
  author={Nguyen, Duc Thien and Kumar, Akshat and Lau, Hoong Chuin},
  booktitle={32nd International Conference on Neural Information Processing Systems},
  volume={31},
  year={2018},
  pages={8113-8124}
}

@article{feng2022multi,
  title={\href{https://www.mdpi.com/2076-3417/12/14/6938/pdf}{Multi-level credit assignment for cooperative multi-agent reinforcement learning}},
  author={Feng, Lei and Xie, Yuxuan and Liu, Bing and Wang, Shuyan},
  journal={Applied Sciences},
  volume={12},
  number={14},
  pages={6938},
  year={2022},
  publisher={MDPI}
}

@phdthesis{singh2021credit,
  title={\href{https://ink.library.smu.edu.sg/cgi/viewcontent.cgi?article=1362&context=etd_coll}{Credit assignment in multiagent reinforcement learning for large agent population}},
  author={Singh, Arambam James},
  year={2021},
  school={Singapore Management University}
}

@inproceedings{han2022multiagent,
  title={\href{https://arxiv.org/pdf/2112.13937}{Multiagent model-based credit assignment for continuous control}},
  author={Han, Dongge and Lu, Chris Xiaoxuan and Michalak, Tomasz and Wooldridge, Michael},
  booktitle={21st International Conference on Autonomous Agents and Multiagent Systems},
  pages={571--579},
  year={2022}
}

@inproceedings{wang2020shapley,
  title={\href{https://ojs.aaai.org/index.php/AAAI/article/download/6220/6076}{Shapley Q-value: A local reward approach to solve global reward games}},
  author={Wang, Jianhong and Zhang, Yuan and Kim, Tae-Kyun and Gu, Yunjie},
  booktitle={AAAI Conference on Artificial Intelligence},
  volume={34},
  pages={7285--7292},
  year={2020}
}

@inproceedings{rahmattalabi2016d++,
  title={\href{https://doi.org/10.1109/IROS.2016.7759651}{D++: Structural credit assignment in tightly coupled multiagent domains}},
  author={Rahmattalabi, Aida and Chung, Jen Jen and Colby, Mitchell and Tumer, Kagan},
  booktitle={IEEE/RSJ International Conference on Intelligent Robots and Systems},
  pages={4424--4429},
  year={2016},
  organization={IEEE}
}

@inproceedings{foerster2018counterfactual,
  title={\href{https://doi.org/10.1609/aaai.v32i1.11794}{Counterfactual multi-agent policy gradients}},
  author={Foerster, Jakob and Farquhar, Gregory and Afouras, Triantafyllos and Nardelli, Nantas and Whiteson, Shimon},
  booktitle={AAAI Conference on Artificial Intelligence},
  volume={32},
  year={2018},
  pages={2974-2982}
}


@article{kim2024survey,
  title={\href{https://link.springer.com/content/pdf/10.1007/s11370-024-00550-5.pdf}{A survey on integration of large language models with intelligent robots}},
  author={Kim, Yeseung and Kim, Dohyun and Choi, Jieun and Park, Jisang and Oh, Nayoung and Park, Daehyung},
  journal={Intelligent Service Robotics},
  pages={1091–1107},
  volume={17},
  year={2024},
  publisher={Springer}
}

@inproceedings{huang2022language,
  title={\href{https://proceedings.mlr.press/v162/huang22a/huang22a.pdf}{Language models as zero-shot planners: Extracting actionable knowledge for embodied agents}},
  author={Huang, Wenlong and Abbeel, Pieter and Pathak, Deepak and Mordatch, Igor},
  booktitle={International Conference on Machine Learning},
  pages={9118--9147},
  year={2022},
  organization={PMLR}
}

@article{taniguchi2024hierarchical,
  title={\href{https://www.ncbi.nlm.nih.gov/pmc/articles/PMC11324419/}{Hierarchical path planning from speech instructions with spatial concept-based topometric semantic mapping}},
  author={Taniguchi, Akira and Ito, Shuya and Taniguchi, Tadahiro},
  journal={Frontiers in Robotics and AI},
  volume={11},
  year={2024},
  pages={10},
  publisher={Frontiers Media SA}
}

@misc{kannan2023smart,
  title={\href{https://arxiv.org/pdf/2309.10062}{Smart-LLM: Smart multi-agent robot task planning using large language models}},
  author={Kannan, Shyam Sundar and Venkatesh, Vishnunandan LN and Min, Byung-Cheol},
  howpublished={arXiv preprint arXiv:2309.10062},
  year={2023}
}

@article{carta2022eager,
  title={\href{https://proceedings.neurips.cc/paper_files/paper/2022/file/50eb39ab717507cccbe2b8590de32030-Paper-Conference.pdf}{Eager: Asking and answering questions for automatic reward shaping in language-guided RL}},
  author={Carta, Thomas and Oudeyer, Pierre-Yves and Sigaud, Olivier and Lamprier, Sylvain},
  journal={Advances in Neural Information Processing Systems},
  volume={35},
  pages={12478--12490},
  year={2022}
}

@inproceedings{goyal2019using,
  title={\href{https://arxiv.org/pdf/1903.02020}{Using natural language for reward shaping in reinforcement learning}},
  author={Goyal, Prasoon and Niekum, Scott and Mooney, Raymond J},
  booktitle={28th International Joint Conference on Artificial Intelligence},
  year={2019},
  pages={2385-2391}
}

@inproceedings{pignatelli2024assessing,
  title={\href{https://openreview.net/pdf?id=MFw8K5705I}{Assessing the zero-shot capabilities of LLMs for action evaluation in RL}},
  author={Eduardo Pignatelli and Johan Ferret and Davide Paglieri and Samuel Coward and Tim Rockt{\"a}schel and Edward Grefenstette and Laura Toni},
  booktitle={Automated Reinforcement Learning: Exploring Meta-Learning, AutoML, and LLMs},
  year={2024},
  organization={ICML}
}


@misc{brown2020language,
  title={\href{https://arxiv.org/pdf/2005.14165}{Language models are few-shot learners}},
  author={Tom Brown and Benjamin Mann and Nick Ryder and Melanie Subbiah and Jared Kaplan and Prafulla Dhariwal and Arvind Neelakantan and Pranav Shyam and Girish Sastry and Amanda Askell and Sandhini Agarwal and Ariel Herbert-Voss and Gretchen Krueger and Tom Henighan and Rewon Child and Aditya Ramesh and Daniel M. Ziegler and Jeffrey Wu and Clemens Winter and Christopher Hesse and Mark Chen and Eric Sigler and Mateusz Litwin and Scott Gray and Benjamin Chess and Jack Clark and Christopher Berner and Sam McCandlish and Alec Radford and Ilya Sutskever and Dario Amodei},
  howpublished={arXiv preprint arXiv:2005.14165},
  year={2020}
}

@inproceedings{kenton2019bert,
  title={\href{https://arxiv.org/pdf/1810.04805}{BERT: Pre-training of deep bidirectional transformers for language understanding}},
  author={Kenton, Jacob Devlin Ming-Wei Chang and Toutanova, Lee Kristina},
  booktitle={Annual Conference of the North American Chapter of the Association for Computational Linguistics},
  volume={1},
  pages={2},
  year={2019}
}

@inproceedings{zhang2020pegasus,
  title={\href{https://arxiv.org/pdf/1912.08777}{PEGASUS: Pre-training with extracted gap-sentences for abstractive summarization}},
  author={Zhang, Jingqing and Zhao, Yao and Saleh, Mohammad and Liu, Peter},
  booktitle={International Conference on Machine Learning},
  pages={11328--11339},
  year={2020},
  organization={PMLR}
}

@misc{zhuang2024yolo,
  title={\href{https://arxiv.org/pdf/2410.03997}{YOLO-MARL: You only LLM once for multi-agent reinforcement learning}},
  author={Zhuang, Yuan and Shen, Yi and Zhang, Zhili and Chen, Yuxiao and Miao, Fei},
  howpublished={arXiv preprint arXiv:2410.03997},
  year={2024}
}

@article{chen2023multi,
  title={Multi-Agent Consensus Seeking via Large Language Models},
  author={Huaben Chen and Wenkang Ji and Lufeng Xu and Shiyu Zhao},
  journal={ArXiv},
  year={2023},
  volume={abs/2310.20151},
  url={https://api.semanticscholar.org/CorpusID:264816702}
}

@inproceedings{hongmetagpt,
  title={MetaGPT: Meta Programming for A Multi-Agent Collaborative Framework},
  year={2023},
  author={Hong, Sirui and Zhuge, Mingchen and Chen, Jonathan and Zheng, Xiawu and Cheng, Yuheng and Wang, Jinlin and Zhang, Ceyao and Wang, Zili and Yau, Steven Ka Shing and Lin, Zijuan and others},
  booktitle={The Twelfth International Conference on Learning Representations}
}

@misc{
slumbers2024leveraging,
title={Leveraging Large Language Models for Optimised Coordination in Textual Multi-Agent Reinforcement Learning},
author={Oliver Slumbers and David Henry Mguni and Kun Shao and Jun Wang},
year={2024},
url={https://openreview.net/forum?id=1PPjf4wife}
}





% Results
@inproceedings{albrecht2019comparative,
title = {\href{https://www.ifaamas.org/Proceedings/aamas2012/papers/5B_2.pdf}{Comparative evaluation of MAL algorithms in a diverse set of ad hoc team problems}},
author = "Albrecht, {Stefano V.} and Subramanian Ramamoorthy",
year = "2012",
pages = "349--356",
booktitle = "11th International Conference on Autonomous Agents and Multiagent Systems",
publisher = "International Foundation for Autonomous Agents and Multiagent Systems",
}

@article{claus1998dynamics,
  title={\href{https://cdn.aaai.org/AAAI/1998/AAAI98-106.pdf}{The dynamics of reinforcement learning in cooperative multiagent systems}},
  author={Claus, Caroline and Boutilier, Craig},
  journal={AAAI/IAAI},
  volume={1998},
  pages={746-752},
  year={1998}
}

@inproceedings{christianos2020shared,
  title={\href{https://dl.acm.org/doi/abs/10.5555/3495724.3496622}{Shared experience actor-critic for multi-agent reinforcement learning}},
  author={Christianos, Filippos and Schäfer, Lukas and Albrecht, Stefano V},
  booktitle = {34th Conference on Neural Information Processing Systems},
  year={2020},
  pages={10707-10717}
}

@inproceedings{papoudakis2021benchmarking,
   title={\href{http://arxiv.org/abs/2006.07869}{Benchmarking multi-agent deep reinforcement learning algorithms in cooperative tasks}},
   author={Georgios Papoudakis and Filippos Christianos and Lukas Schäfer and Stefano V. Albrecht},
   booktitle = {35th Conference on Neural Information Processing Systems Track on Datasets and Benchmarks},
   year={2021}
}

@inproceedings{claus1998matrixgames,
author = {Claus, Caroline and Boutilier, Craig},
title = {The dynamics of reinforcement learning in cooperative multiagent systems},
year = {1998},
isbn = {0262510987},
publisher = {American Association for Artificial Intelligence},
address = {USA},
booktitle = {Proceedings of the Fifteenth National/Tenth Conference on Artificial Intelligence/Innovative Applications of Artificial Intelligence},
pages = {746–752},
numpages = {7},
location = {Madison, Wisconsin, USA},
series = {AAAI '98/IAAI '98}
}

@article{zhou2020learning,
  title={\href{https://arxiv.org/pdf/2007.02529}{Learning implicit credit assignment for cooperative multi-agent reinforcement learning}},
  author={Zhou, Meng and Liu, Ziyu and Sui, Pengwei and Li, Yixuan and Chung, Yuk Ying},
  journal={Advances in Neural Information Processing Systems},
  volume={33},
  pages={11853--11864},
  year={2020}
}

@article{yu2022surprising,
  title={\href{https://proceedings.neurips.cc/paper_files/paper/2022/file/9c1535a02f0ce079433344e14d910597-Paper-Datasets_and_Benchmarks.pdf}{The surprising effectiveness of PPO in cooperative multi-agent games}},
  author={Yu, Chao and Velu, Akash and Vinitsky, Eugene and Gao, Jiaxuan and Wang, Yu and Bayen, Alexandre and Wu, Yi},
  journal={Advances in Neural Information Processing Systems},
  volume={35},
  pages={24611--24624},
  year={2022}
}

@article{rashid2020monotonic,
  title={\href{https://www.jmlr.org/papers/volume21/20-081/20-081.pdf}{Monotonic value function factorisation for deep multi-agent reinforcement learning}},
  author={Rashid, Tabish and Samvelyan, Mikayel and De Witt, Christian Schroeder and Farquhar, Gregory and Foerster, Jakob and Whiteson, Shimon},
  journal={Journal of Machine Learning Research},
  volume={21},
  number={178},
  pages={1--51},
  year={2020}
}

@Online{swarm,
  accessed = {2024-10-13},
  author   = {{OpenAI}},
  title    = {Swarm},
  url      = {https://github.com/openai/swarm},
}

@inproceedings{foerster2016learning,
  title={\href{https://proceedings.neurips.cc/paper_files/paper/2016/file/c7635bfd99248a2cdef8249ef7bfbef4-Paper.pdf}{Learning to communicate with deep multi-agent reinforcement learning}},
  author={Foerster, Jakob and Assael, Ioannis Alexandros and De Freitas, Nando and Whiteson, Shimon},
  booktitle={30th International Conference on Neural Information Processing Systems},
  volume={29},
  year={2016},
  pages={2145-2153}
}




@article{stolyarova2018solving,
  title={\href{https://www.frontiersin.org/journals/neuroscience/articles/10.3389/fnins.2018.00182/pdf}{Solving the credit assignment problem with the prefrontal cortex}},
  author={Stolyarova, Alexandra},
  journal={Frontiers in Neuroscience},
  volume={12},
  pages={182},
  year={2018},
  publisher={Frontiers Media SA}
}

@inproceedings{vaswani2017attention,
  title={\href{https://proceedings.neurips.cc/paper/2017/file/3f5ee243547dee91fbd053c1c4a845aa-Paper.pdf}{Attention is all you need}},
  author={Vaswani, Ashish and Shazeer, Noam and Parmar, Niki and Uszkoreit, Jakob and Jones, Llion and Gomez, Aidan N and Kaiser, Lukasz and Polosukhin, Illia},
  booktitle={31st Conference on Neural Information Processing Systems},
  year={2017},
  pages={6000-6010}
}

@article{barExam,
  title={\href{https://royalsocietypublishing.org/doi/pdf/10.1098/rsta.2023.0254}{GPT-4 passes the Bar Exam}},
  author={Katz, Daniel Martin and Bommarito, Michael James and Gao, Shang and Arredondo, Pablo},
  journal={Philosophical Transactions of the Royal Society},
  volume={382},
  number={2270},
  pages={20230254},
  year={2024},
  publisher={The Royal Society}
}
@misc{AlphaProof,
    title = {{AI achieves silver-medal standard solving International Mathematical Olympiad problems}},
    author = {Google DeepMind},
    url = {https://deepmind.google/discover/blog/ai-solves-imo-problems-at-silver-medal-level},
    year = {2024}
}

@inproceedings{son2019qtran,
  title={\href{http://proceedings.mlr.press/v97/son19a/son19a.pdf}{QTRAN: Learning to factorize with transformation for cooperative multi-agent reinforcement learning}},
  author={Son, Kyunghwan and Kim, Daewoo and Kang, Wan Ju and Hostallero, David Earl and Yi, Yung},
  booktitle={International Conference on Machine Learning},
  pages={5887--5896},
  year={2019},
  organization={PMLR}
}
@inproceedings{sunehag2018VDN,
  title={\href{https://arxiv.org/pdf/1706.05296}{Value-decomposition networks for cooperative multi-agent learning based on team reward}},
  author={Sunehag, Peter and Lever, Guy and Gruslys, Audrunas and Czarnecki, Wojciech Marian and Zambaldi, Vinicius and Jaderberg, Max and Lanctot, Marc and Sonnerat, Nicolas and Leibo, Joel Z and Tuyls, Karl and others},
  booktitle={17th International Conference on Autonomous Agents and MultiAgent Systems},
  pages={2085--2087},
  year={2018}
}
@inproceedings{yang2020QDPP,
  title={\href{http://proceedings.mlr.press/v119/yang20i/yang20i.pdf}{Multi-agent determinantal Q-learning}},
  author={Yang, Yaodong and Wen, Ying and Wang, Jun and Chen, Liheng and Shao, Kun and Mguni, David and Zhang, Weinan},
  booktitle={International Conference on Machine Learning},
  pages={10757--10766},
  year={2020},
  organization={PMLR}
}
@inproceedings{mandi2024roco,
  title={\href{https://doi.org/10.1109/ICRA57147.2024.10610855}{RoCo: Dialectic multi-robot collaboration with large language models}},
  author={Mandi, Zhao and Jain, Shreeya and Song, Shuran},
  booktitle={International Conference on Robotics and Automation},
  pages={286--299},
  year={2024},
  organization={IEEE}
}
@inproceedings{lauffer2023needs,
  title={\href{https://proceedings.mlr.press/v202/lauffer23a.html}{Who needs to know? Minimal knowledge for optimal coordination}},
  author={Lauffer, Niklas and Shah, Ameesh and Carroll, Micah and Dennis, Michael D and Russell, Stuart},
  booktitle={International Conference on Machine Learning},
  pages={18599--18613},
  year={2023},
  organization={PMLR}
}
@inproceedings{mguni2022ligs,
  title={\href{https://arxiv.org/pdf/2112.02618}{LIGS: Learnable intrinsic-reward generation selection for multi-agent learning}},
  author={Mguni, David Henry and Jafferjee, Taher and Wang, Jianhong and Perez-Nieves, Nicolas and Slumbers, Oliver and Tong, Feifei and Li, Yang and Zhu, Jiangcheng and Yang, Yaodong and Wang, Jun},
  booktitle={International Conference on Learning Representations},
  year = {2022},
  pages = {1-13}
}

@inproceedings{mahajan2019maven,
  title={\href{https://proceedings.neurips.cc/paper/2019/file/f816dc0acface7498e10496222e9db10-Paper.pdf}{MAVEN: Multi-agent variational exploration}},
  author={Mahajan, Anuj and Rashid, Tabish and Samvelyan, Mikayel and Whiteson, Shimon},
  booktitle={33rd International Conference on Neural Information Processing Systems},
  volume={32},
  year={2019},
  pages={7613-7624}
}

@misc{sun2024llm,
  title={\href{https://arxiv.org/pdf/2405.11106}{LLM-based multi-agent reinforcement learning: Current and future directions}},
  author={Sun, Chuanneng and Huang, Songjun and Pompili, Dario},
  howpublished={arXiv preprint arXiv:2405.11106},
  year={2024}
}

@misc{team2024gemma,
  title={\href{https://arxiv.org/pdf/2403.08295}{Gemma: Open models based on Gemini research and technology}},
  author={Team, Gemma and Mesnard, Thomas and Hardin, Cassidy and Dadashi, Robert and Bhupatiraju, Surya and Pathak, Shreya and Sifre, Laurent and Rivi{\`e}re, Morgane and Kale, Mihir Sanjay and Love, Juliette and others},
  howpublished={arXiv preprint arXiv:2403.08295},
  year={2024}
}

@article{gimenez2020semantic,
  title={\href{https://doi.org/10.1016/j.neucom.2019.08.096}{Semantic-based padding in convolutional neural networks for improving the performance in natural language processing. A case of study in sentiment analysis}},
  author={Gimenez, Maite and Palanca, Javier and Botti, Vicent},
  journal={Neurocomputing},
  volume={378},
  pages={315--323},
  year={2020},
  publisher={Elsevier}
}

@article{srivastava2014dropout,
  title={\href{https://www.cs.toronto.edu/~hinton/absps/JMLRdropout.pdf}{Dropout: a simple way to prevent neural networks from overfitting}},
  author={Srivastava, Nitish and Hinton, Geoffrey and Krizhevsky, Alex and Sutskever, Ilya and Salakhutdinov, Ruslan},
  journal={The Journal of Machine Learning Research},
  volume={15},
  number={1},
  pages={1929--1958},
  year={2014},
  publisher={JMLR}
}

@misc{zhang2024can,
  title={\href{https://arxiv.org/pdf/2402.16181}{How can LLM guide RL? A value-based approach}},
  author={Zhang, Shenao and Zheng, Sirui and Ke, Shuqi and Liu, Zhihan and Jin, Wanxin and Yuan, Jianbo and Yang, Yingxiang and Yang, Hongxia and Wang, Zhaoran},
  howpublished={arXiv preprint arXiv:2402.16181},
  year={2024}
}

@misc{cao2024survey,
  title={\href{https://arxiv.org/pdf/2404.00282}{Survey on large language model-enhanced reinforcement learning: Concept, taxonomy, and methods}},
  author={Cao, Yuji and Zhao, Huan and Cheng, Yuheng and Shu, Ting and Liu, Guolong and Liang, Gaoqi and Zhao, Junhua and Li, Yun},
  howpublished={arXiv preprint arXiv:2404.00282},
  year={2024}
}

@article{lowe2017multi,
  title={Multi-agent actor-critic for mixed cooperative-competitive environments},
  author={Lowe, Ryan and Wu, Yi I and Tamar, Aviv and Harb, Jean and Pieter Abbeel, OpenAI and Mordatch, Igor},
  journal={Advances in neural information processing systems},
  volume={30},
  year={2017}
}