@article{avsec2021effective,
  title={Effective gene expression prediction from sequence by integrating long-range interactions},
  author={Avsec, {\v{Z}}iga and Agarwal, Vikram and Visentin, Daniel and Ledsam, Joseph R and Grabska-Barwinska, Agnieszka and Taylor, Kyle R and Assael, Yannis and Jumper, John and Kohli, Pushmeet and Kelley, David R},
  journal={Nature methods},
  volume={18},
  number={10},
  pages={1196--1203},
  year={2021},
  publisher={Nature Publishing Group US New York}
}

@article{chen2022capturing,
  title={Capturing large genomic contexts for accurately predicting enhancer-promoter interactions},
  author={Chen, Ken and Zhao, Huiying and Yang, Yuedong},
  journal={Briefings in Bioinformatics},
  volume={23},
  number={2},
  pages={bbab577},
  year={2022},
  publisher={Oxford University Press}
}

@article{dalla2023nucleotide,
  title={The Nucleotide Transformer: Building and Evaluating Robust Foundation Models for Human Genomics},
  author={Dalla-Torre, Lorenzo and Benegas, Nicol√°s and Grechishnikova, Daria and others},
  journal={Nature Methods},
  year={2023}
}

@misc{glorioso2024zambacompact7bssm,
      title={Zamba: A Compact 7B SSM Hybrid Model}, 
      author={Paolo Glorioso and Quentin Anthony and Yury Tokpanov and James Whittington and Jonathan Pilault and Adam Ibrahim and Beren Millidge},
      year={2024},
      eprint={2405.16712},
      archivePrefix={arXiv},
      primaryClass={cs.LG},
      url={https://arxiv.org/abs/2405.16712}, 
}

@article{ji2021dnabert,
  title={DNABERT: a comprehensive predictor for DNA sequences based on deep transfer learning},
  author={Ji, Yu and Zhou, Zhiqiang and Liu, Han and Davuluri, Ramana V},
  journal={Bioinformatics},
  volume={37},
  number={24},
  pages={4776--4783},
  year={2021},
  publisher={Oxford University Press}
}

@article{jin2022idna,
  title={iDNA-ABF: multi-scale deep biological language learning model for the interpretable prediction of DNA methylations},
  author={Jin, Junru and Yu, Yingying and Wang, Ruheng and Zeng, Xin and Pang, Chao and Jiang, Yi and Li, Zhongshen and Dai, Yutong and Su, Ran and Zou, Quan and others},
  journal={Genome biology},
  volume={23},
  number={1},
  pages={219},
  year={2022},
  publisher={Springer}
}

@article{le2022bert,
  title={BERT-Promoter: An improved sequence-based predictor of DNA promoter using BERT pre-trained model and SHAP feature selection},
  author={Le, Nguyen Quoc Khanh and Ho, Quang-Thai and Nguyen, Van-Nui and Chang, Jung-Su},
  journal={Computational Biology and Chemistry},
  volume={99},
  pages={107732},
  year={2022},
  publisher={Elsevier}
}

@article{lee2022learning,
  title={Learning the histone codes with large genomic windows and three-dimensional chromatin interactions using transformer},
  author={Lee, Dohoon and Yang, Jeewon and Kim, Sun},
  journal={Nature Communications},
  volume={13},
  number={1},
  pages={6678},
  year={2022},
  publisher={Nature Publishing Group UK London}
}

@misc{lieber2024jambahybridtransformermambalanguage,
      title={Jamba: A Hybrid Transformer-Mamba Language Model}, 
      author={Opher Lieber and Barak Lenz and Hofit Bata and Gal Cohen and Jhonathan Osin and Itay Dalmedigos and Erez Safahi and Shaked Meirom and Yonatan Belinkov and Shai Shalev-Shwartz and Omri Abend and Raz Alon and Tomer Asida and Amir Bergman and Roman Glozman and Michael Gokhman and Avashalom Manevich and Nir Ratner and Noam Rozen and Erez Shwartz and Mor Zusman and Yoav Shoham},
      year={2024},
      eprint={2403.19887},
      archivePrefix={arXiv},
      primaryClass={cs.CL},
      url={https://arxiv.org/abs/2403.19887}, 
}

@article{meier2023evo,
  title={Sequence modeling and design from molecular to genome scale with Evo},
  author={Meier, Joshua and others},
  journal={Science},
  volume={382},
  number={6667},
  pages={eado9336},
  year={2023},
  publisher={American Association for the Advancement of Science}
}

@article{ni2022epi,
  title={Epi-mind: identifying enhancer--promoter interactions based on transformer mechanism},
  author={Ni, Yu and Fan, Linqi and Wang, Miao and Zhang, Ning and Zuo, Yongchun and Liao, Mingzhi},
  journal={Interdisciplinary Sciences: Computational Life Sciences},
  volume={14},
  number={3},
  pages={786--794},
  year={2022},
  publisher={Springer}
}

@article{poli2023hyenadna,
  title={HyenaDNA: Long-Range Genomic Sequence Modeling at Single Nucleotide Resolution},
  author={Poli, Michael and Dao, Tri and others},
  journal={arXiv preprint arXiv:2306.15006},
  year={2023}
}

@misc{ren2024sambasimplehybridstate,
      title={Samba: Simple Hybrid State Space Models for Efficient Unlimited Context Language Modeling}, 
      author={Liliang Ren and Yang Liu and Yadong Lu and Yelong Shen and Chen Liang and Weizhu Chen},
      year={2024},
      eprint={2406.07522},
      archivePrefix={arXiv},
      primaryClass={cs.CL},
      url={https://arxiv.org/abs/2406.07522}, 
}

@article{rozowsky2023tex,
  title={The EN-TEx resource of multi-tissue personal epigenomes \& variant-impact models},
  author={Rozowsky, Joel and Gao, Jiahao and Borsari, Beatrice and Yang, Yucheng T and Galeev, Timur and G{\"u}rsoy, Gamze and Epstein, Charles B and Xiong, Kun and Xu, Jinrui and Li, Tianxiao and others},
  journal={Cell},
  volume={186},
  number={7},
  pages={1493--1511},
  year={2023},
  publisher={Elsevier}
}

@article{schiff2023caduceus,
  title={Caduceus: Bi-Directional Equivariant Long-Range DNA Sequence Modeling},
  author={Schiff, Yair and Kao, Chia-Hsiang and Gokaslan, Aaron and others},
  journal={arXiv preprint arXiv:2306.15006},
  year={2023}
}

@article{theodoris2023transfer,
  title={Transfer learning enables predictions in network biology},
  author={Theodoris, Christina V and Xiao, Ling and Chopra, Anant and Chaffin, Mark D and Al Sayed, Zeina R and Hill, Matthew C and Mantineo, Helene and Brydon, Elizabeth M and Zeng, Zexian and Liu, X Shirley and others},
  journal={Nature},
  volume={618},
  number={7965},
  pages={616--624},
  year={2023},
  publisher={Nature Publishing Group UK London}
}

@misc{vannguyen2024taipanefficientexpressivestate,
      title={Taipan: Efficient and Expressive State Space Language Models with Selective Attention}, 
      author={Chien Van Nguyen and Huy Huu Nguyen and Thang M. Pham and Ruiyi Zhang and Hanieh Deilamsalehy and Puneet Mathur and Ryan A. Rossi and Trung Bui and Viet Dac Lai and Franck Dernoncourt and Thien Huu Nguyen},
      year={2024},
      eprint={2410.18572},
      archivePrefix={arXiv},
      primaryClass={cs.CL},
      url={https://arxiv.org/abs/2410.18572}, 
}

@article{waleffe2024empirical,
  title={An Empirical Study of Mamba-based Language Models},
  author={Waleffe, Roger and Byeon, Wonmin and Riach, Duncan and Norick, Brandon and Korthikanti, Vijay and Dao, Tri and Gu, Albert and Hatamizadeh, Ali and Singh, Sudhakar and Narayanan, Deepak and others},
  journal={arXiv preprint arXiv:2406.07887},
  year={2024}
}

@article{wang2022towards,
  title={Towards a better understanding of TF-DNA binding prediction from genomic features},
  author={Wang, Zixuan and Gong, Meiqin and Liu, Yuhang and Xiong, Shuwen and Wang, Maocheng and Zhou, Jiliu and Zhang, Yongqing},
  journal={Computers in Biology and Medicine},
  volume={149},
  pages={105993},
  year={2022},
  publisher={Elsevier}
}

@misc{wu2025generator,
    title={GENERator: A Long-Context Generative Genomic Foundation Model},
    author={Wei Wu and Qiuyi Li and Mingyang Li and Kun Fu and Fuli Feng and Jieping Ye and Hui Xiong and Zheng Wang},
    year={2025},
    eprint={2502.07272},
    archivePrefix={arXiv},
    primaryClass={cs.CL}
}

@article{zhang2022ipro,
  title={iPro-WAEL: a comprehensive and robust framework for identifying promoters in multiple species},
  author={Zhang, Pengyu and Zhang, Hongming and Wu, Hao},
  journal={Nucleic Acids Research},
  volume={50},
  number={18},
  pages={10278--10289},
  year={2022},
  publisher={Oxford University Press}
}

@article{zhou2023dnabert2,
  title={DNABERT-2: Efficient Foundation Model and Benchmark For Multi-Species Genome},
  author={Zhihan Zhou and Yanrong Ji and Weijian Li and Pratik Dutta and Ramana Davuluri and Han Liu},
  journal={arXiv preprint arXiv:2306.15006},
  year={2023}
}

