@article{armstrong2021adaptive,
  title={Adaptive open-pit mining planning under geological uncertainty},
  author={Armstrong, Margaret and Lagos, Tomas and Emery, Xavier and Homem-de-Mello, Tito and Lagos, Guido and Saur{\'e}, Denis},
  journal={Resources Policy},
  volume={72},
  pages={102086},
  year={2021},
  publisher={Elsevier}
}

@article{caers2022efficacy,
  title={Efficacy of information in mineral exploration drilling},
  author={Caers, J and Scheidt, C and Yin, Z and Wang, L and Mukerji, T and House, K},
  journal={Natural Resources Research},
  volume={31},
  number={3},
  pages={1157--1173},
  year={2022},
  publisher={Springer}
}

@article{corso2024sequentially,
  title={Sequentially optimized data acquisition for a geothermal reservoir},
  author={Corso, Anthony and Chiotoroiu, Maria and Clemens, Torsten and Zechner, Markus and Kochenderfer, Mykel J},
  journal={Geothermics},
  volume={120},
  pages={102983},
  year={2024},
  publisher={Elsevier}
}

@misc{csis2024friendshoring,
  author       = {Reinsch, William and Broadbent, Meredith and Denamiel, Thibaut and Shammas, Elias},
  title        = {Friendshoring the Lithium-Ion Battery Supply Chain: {F}inal Assembly and End Uses},
  howpublished = {\url{https://www.csis.org/analysis/friendshoring-lithium-ion-battery-supply-chain-final-assembly-and-end-uses}},
  note         = {Accessed: 2024-08-01}
}

@article{gelly2011monte,
  title={Monte-{C}arlo tree search and rapid action value estimation in computer {G}o},
  author={Gelly, Sylvain and Silver, David},
  journal={Artificial Intelligence},
  volume={175},
  number={11},
  pages={1856--1875},
  year={2011},
  publisher={Elsevier}
}

@article{hailes2022lithium,
  title={Lithium in international law: {T}rade, investment, and the pursuit of supply chain justice},
  author={Hailes, Oliver},
  journal={Journal of International Economic Law},
  volume={25},
  number={1},
  pages={148--170},
  year={2022},
  publisher={Oxford University Press UK}
}

@book{kochenderfer2022algorithms,
  title={Algorithms for Decision Making},
  author={Kochenderfer, Mykel J and Wheeler, Tim A and Wray, Kyle H},
  year={2022},
  publisher={MIT Press}
}

@article{mcnulty2021barriers,
  title={Barriers to and uncertainties in understanding and quantifying global critical mineral and element supply},
  author={McNulty, Brian A and Jowitt, Simon M},
  journal={iScience},
  volume={24},
  number={7},
  year={2021},
  publisher={Elsevier}
}

@article{mern2023intelligent,
  title={The Intelligent Prospector v1. 0: {G}eoscientific model development and prediction by sequential data acquisition planning with application to mineral exploration},
  author={Mern, John and Caers, Jef},
  journal={Geoscientific Model Development},
  volume={16},
  number={1},
  pages={289--313},
  year={2023},
  publisher={Copernicus GmbH}
}

@article{sanchez2023geopolitics,
  title={Geopolitics of the {L}i-ion battery value chain and the Lithium Triangle in {S}outh {A}merica},
  author={Sanchez-Lopez, Maria Daniela},
  journal={Latin American Policy},
  volume={14},
  number={1},
  pages={22--45},
  year={2023},
  publisher={Wiley Online Library}
}

@article{shani2013survey,
  title={A survey of point-based {POMDP} solvers},
  author={Shani, Guy and Pineau, Joelle and Kaplow, Robert},
  journal={Autonomous Agents and Multi-Agent Systems},
  volume={27},
  pages={1--51},
  year={2013},
  publisher={Springer}
}

@article{silver2010monte,
  title={Monte-Carlo planning in large {POMDP}s},
  author={Silver, David and Veness, Joel},
  journal = neurips,
  volume={23},
  year={2010}
}

@article{tian2021features,
  title={Features of critical resource trade networks of lithium-ion batteries},
  author={Tian, Xu and Geng, Yong and Sarkis, Joseph and Gao, Cuixia and Sun, Xin and Micic, Tatyana and Hao, Han and Wang, Xin},
  journal={Resources Policy},
  volume={73},
  pages={102177},
  year={2021},
  publisher={Elsevier}
}

