@String { aaai        = {AAAI Conference on Artificial Intelligence (AAAI)} }
@String { aamas       = {International Conference on Autonomous Agents and Multiagent Systems (AAMAS)} }
@String { acc         = {American Control Conference (ACC)} }
@String { aiaa_info   = {AIAA Infotech@Aerospace Conference} }
@String { aiaa_is     = {AIAA Scitech Intelligent Systems Conference (IS)} }
@String { aiaa_jacic  = {Journal of Aerospace Computing, Information, and Communication} }
@String { allerton    = {Allerton Conference on Communication, Control, and Compution} }
@String { atio        = {AIAA Aviation Technology, Integration, and Operations Conference (ATIO)} }
@String { cacm        = {Communications of the ACM} }
@String { cav         = {International Conference on Computer Aided Verification (CAV)} }
@String { cdc         = {IEEE Conference on Decision and Control (CDC)} }
@String { cvpr        = {IEEE Computer Society Conference on Computer Vision and Pattern Recognition (CVPR)} }
@String { dasc        = {Digital Avionics Systems Conference (DASC)} }
@String { ecml        = {European Conference on Machine Learning (ECML)} }
@String { fm          = {International Symposium on Formal Methods (FM)} }
@String { gnc         = {AIAA Guidance, Navigation, and Control Conference (GNC)} }
@String { hscc       = {ACM International Conference on Hybrid Systems: Computation and Control (HSCC)} }
@String { icaart      = {International Conference on Agents and Artificial Intelligence (ICAART)} }
@String { icaps       = {International Conference on Automated Planning and Scheduling (ICAPS)} }
@String { icassp      = {International Conference on Acoustics, Speech, and Signal Processing (ICASSP)} }
@String { iccps       = {International Conference on Cyber-Physical Systems (ICCPS)} }
@String { iclr        = {International Conference on Learning Representations} }
@String { icml        = {International Conference on Machine Learning (ICML)} }
@String { icmla       = {International Conference on Machine Learning and Applications (ICMLA)} }
@String { icra        = {IEEE International Conference on Robotics and Automation (ICRA)} }
@String { icslp       = {International Conference on Spoken Language Processing (ICSLP)} }
@String { ieee_csm    = {IEEE Control Systems Magazine} }
@String { ieee_j_ac   = {IEEE Transactions on Automatic Control} }
@String { ieeeaero    = {IEEE Aerospace Conference} }
@String { ieeeciaig   = {IEEE Transactions on Computational Intelligence and AI in Games} }
@String { ieeecst     = {IEEE Transactions on Control Systems Technology} }
@String { ieeetac     = {IEEE Transactions on Automatic Control} }
@String { ieeetsp     = {IEEE Transactions on Signal Processing} }
@String { ieeetits    = {IEEE Transactions on Intelligent Transportation Systems} }
@String { ijcai       = {International Joint Conference on Artificial Intelligence (IJCAI)} }
@String { ijrr        = {International Journal of Robotics Research (IJRR)} }
@String { interspeech = {Annual Conference of the International Speech Communication Association (INTERSPEECH)} }
@String { iros        = {IEEE/RSJ International Conference on Intelligent Robots and Systems (IROS)} }
@String { itsc        = {IEEE International Conference on Intelligent Transportation Systems (ITSC)} }
@String { iv          = {IEEE Intelligent Vehicles Symposium (IV)} }
@String { jair        = {Journal of Artificial Intelligence Research} }
@String { jgcd        = {AIAA Journal of Guidance, Control, and Dynamics} }
@String { jmlr        = {Journal of Machine Learning Research} }
@String { jota        = {Journal of Optimization Theory and Applications} }
@String { lion        = {Learning and Intelligent Optimization (LION)} }
@String { mit         = {Massachusetts Institute of Technology} }
@String { mitaa       = {Massachusetts Institute of Technology, Department of Aeronautics and Astronautics} }
@String { mitee       = {Massachusetts Institute of Technology, Department of Electrical Engineering and Computer Science} }
@String { mitme       = {Massachusetts Institute of Technology, Department of Mechanical Engineering} }
@String { mor         = {Mathematics of Operations Research} }
@String { nfm        =  {NASA Formal Methods Symposium (NFM)} }
@String { nips        = {Advances in Neural Information Processing Systems (NIPS)} }
@String { neurips     = {Advances in Neural Information Processing Systems (NeurIPS)} }
@String { or          = {Operations Research} }
@String { rss         = {Robotics: Science and Systems} }
@String { sigcomm     = {ACM Special Interest Group on Data Communication (SIGCOMM)} }
@String { sigplan     = {ACM Special Interest Group on Programming Languages (SIGPLAN)} }
@String { suaa        = {Stanford University, Department of Aeronautics and Astronautics} }
@String { suee        = {Stanford University, Department of Electrical Engineering} }
@String { sume        = {Stanford University, Department of Mechanical Engineering} }
@String { tac         = {IEEE Transactions on Automatic Control} }
@String { tacas       = {International Conference on Tools and Algorithms for the Construction and Analysis of Systems (TACAS)} }
@String { taes        = {IEEE Transactions on Aerospace and Electronic Systems} }
@String { uai         = {Conference on Uncertainty in Artificial Intelligence (UAI)} }
@String {arxiv        = {arXiv} }


@article{somani2013despot,
  title={{DESPOT}: Online {POMDP} planning with regularization},
  author={Somani, Adhiraj and Ye, Nan and Hsu, David and Lee, Wee Sun},
  journal = neurips,
  volume={26},
  year={2013}
}


@inproceedings{sunberg2018online,
  title={Online algorithms for {POMDP}s with continuous state, action, and observation spaces},
  author={Sunberg, Zachary and Kochenderfer, Mykel},
  booktitle = icaps,
  volume={28},
  pages={259--263},
  year={2018}
}

@article{mcnulty2021barriers,
  title={Barriers to and uncertainties in understanding and quantifying global critical mineral and element supply},
  author={McNulty, Brian A and Jowitt, Simon M},
  journal={iScience},
  volume={24},
  number={7},
  year={2021},
  publisher={Elsevier}
}


@article{caers2022efficacy,
  title={Efficacy of information in mineral exploration drilling},
  author={Caers, J and Scheidt, C and Yin, Z and Wang, L and Mukerji, T and House, K},
  journal={Natural Resources Research},
  volume={31},
  number={3},
  pages={1157--1173},
  year={2022},
  publisher={Springer}
}


@article{chen2023uncertainty,
  title={Uncertainty analysis and optimization modeling with application to supply chain management: {A} systematic review},
  author={Chen, Lin and Dong, Ting and Peng, Jin and Ralescu, Dan},
  journal={Mathematics},
  volume={11},
  number={11},
  pages={2530},
  year={2023},
  publisher={MDPI}
}


@article{wang2023energy,
  title={The energy conservation and emission reduction potentials in {C}hina's iron and steel industry: {C}onsidering the uncertainty factor},
  author={Wang, Yihan and He, Xi and Jiang, Feng},
  journal={Journal of Cleaner Production},
  volume={413},
  pages={137519},
  year={2023},
  publisher={Elsevier}
}


@article{yu2024structural,
  title={Structural resilience evolution and vulnerability assessment of semiconductor materials supply network in the global semiconductor industry},
  author={Yu, Yu and Ma, Daipeng and Wang, Yong},
  journal={International Journal of Production Economics},
  volume={270},
  pages={109172},
  year={2024},
  publisher={Elsevier}
}

@article{shani2013survey,
  title={A survey of point-based {POMDP} solvers},
  author={Shani, Guy and Pineau, Joelle and Kaplow, Robert},
  journal={Autonomous Agents and Multi-Agent Systems},
  volume={27},
  pages={1--51},
  year={2013},
  publisher={Springer}
}

@article{silver2010monte,
  title={Monte-Carlo planning in large {POMDP}s},
  author={Silver, David and Veness, Joel},
  journal = neurips,
  volume={23},
  year={2010}
}

@inproceedings{ihler2009particle,
  title={Particle belief propagation},
  author={Ihler, Alexander and McAllester, David},
  booktitle={Artificial {I}ntelligence and {S}tatistics},
  pages={256--263},
  year={2009},
  organization={PMLR}
}

@article{gelly2011monte,
  title={Monte-{C}arlo tree search and rapid action value estimation in computer {G}o},
  author={Gelly, Sylvain and Silver, David},
  journal={Artificial Intelligence},
  volume={175},
  number={11},
  pages={1856--1875},
  year={2011},
  publisher={Elsevier}
}

@book{kochenderfer2022algorithms,
  title={Algorithms for Decision Making},
  author={Kochenderfer, Mykel J and Wheeler, Tim A and Wray, Kyle H},
  year={2022},
  publisher={MIT Press}
}


@article{corso2024sequentially,
  title={Sequentially optimized data acquisition for a geothermal reservoir},
  author={Corso, Anthony and Chiotoroiu, Maria and Clemens, Torsten and Zechner, Markus and Kochenderfer, Mykel J},
  journal={Geothermics},
  volume={120},
  pages={102983},
  year={2024},
  publisher={Elsevier}
}


@article{mern2023intelligent,
  title={The Intelligent Prospector v1. 0: {G}eoscientific model development and prediction by sequential data acquisition planning with application to mineral exploration},
  author={Mern, John and Caers, Jef},
  journal={Geoscientific Model Development},
  volume={16},
  number={1},
  pages={289--313},
  year={2023},
  publisher={Copernicus GmbH}
}

@article{sunberg2022improving,
  title={Improving automated driving through {POMDP} planning with human internal states},
  author={Sunberg, Zachary and Kochenderfer, Mykel J},
  journal = ieeetits,
  volume={23},
  number={11},
  pages={20073--20083},
  year={2022},
  publisher={IEEE}
}


@article{tzikas2023multirobot,
  title={Multirobot Navigation Using Partially Observable {M}arkov Decision Processes with Belief-Based Rewards},
  author={Tzikas, Alexandros E and Knowles, Derek and Gao, Grace X and Kochenderfer, Mykel J},
  journal={Journal of Aerospace Information Systems},
  volume={20},
  number={8},
  pages={437--446},
  year={2023},
  publisher={American Institute of Aeronautics and Astronautics}
}


@article{hansen2016partially,
  title={A partially observable {M}arkov decision process approach to residential home energy management},
  author={Hansen, Timothy M and Chong, Edwin KP and Suryanarayanan, Siddharth and Maciejewski, Anthony A and Siegel, Howard Jay},
  journal={IEEE Transactions on Smart Grid},
  volume={9},
  number={2},
  pages={1271--1281},
  year={2016},
  publisher={IEEE}
}

@article{williams2011resolving,
  title={Resolving structural uncertainty in natural resources management using {POMDP} approaches},
  author={Williams, Byron K},
  journal={Ecological Modelling},
  volume={222},
  number={5},
  pages={1092--1102},
  year={2011},
  publisher={Elsevier}
}

@article{miatto2021uncertain,
  title={Uncertain future of {A}merican lithium: {A} perspective until 2050},
  author={Miatto, Alessio and Wolfram, Paul and Reck, Barbara K and Graedel, Thomas E},
  journal={Environmental Science \& Technology},
  volume={55},
  number={23},
  pages={16184--16194},
  year={2021},
  publisher={ACS Publications}
}


@article{phelps2022recent,
  title={Recent pegmatite-hosted spodumene discoveries in {W}estern {A}ustralia: {I}nsights for lithium exploration in {A}ustralia and globally},
  author={Phelps-Barber, Zoe and Trench, Allan and Groves, David I},
  journal={Applied Earth Science},
  volume={131},
  number={2},
  pages={100--113},
  year={2022},
  publisher={SAGE Publications Sage UK: London, England}
}

@article{granholm2021national,
  title={National Blueprint for Lithium Batteries 2021--2030},
  author={Granholm, J},
  journal={US Department of Energy: Washington, DC, USA},
  year={2021}
}

@article{uji2023pursuing,
  title={Pursuing decarbonization along with national security: Assessing public support for the {T}hacker {P}ass lithium mine},
  author={Uji, Azusa and Song, Jaehyun and Dol{\v{s}}ak, Nives and Prakash, Aseem},
  journal={Plos One},
  volume={18},
  number={1},
  pages={e0280720},
  year={2023},
  publisher={Public Library of Science San Francisco, CA USA}
}

@misc{csis2024friendshoring,
  author       = {Reinsch, William and Broadbent, Meredith and Denamiel, Thibaut and Shammas, Elias},
  title        = {Friendshoring the Lithium-Ion Battery Supply Chain: {F}inal Assembly and End Uses},
  howpublished = {\url{https://www.csis.org/analysis/friendshoring-lithium-ion-battery-supply-chain-final-assembly-and-end-uses}},
  note         = {Accessed: 2024-08-01}
}


@misc{nevadaminerals2022,
  author       = {{Nevada Division of Minerals}},
  title        = {Nevada Division of Minerals Open Data Site},
  howpublished = {\url{https://data-ndom.opendata.arcgis.com}},
  note         = {Accessed: 2024-08-01}
}

@online{ports_searoute,
  author = {{Ports.com}},
  title = {Sea route \& distance},
  howpublished = {\url{http://ports.com/sea-route/#/?a=4296&b=2303&c=Port%20of%20Bunbury,%20Australia&d=Port%20of%20San%20Francisco,%20United%20States}},
  note         = {Accessed: 2024-08-01}
}

@article{graham2021lithium,
  title={Lithium in the green energy transition: {T}he quest for both sustainability and security},
  author={Graham, John D and Rupp, John A and Brungard, Eva},
  journal={Sustainability},
  volume={13},
  number={20},
  pages={11274},
  year={2021},
  publisher={MDPI}
}


@incollection{christmann2015global,
  title={Global lithium resources and sustainability issues},
  author={Christmann, Patrice and Gloaguen, Eric and Labb{\'e}, Jean-Fran{\c{c}}ois and Melleton, J{\'e}r{\'e}mie and Piantone, Patrice},
  booktitle={Lithium Process Chemistry},
  pages={1--40},
  year={2015},
  publisher={Elsevier}
}


@article{tadesse2019beneficiation,
  title={The beneficiation of lithium minerals from hard rock ores: {A} review},
  author={Tadesse, Bogale and Makuei, Fidele and Albijanic, Boris and Dyer, Laurence},
  journal={Minerals Engineering},
  volume={131},
  pages={170--184},
  year={2019},
  publisher={Elsevier}
}


@article{mohr2012lithium,
  title={Lithium resources and production: {C}ritical assessment and global projections},
  author={Mohr, Steve H and Mudd, Gavin M and Giurco, Damien},
  journal={Minerals},
  volume={2},
  number={1},
  pages={65--84},
  year={2012},
  publisher={Molecular Diversity Preservation International}
}

@article{gielen2021critical,
  title={Critical minerals for the energy transition},
  author={Gielen, Dolf},
  journal={International Renewable Energy Agency, Abu Dhabi},
  year={2021}
}


@article{komnitsas2020social,
  title={Social license to operate in mining: {P}resent views and future trends},
  author={Komnitsas, Konstantinos},
  journal={Resources},
  volume={9},
  number={6},
  pages={79},
  year={2020},
  publisher={MDPI}
}

@article{baspineiro2020potential,
  title={Potential water recovery during lithium mining from high salinity brines},
  author={Baspineiro, Celso F and Franco, Judith and Flexer, Victoria},
  journal={Science of the Total Environment},
  volume={720},
  pages={137523},
  year={2020},
  publisher={Elsevier}
}

@article{kaunda2020potential,
  title={Potential environmental impacts of lithium mining},
  author={Kaunda, Rennie B},
  journal={Journal of Energy \& Natural Resources Law},
  volume={38},
  number={3},
  pages={237--244},
  year={2020},
  publisher={Taylor \& Francis}
}

@article{hailes2022lithium,
  title={Lithium in international law: {T}rade, investment, and the pursuit of supply chain justice},
  author={Hailes, Oliver},
  journal={Journal of International Economic Law},
  volume={25},
  number={1},
  pages={148--170},
  year={2022},
  publisher={Oxford University Press UK}
}

@article{sanchez2023geopolitics,
  title={Geopolitics of the {L}i-ion battery value chain and the Lithium Triangle in {S}outh {A}merica},
  author={Sanchez-Lopez, Maria Daniela},
  journal={Latin American Policy},
  volume={14},
  number={1},
  pages={22--45},
  year={2023},
  publisher={Wiley Online Library}
}

@article{lunde2020lessons,
  title={Lessons from the Lithium Triangle: {C}onsidering Policy Explanations for the Variation in Lithium Industry Development in the ``Lithium Triangle'' Countries of {C}hile, {A}rgentina, and {B}olivia},
  author={Lunde Seefeldt, Jennapher},
  journal={Politics \& Policy},
  volume={48},
  number={4},
  pages={727--765},
  year={2020},
  publisher={Wiley Online Library}
}

@article{ambrose2020understanding,
  title={Understanding the future of lithium: Part 1, {R}esource model},
  author={Ambrose, Hanjiro and Kendall, Alissa},
  journal={Journal of Industrial Ecology},
  volume={24},
  number={1},
  pages={80--89},
  year={2020},
  publisher={Wiley Online Library}
}

@article{kamran2023critical,
  title={Critical Elements for a Successful Energy Transition: {A} Systematic Review},
  author={Kamran, Mashael and Raugei, Marco and Hutchinson, Allan},
  journal={Renewable and Sustainable Energy Transition},
  pages={100068},
  year={2023},
  publisher={Elsevier}
}

@article{kalair2021role,
  title={Role of energy storage systems in energy transition from fossil fuels to renewables},
  author={Kalair, Anam and Abas, Naeem and Saleem, Muhammad Shoaib and Kalair, Ali Raza and Khan, Nasrullah},
  journal={Energy Storage},
  volume={3},
  number={1},
  pages={e135},
  year={2021},
  publisher={Wiley Online Library}
}

@article{goldthau2022political,
  title={The Political Logic of Reshoring in Low Carbon Technologies: {E}conomic Interdependence and Green Industrial Policy},
  author={Goldthau, Andreas and Hughes, Llewelyn and Nahm, Jonas},
  journal={Available at SSRN 4066047},
  year={2022}
}

@article{kushnir2012time,
  title={The time dimension and lithium resource constraints for electric vehicles},
  author={Kushnir, Duncan and Sand{\'e}n, Bj{\"o}rn A},
  journal={Resources Policy},
  volume={37},
  number={1},
  pages={93--103},
  year={2012},
  publisher={Elsevier}
}


@article{tian2021features,
  title={Features of critical resource trade networks of lithium-ion batteries},
  author={Tian, Xu and Geng, Yong and Sarkis, Joseph and Gao, Cuixia and Sun, Xin and Micic, Tatyana and Hao, Han and Wang, Xin},
  journal={Resources Policy},
  volume={73},
  pages={102177},
  year={2021},
  publisher={Elsevier}
}

@article{ebensperger2005lithium,
  title={The lithium industry: Its recent evolution and future prospects},
  author={Ebensperger, Arlene and Maxwell, Philip and Moscoso, Christian},
  journal={Resources Policy},
  volume={30},
  number={3},
  pages={218--231},
  year={2005},
  publisher={Elsevier}
}


@article{armstrong2021adaptive,
  title={Adaptive open-pit mining planning under geological uncertainty},
  author={Armstrong, Margaret and Lagos, Tomas and Emery, Xavier and Homem-de-Mello, Tito and Lagos, Guido and Saur{\'e}, Denis},
  journal={Resources Policy},
  volume={72},
  pages={102086},
  year={2021},
  publisher={Elsevier}
}

