
@phdthesis{kearns89,
  author = {M. J. Kearns},
  title =  {Computational Complexity of Machine Learning},
  school = {Department of Computer Science, Harvard University},
  year =   {1989}
}


@Book{MachineLearningI,
  editor = 	 "R. S. Michalski and J. G. Carbonell and T.
		  M. Mitchell",
  title = 	 "Machine Learning: An Artificial Intelligence
		  Approach, Vol. I",
  publisher = 	 "Tioga",
  year = 	 "1983",
  address =	 "Palo Alto, CA"
}

@Book{DudaHart2nd,
  author =       "R. O. Duda and P. E. Hart and D. G. Stork",
  title =        "Pattern Classification",
  publisher =    "John Wiley and Sons",
  edition =      "2nd",
  year =         "2000"
}

@misc{anonymous,
  title= {Suppressed for Anonymity},
  author= {Author, N. N.},
  year= {2021}
}

@InCollection{Newell81,
  author =       "A. Newell and P. S. Rosenbloom",
  title =        "Mechanisms of Skill Acquisition and the Law of
                  Practice", 
  booktitle =    "Cognitive Skills and Their Acquisition",
  pages =        "1--51",
  publisher =    "Lawrence Erlbaum Associates, Inc.",
  year =         "1981",
  editor =       "J. R. Anderson",
  chapter =      "1",
  address =      "Hillsdale, NJ"
}


@Article{Samuel59,
  author = 	 "A. L. Samuel",
  title = 	 "Some Studies in Machine Learning Using the Game of
		  Checkers",
  journal =	 "IBM Journal of Research and Development",
  year =	 "1959",
  volume =	 "3",
  number =	 "3",
  pages =	 "211--229"
}
[1] 
@article{mcclelland1995there,
  title={Why there are complementary learning systems in the hippocampus and neocortex: insights from the successes and failures of connectionist models of learning and memory.},
  author={McClelland, James L and McNaughton, Bruce L and O'Reilly, Randall C},
  journal={Psychological review},
  volume={102},
  number={3},
  pages={419},
  year={1995},
  publisher={American Psychological Association}
}
[2] 
@article{french1999catastrophic,
  title={Catastrophic forgetting in connectionist networks},
  author={French, Robert M},
  journal={Trends in cognitive sciences},
  volume={3},
  number={4},
  pages={128--135},
  year={1999},
  publisher={Elsevier}
}
[3] 
@incollection{mccloskey1989catastrophic,
  title={Catastrophic interference in connectionist networks: The sequential learning problem},
  author={McCloskey, Michael and Cohen, Neal J},
  booktitle={Psychology of learning and motivation},
  volume={24},
  pages={109--165},
  year={1989},
  publisher={Elsevier}
}
[4] 
@article{robins1995catastrophic,
  title={Catastrophic forgetting, rehearsal and pseudorehearsal},
  author={Robins, Anthony},
  journal={Connection Science},
  volume={7},
  number={2},
  pages={123--146},
  year={1995},
  publisher={Taylor \& Francis}
}
[5] 
@article{parisi2019continual,
  title={Continual lifelong learning with neural networks: A review},
  author={Parisi, German I and Kemker, Ronald and Part, Jose L and Kanan, Christopher and Wermter, Stefan},
  journal={Neural networks},
  volume={113},
  pages={54--71},
  year={2019},
  publisher={Elsevier}
}
[6] 
@article{miller1999prefrontal,
  title={The prefrontal cortex: complex neural properties for complex behavior},
  author={Miller, Earl K},
  journal={Neuron},
  volume={22},
  number={1},
  pages={15--17},
  year={1999},
  publisher={Elsevier}
}
[7] 
@incollection{mccloskey1989catastrophic,
  title={Catastrophic interference in connectionist networks: The sequential learning problem},
  author={McCloskey, Michael and Cohen, Neal J},
  booktitle={Psychology of learning and motivation},
  volume={24},
  pages={109--165},
  year={1989},
  publisher={Elsevier}
}
[8] 
@article{ratcliff1990connectionist,
  title={Connectionist models of recognition memory: constraints imposed by learning and forgetting functions.},
  author={Ratcliff, Roger},
  journal={Psychological review},
  volume={97},
  number={2},
  pages={285},
  year={1990},
  publisher={American Psychological Association}
}
[9] 
@article{parisi2019continual,
  title={Continual lifelong learning with neural networks: A review},
  author={Parisi, German I and Kemker, Ronald and Part, Jose L and Kanan, Christopher and Wermter, Stefan},
  journal={Neural networks},
  volume={113},
  pages={54--71},
  year={2019},
  publisher={Elsevier}
}
[10] 
@inproceedings{zhou2024continual,
    title={Continual learning with pre-trained models: A survey},
    author={Zhou, Da-Wei and Sun, Hai-Long and Ning, Jingyi and Ye, Han-Jia and Zhan, De-Chuan},
    booktitle={IJCAI},
    pages={8363-8371},
    year={2024}
}
[11] 
@inproceedings{smith2023coda,
  title={Coda-prompt: Continual decomposed attention-based prompting for rehearsal-free continual learning},
  author={Smith, James Seale and Karlinsky, Leonid and Gutta, Vyshnavi and Cascante-Bonilla, Paola and Kim, Donghyun and Arbelle, Assaf and Panda, Rameswar and Feris, Rogerio and Kira, Zsolt},
  booktitle={Proceedings of the IEEE/CVF Conference on Computer Vision and Pattern Recognition},
  pages={11909--11919},
  year={2023}
}
[12] 
@inproceedings{wang2022dualprompt,
  title={Dualprompt: Complementary prompting for rehearsal-free continual learning},
  author={Wang, Zifeng and Zhang, Zizhao and Ebrahimi, Sayna and Sun, Ruoxi and Zhang, Han and Lee, Chen-Yu and Ren, Xiaoqi and Su, Guolong and Perot, Vincent and Dy, Jennifer and others},
  booktitle={European Conference on Computer Vision},
  pages={631--648},
  year={2022},
  organization={Springer}
}
[13] 
@inproceedings{wang2022learning,
  title={Learning to prompt for continual learning},
  author={Wang, Zifeng and Zhang, Zizhao and Lee, Chen-Yu and Zhang, Han and Sun, Ruoxi and Ren, Xiaoqi and Su, Guolong and Perot, Vincent and Dy, Jennifer and Pfister, Tomas},
  booktitle={Proceedings of the IEEE/CVF conference on computer vision and pattern recognition},
  pages={139--149},
  year={2022}
}
[14] 
@inproceedings{houlsby2019parameter,
  title={Parameter-efficient transfer learning for NLP},
  author={Houlsby, Neil and Giurgiu, Andrei and Jastrzebski, Stanislaw and Morrone, Bruna and De Laroussilhe, Quentin and Gesmundo, Andrea and Attariyan, Mona and Gelly, Sylvain},
  booktitle={International conference on machine learning},
  pages={2790--2799},
  year={2019},
  organization={PMLR}
}
[15] 
@article{hu2021lora,
  title={Lora: Low-rank adaptation of large language models},
  author={Hu, Edward J and Shen, Yelong and Wallis, Phillip and Allen-Zhu, Zeyuan and Li, Yuanzhi and Wang, Shean and Wang, Lu and Chen, Weizhu},
  journal={arXiv preprint arXiv:2106.09685},
  year={2021}
}
[16] 
@article{chen2022adaptformer,
  title={Adaptformer: Adapting vision transformers for scalable visual recognition},
  author={Chen, Shoufa and Ge, Chongjian and Tong, Zhan and Wang, Jiangliu and Song, Yibing and Wang, Jue and Luo, Ping},
  journal={Advances in Neural Information Processing Systems},
  volume={35},
  pages={16664--16678},
  year={2022}
}
[17] 
@article{dosovitskiy2020image,
  title={An image is worth 16x16 words: Transformers for image recognition at scale},
  author={Dosovitskiy, Alexey},
  journal={arXiv preprint arXiv:2010.11929},
  year={2020}
}
[18] 
@inproceedings{pian2023audio,
  title={Audio-visual class-incremental learning},
  author={Pian, Weiguo and Mo, Shentong and Guo, Yunhui and Tian, Yapeng},
  booktitle={Proceedings of the IEEE/CVF International Conference on Computer Vision},
  pages={7799--7811},
  year={2023}
}
[19] 
@inproceedings{smith2023coda,
  title={Coda-prompt: Continual decomposed attention-based prompting for rehearsal-free continual learning},
  author={Smith, James Seale and Karlinsky, Leonid and Gutta, Vyshnavi and Cascante-Bonilla, Paola and Kim, Donghyun and Arbelle, Assaf and Panda, Rameswar and Feris, Rogerio and Kira, Zsolt},
  booktitle={Proceedings of the IEEE/CVF Conference on Computer Vision and Pattern Recognition},
  pages={11909--11919},
  year={2023}
}
[20] 
@inproceedings{villa2023pivot,
  title={Pivot: Prompting for video continual learning},
  author={Villa, Andr{\'e}s and Alc{\'a}zar, Juan Le{\'o}n and Alfarra, Motasem and Alhamoud, Kumail and Hurtado, Julio and Heilbron, Fabian Caba and Soto, Alvaro and Ghanem, Bernard},
  booktitle={Proceedings of the IEEE/CVF Conference on Computer Vision and Pattern Recognition},
  pages={24214--24223},
  year={2023}
}
[21] 
@inproceedings{yu2024boosting,
  title={Boosting continual learning of vision-language models via mixture-of-experts adapters},
  author={Yu, Jiazuo and Zhuge, Yunzhi and Zhang, Lu and Hu, Ping and Wang, Dong and Lu, Huchuan and He, You},
  booktitle={Proceedings of the IEEE/CVF Conference on Computer Vision and Pattern Recognition},
  pages={23219--23230},
  year={2024}
}
[22] 
@inproceedings{zhou2024expandable,
  title={Expandable subspace ensemble for pre-trained model-based class-incremental learning},
  author={Zhou, Da-Wei and Sun, Hai-Long and Ye, Han-Jia and Zhan, De-Chuan},
  booktitle={Proceedings of the IEEE/CVF Conference on Computer Vision and Pattern Recognition},
  pages={23554--23564},
  year={2024}
}
[23] 
@inproceedings{aljundi2017expert,
  title={Expert gate: Lifelong learning with a network of experts},
  author={Aljundi, Rahaf and Chakravarty, Punarjay and Tuytelaars, Tinne},
  booktitle={Proceedings of the IEEE conference on computer vision and pattern recognition},
  pages={3366--3375},
  year={2017}
}
[24] 
@inproceedings{hu2023dense,
  title={Dense network expansion for class incremental learning},
  author={Hu, Zhiyuan and Li, Yunsheng and Lyu, Jiancheng and Gao, Dashan and Vasconcelos, Nuno},
  booktitle={Proceedings of the IEEE/CVF Conference on Computer Vision and Pattern Recognition},
  pages={11858--11867},
  year={2023}
}
[25] 
@article{hu2021lora,
  title={Lora: Low-rank adaptation of large language models},
  author={Hu, Edward J and Shen, Yelong and Wallis, Phillip and Allen-Zhu, Zeyuan and Li, Yuanzhi and Wang, Shean and Wang, Lu and Chen, Weizhu},
  journal={arXiv preprint arXiv:2106.09685},
  year={2021}
}
[26] 
@article{wu2024moslora,
  title={Mixture-of-Subspaces in Low-Rank Adaptation},
  author={Taiqiang Wu and Jiahao Wang and Zhe Zhao and Ngai Wong},
  booktitle={arXiv:2406.11909},
  url={arxiv.org/abs/2406.11909},
  year={2024}
}

[1] 
@inproceedings{dong2022federated,
  title={Federated class-incremental learning},
  author={Dong, Jiahua and Wang, Lixu and Fang, Zhen and Sun, Gan and Xu, Shichao and Wang, Xiao and Zhu, Qi},
  booktitle={Proceedings of the IEEE/CVF conference on computer vision and pattern recognition},
  pages={10164--10173},
  year={2022}
}
[2] 
@inproceedings{dong2023federated,
  title={Federated incremental semantic segmentation},
  author={Dong, Jiahua and Zhang, Duzhen and Cong, Yang and Cong, Wei and Ding, Henghui and Dai, Dengxin},
  booktitle={Proceedings of the IEEE/CVF Conference on Computer Vision and Pattern Recognition},
  pages={3934--3943},
  year={2023}
}
[3] 
@inproceedings{gao2022r,
  title={R-dfcil: Relation-guided representation learning for data-free class incremental learning},
  author={Gao, Qiankun and Zhao, Chen and Ghanem, Bernard and Zhang, Jian},
  booktitle={European Conference on Computer Vision},
  pages={423--439},
  year={2022},
  organization={Springer}
}
[4] 
@article{goswami2024fecam,
  title={Fecam: Exploiting the heterogeneity of class distributions in exemplar-free continual learning},
  author={Goswami, Dipam and Liu, Yuyang and Twardowski, Bart{\l}omiej and van de Weijer, Joost},
  journal={Advances in Neural Information Processing Systems},
  volume={36},
  year={2024}
}
[5] 
@inproceedings{wang2022beef,
  title={Beef: Bi-compatible class-incremental learning via energy-based expansion and fusion},
  author={Wang, Fu-Yun and Zhou, Da-Wei and Liu, Liu and Ye, Han-Jia and Bian, Yatao and Zhan, De-Chuan and Zhao, Peilin},
  booktitle={The eleventh international conference on learning representations},
  year={2022}
}
[6] 
@article{zhao2021mgsvf,
  title={Mgsvf: Multi-grained slow versus fast framework for few-shot class-incremental learning},
  author={Zhao, Hanbin and Fu, Yongjian and Kang, Mintong and Tian, Qi and Wu, Fei and Li, Xi},
  journal={IEEE Transactions on Pattern Analysis and Machine Intelligence},
  volume={46},
  number={3},
  pages={1576--1588},
  year={2021},
  publisher={IEEE}
}
[7] 
@article{liu2021rmm,
  title={Rmm: Reinforced memory management for class-incremental learning},
  author={Liu, Yaoyao and Schiele, Bernt and Sun, Qianru},
  journal={Advances in Neural Information Processing Systems},
  volume={34},
  pages={3478--3490},
  year={2021}
}
[8] 
@inproceedings{luo2023class,
  title={Class-incremental exemplar compression for class-incremental learning},
  author={Luo, Zilin and Liu, Yaoyao and Schiele, Bernt and Sun, Qianru},
  booktitle={Proceedings of the IEEE/CVF Conference on Computer Vision and Pattern Recognition},
  pages={11371--11380},
  year={2023}
}
[9] 
@inproceedings{wu2019large,
  title={Large scale incremental learning},
  author={Wu, Yue and Chen, Yinpeng and Wang, Lijuan and Ye, Yuancheng and Liu, Zicheng and Guo, Yandong and Fu, Yun},
  booktitle={Proceedings of the IEEE/CVF conference on computer vision and pattern recognition},
  pages={374--382},
  year={2019}
}
[10] 
@article{buzzega2020dark,
  title={Dark experience for general continual learning: a strong, simple baseline},
  author={Buzzega, Pietro and Boschini, Matteo and Porrello, Angelo and Abati, Davide and Calderara, Simone},
  journal={Advances in neural information processing systems},
  volume={33},
  pages={15920--15930},
  year={2020}
}
[11] 
@article{wang2022memory,
  title={Memory replay with data compression for continual learning},
  author={Wang, Liyuan and Zhang, Xingxing and Yang, Kuo and Yu, Longhui and Li, Chongxuan and Hong, Lanqing and Zhang, Shifeng and Li, Zhenguo and Zhong, Yi and Zhu, Jun},
  journal={arXiv preprint arXiv:2202.06592},
  year={2022}
}
[12] 
@article{wang2021triple,
  title={Triple-memory networks: A brain-inspired method for continual learning},
  author={Wang, Liyuan and Lei, Bo and Li, Qian and Su, Hang and Zhu, Jun and Zhong, Yi},
  journal={IEEE Transactions on Neural Networks and Learning Systems},
  volume={33},
  number={5},
  pages={1925--1934},
  year={2021},
  publisher={IEEE}
}
[13] 
@inproceedings{rebuffi2017icarl,
  title={icarl: Incremental classifier and representation learning},
  author={Rebuffi, Sylvestre-Alvise and Kolesnikov, Alexander and Sperl, Georg and Lampert, Christoph H},
  booktitle={Proceedings of the IEEE conference on Computer Vision and Pattern Recognition},
  pages={2001--2010},
  year={2017}
}
[14] 
@inproceedings{dhar2019learning,
  title={Learning without memorizing},
  author={Dhar, Prithviraj and Singh, Rajat Vikram and Peng, Kuan-Chuan and Wu, Ziyan and Chellappa, Rama},
  booktitle={Proceedings of the IEEE/CVF conference on computer vision and pattern recognition},
  pages={5138--5146},
  year={2019}
}
[15] 
@inproceedings{douillard2020podnet,
  title={Podnet: Pooled outputs distillation for small-tasks incremental learning},
  author={Douillard, Arthur and Cord, Matthieu and Ollion, Charles and Robert, Thomas and Valle, Eduardo},
  booktitle={Computer vision--ECCV 2020: 16th European conference, Glasgow, UK, August 23--28, 2020, proceedings, part XX 16},
  pages={86--102},
  year={2020},
  organization={Springer}
}
[16] 
@article{li2017learning,
  title={Learning without forgetting},
  author={Li, Zhizhong and Hoiem, Derek},
  journal={IEEE transactions on pattern analysis and machine intelligence},
  volume={40},
  number={12},
  pages={2935--2947},
  year={2017},
  publisher={IEEE}
}
[17] 
@inproceedings{simon2021learning,
  title={On learning the geodesic path for incremental learning},
  author={Simon, Christian and Koniusz, Piotr and Harandi, Mehrtash},
  booktitle={Proceedings of the IEEE/CVF conference on Computer Vision and Pattern Recognition},
  pages={1591--1600},
  year={2021}
}
[18] 
@inproceedings{tao2020topology,
  title={Topology-preserving class-incremental learning},
  author={Tao, Xiaoyu and Chang, Xinyuan and Hong, Xiaopeng and Wei, Xing and Gong, Yihong},
  booktitle={Computer Vision--ECCV 2020: 16th European Conference, Glasgow, UK, August 23--28, 2020, Proceedings, Part XIX 16},
  pages={254--270},
  year={2020},
  organization={Springer}
}
[19] 
@inproceedings{shi2022mimicking,
  title={Mimicking the oracle: An initial phase decorrelation approach for class incremental learning},
  author={Shi, Yujun and Zhou, Kuangqi and Liang, Jian and Jiang, Zihang and Feng, Jiashi and Torr, Philip HS and Bai, Song and Tan, Vincent YF},
  booktitle={Proceedings of the IEEE/CVF conference on computer vision and pattern recognition},
  pages={16722--16731},
  year={2022}
}
[20] 
@inproceedings{zhao2020maintaining,
  title={Maintaining discrimination and fairness in class incremental learning},
  author={Zhao, Bowen and Xiao, Xi and Gan, Guojun and Zhang, Bin and Xia, Shu-Tao},
  booktitle={Proceedings of the IEEE/CVF conference on computer vision and pattern recognition},
  pages={13208--13217},
  year={2020}
}
[21] 
@inproceedings{hu2023dense,
  title={Dense network expansion for class incremental learning},
  author={Hu, Zhiyuan and Li, Yunsheng and Lyu, Jiancheng and Gao, Dashan and Vasconcelos, Nuno},
  booktitle={Proceedings of the IEEE/CVF Conference on Computer Vision and Pattern Recognition},
  pages={11858--11867},
  year={2023}
}
[22] 
@article{wang2023incorporating,
  title={Incorporating neuro-inspired adaptability for continual learning in artificial intelligence},
  author={Wang, Liyuan and Zhang, Xingxing and Li, Qian and Zhang, Mingtian and Su, Hang and Zhu, Jun and Zhong, Yi},
  journal={Nature Machine Intelligence},
  volume={5},
  number={12},
  pages={1356--1368},
  year={2023},
  publisher={Nature Publishing Group UK London}
}
[23] 
@inproceedings{yang2022continual,
  title={Continual object detection via prototypical task correlation guided gating mechanism},
  author={Yang, Binbin and Deng, Xinchi and Shi, Han and Li, Changlin and Zhang, Gengwei and Xu, Hang and Zhao, Shen and Lin, Liang and Liang, Xiaodan},
  booktitle={Proceedings of the IEEE/CVF conference on computer vision and pattern recognition},
  pages={9255--9264},
  year={2022}
}
[24] 
@article{zhou2023hierarchical,
  title={Hierarchical task-incremental learning with feature-space initialization inspired by neural collapse},
  author={Zhou, Qinhao and Xiang, Xiang and Ma, Jing},
  journal={Neural Processing Letters},
  volume={55},
  number={8},
  pages={10811--10827},
  year={2023},
  publisher={Springer}
}
[25] 
@inproceedings{aljundi2018memory,
  title={Memory aware synapses: Learning what (not) to forget},
  author={Aljundi, Rahaf and Babiloni, Francesca and Elhoseiny, Mohamed and Rohrbach, Marcus and Tuytelaars, Tinne},
  booktitle={Proceedings of the European conference on computer vision (ECCV)},
  pages={139--154},
  year={2018}
}
[26] 
@inproceedings{zenke2017continual,
  title={Continual learning through synaptic intelligence},
  author={Zenke, Friedemann and Poole, Ben and Ganguli, Surya},
  booktitle={International conference on machine learning},
  pages={3987--3995},
  year={2017},
  organization={PMLR}
}
[27] 
@inproceedings{xiang2022coarse,
  title={Coarse-to-fine incremental few-shot learning},
  author={Xiang, Xiang and Tan, Yuwen and Wan, Qian and Ma, Jing and Yuille, Alan and Hager, Gregory D},
  booktitle={European Conference on Computer Vision},
  pages={205--222},
  year={2022},
  organization={Springer}
}
[28] 
@inproceedings{dhar2019learning,
  title={Learning without memorizing},
  author={Dhar, Prithviraj and Singh, Rajat Vikram and Peng, Kuan-Chuan and Wu, Ziyan and Chellappa, Rama},
  booktitle={Proceedings of the IEEE/CVF conference on computer vision and pattern recognition},
  pages={5138--5146},
  year={2019}
}
[29] 
@article{li2017learning,
  title={Learning without forgetting},
  author={Li, Zhizhong and Hoiem, Derek},
  journal={IEEE transactions on pattern analysis and machine intelligence},
  volume={40},
  number={12},
  pages={2935--2947},
  year={2017},
  publisher={IEEE}
}
[30] 
@inproceedings{zhang2023slca,
  title={Slca: Slow learner with classifier alignment for continual learning on a pre-trained model},
  author={Zhang, Gengwei and Wang, Liyuan and Kang, Guoliang and Chen, Ling and Wei, Yunchao},
  booktitle={Proceedings of the IEEE/CVF International Conference on Computer Vision},
  pages={19148--19158},
  year={2023}
}
[31] 
@inproceedings{ramasesh2021effect,
  title={Effect of scale on catastrophic forgetting in neural networks},
  author={Ramasesh, Vinay Venkatesh and Lewkowycz, Aitor and Dyer, Ethan},
  booktitle={International Conference on Learning Representations},
  year={2021}
}
[32] 
@inproceedings{zhu2023ctp,
  title={Ctp: Towards vision-language continual pretraining via compatible momentum contrast and topology preservation},
  author={Zhu, Hongguang and Wei, Yunchao and Liang, Xiaodan and Zhang, Chunjie and Zhao, Yao},
  booktitle={Proceedings of the IEEE/CVF International Conference on Computer Vision},
  pages={22257--22267},
  year={2023}
}
[33] 
@inproceedings{wang2022learning,
  title={Learning to prompt for continual learning},
  author={Wang, Zifeng and Zhang, Zizhao and Lee, Chen-Yu and Zhang, Han and Sun, Ruoxi and Ren, Xiaoqi and Su, Guolong and Perot, Vincent and Dy, Jennifer and Pfister, Tomas},
  booktitle={Proceedings of the IEEE/CVF conference on computer vision and pattern recognition},
  pages={139--149},
  year={2022}
}
[34] 
@inproceedings{wang2022dualprompt,
  title={Dualprompt: Complementary prompting for rehearsal-free continual learning},
  author={Wang, Zifeng and Zhang, Zizhao and Ebrahimi, Sayna and Sun, Ruoxi and Zhang, Han and Lee, Chen-Yu and Ren, Xiaoqi and Su, Guolong and Perot, Vincent and Dy, Jennifer and others},
  booktitle={European Conference on Computer Vision},
  pages={631--648},
  year={2022},
  organization={Springer}
}
[35] 
@inproceedings{zhang2023slca,
  title={Slca: Slow learner with classifier alignment for continual learning on a pre-trained model},
  author={Zhang, Gengwei and Wang, Liyuan and Kang, Guoliang and Chen, Ling and Wei, Yunchao},
  booktitle={Proceedings of the IEEE/CVF International Conference on Computer Vision},
  pages={19148--19158},
  year={2023}
}
[36] 
@inproceedings{zhou2024expandable,
  title={Expandable subspace ensemble for pre-trained model-based class-incremental learning},
  author={Zhou, Da-Wei and Sun, Hai-Long and Ye, Han-Jia and Zhan, De-Chuan},
  booktitle={Proceedings of the IEEE/CVF Conference on Computer Vision and Pattern Recognition},
  pages={23554--23564},
  year={2024}
}
[37] 
@inproceedings{zhu2021prototype,
  title={Prototype augmentation and self-supervision for incremental learning},
  author={Zhu, Fei and Zhang, Xu-Yao and Wang, Chuang and Yin, Fei and Liu, Cheng-Lin},
  booktitle={Proceedings of the IEEE/CVF Conference on Computer Vision and Pattern Recognition},
  pages={5871--5880},
  year={2021}
}
[38] 
@inproceedings{li2024fcs,
  title={FCS: Feature Calibration and Separation for Non-Exemplar Class Incremental Learning},
  author={Li, Qiwei and Peng, Yuxin and Zhou, Jiahuan},
  booktitle={Proceedings of the IEEE/CVF Conference on Computer Vision and Pattern Recognition},
  pages={28495--28504},
  year={2024}
}
[39] 
@inproceedings{tan2024semantically,
  title={Semantically-Shifted Incremental Adapter-Tuning is A Continual ViTransformer},
  author={Tan, Yuwen and Zhou, Qinhao and Xiang, Xiang and Wang, Ke and Wu, Yuchuan and Li, Yongbin},
  booktitle={Proceedings of the IEEE/CVF Conference on Computer Vision and Pattern Recognition},
  pages={23252--23262},
  year={2024}
}

[1]
@inproceedings{rebuffi2017icarl,
  title={icarl: Incremental classifier and representation learning},
  author={Rebuffi, Sylvestre-Alvise and Kolesnikov, Alexander and Sperl, Georg and Lampert, Christoph H},
  booktitle={Proceedings of the IEEE conference on Computer Vision and Pattern Recognition},
  pages={2001--2010},
  year={2017}
}
[2]
@inproceedings{smith2023coda,
  title={Coda-prompt: Continual decomposed attention-based prompting for rehearsal-free continual learning},
  author={Smith, James Seale and Karlinsky, Leonid and Gutta, Vyshnavi and Cascante-Bonilla, Paola and Kim, Donghyun and Arbelle, Assaf and Panda, Rameswar and Feris, Rogerio and Kira, Zsolt},
  booktitle={Proceedings of the IEEE/CVF Conference on Computer Vision and Pattern Recognition},
  pages={11909--11919},
  year={2023}
}
[3]
@inproceedings{zhang2023slca,
  title={Slca: Slow learner with classifier alignment for continual learning on a pre-trained model},
  author={Zhang, Gengwei and Wang, Liyuan and Kang, Guoliang and Chen, Ling and Wei, Yunchao},
  booktitle={Proceedings of the IEEE/CVF International Conference on Computer Vision},
  pages={19148--19158},
  year={2023}
}
[4]
@article{wang2022s,
  title={S-prompts learning with pre-trained transformers: An occam’s razor for domain incremental learning},
  author={Wang, Yabin and Huang, Zhiwu and Hong, Xiaopeng},
  journal={Advances in Neural Information Processing Systems},
  volume={35},
  pages={5682--5695},
  year={2022}
}
[5]
@inproceedings{thrun2004advances,
  title={Advances in neural information processing systems 16},
  author={Thrun, Sebastian and Saul, L and Sch{\"o}lkopf, Bernhard},
  booktitle={Proceedings of the 2003 Conference. illustrated edition. London, England: The MIT Press},
  pages={47--110},
  year={2004}
}
[6]
@inproceedings{panos2023first,
  title={First session adaptation: A strong replay-free baseline for class-incremental learning},
  author={Panos, Aristeidis and Kobe, Yuriko and Reino, Daniel Olmeda and Aljundi, Rahaf and Turner, Richard E},
  booktitle={Proceedings of the IEEE/CVF International Conference on Computer Vision},
  pages={18820--18830},
  year={2023}
}
[7]
@article{zhao2023revisit,
  title={Revisit parameter-efficient transfer learning: A two-stage paradigm},
  author={Zhao, Hengyuan and Luo, Hao and Zhao, Yuyang and Wang, Pichao and Wang, Fan and Shou, Mike Zheng},
  journal={arXiv preprint arXiv:2303.07910},
  year={2023}
}
[8]
@article{zhou2023revisiting,
  title={Revisiting class-incremental learning with pre-trained models: Generalizability and adaptivity are all you need},
  author={Zhou, Da-Wei and Cai, Zi-Wen and Ye, Han-Jia and Zhan, De-Chuan and Liu, Ziwei},
  journal={arXiv preprint arXiv:2303.07338},
  year={2023}
}
[9]
@article{hinton2015distilling,
  title={Distilling the Knowledge in a Neural Network},
  author={Hinton, Geoffrey},
  journal={arXiv preprint arXiv:1503.02531},
  year={2015}
}
[10]
@article{hinton2015distilling,
  title={Distilling the Knowledge in a Neural Network},
  author={Hinton, Geoffrey},
  journal={arXiv preprint arXiv:1503.02531},
  year={2015}
}
[11]
@inproceedings{zhou2024expandable,
  title={Expandable subspace ensemble for pre-trained model-based class-incremental learning},
  author={Zhou, Da-Wei and Sun, Hai-Long and Ye, Han-Jia and Zhan, De-Chuan},
  booktitle={Proceedings of the IEEE/CVF Conference on Computer Vision and Pattern Recognition},
  pages={23554--23564},
  year={2024}
}


@article{mcdonnell2024ranpac,
  title={Ranpac: Random projections and pre-trained models for continual learning},
  author={McDonnell, Mark D and Gong, Dong and Parvaneh, Amin and Abbasnejad, Ehsan and van den Hengel, Anton},
  journal={Advances in Neural Information Processing Systems},
  volume={36},
  year={2024}
}
[2]
@inproceedings{zhang2023slca,
  title={Slca: Slow learner with classifier alignment for continual learning on a pre-trained model},
  author={Zhang, Gengwei and Wang, Liyuan and Kang, Guoliang and Chen, Ling and Wei, Yunchao},
  booktitle={Proceedings of the IEEE/CVF International Conference on Computer Vision},
  pages={19148--19158},
  year={2023}
}
[3]
@inproceedings{tan2024semantically,
  title={Semantically-Shifted Incremental Adapter-Tuning is A Continual ViTransformer},
  author={Tan, Yuwen and Zhou, Qinhao and Xiang, Xiang and Wang, Ke and Wu, Yuchuan and Li, Yongbin},
  booktitle={Proceedings of the IEEE/CVF Conference on Computer Vision and Pattern Recognition},
  pages={23252--23262},
  year={2024}
}
[4]
@misc{krizhevsky2009learning,
  title={Learning multiple layers of features from tiny images.(2009)},
  author={Krizhevsky, Alex and Hinton, Geoffrey and others},
  year={2009}
}
[5]
@inproceedings{hendrycks2021many,
  title={The many faces of robustness: A critical analysis of out-of-distribution generalization},
  author={Hendrycks, Dan and Basart, Steven and Mu, Norman and Kadavath, Saurav and Wang, Frank and Dorundo, Evan and Desai, Rahul and Zhu, Tyler and Parajuli, Samyak and Guo, Mike and others},
  booktitle={Proceedings of the IEEE/CVF international conference on computer vision},
  pages={8340--8349},
  year={2021}
}
[6]
@article{wah2011caltech,
  title={The caltech-ucsd birds-200-2011 dataset},
  author={Wah, Catherine and Branson, Steve and Welinder, Peter and Perona, Pietro and Belongie, Serge},
  year={2011},
  publisher={California Institute of Technology}
}
[7]
@inproceedings{hendrycks2021natural,
  title={Natural adversarial examples},
  author={Hendrycks, Dan and Zhao, Kevin and Basart, Steven and Steinhardt, Jacob and Song, Dawn},
  booktitle={Proceedings of the IEEE/CVF conference on computer vision and pattern recognition},
  pages={15262--15271},
  year={2021}
}
[8]
@inproceedings{krause20133d,
  title={3d object representations for fine-grained categorization},
  author={Krause, Jonathan and Stark, Michael and Deng, Jia and Fei-Fei, Li},
  booktitle={Proceedings of the IEEE international conference on computer vision workshops},
  pages={554--561},
  year={2013}
}
[1]:
@article{hu2021lora,
  title={Lora: Low-rank adaptation of large language models},
  author={Hu, Edward J and Shen, Yelong and Wallis, Phillip and Allen-Zhu, Zeyuan and Li, Yuanzhi and Wang, Shean and Wang, Lu and Chen, Weizhu},
  journal={arXiv preprint arXiv:2106.09685},
  year={2021}
}
[2]:
@article{jacobs1991adaptive,
  title={Adaptive mixtures of local experts},
  author={Jacobs, Robert A and Jordan, Michael I and Nowlan, Steven J and Hinton, Geoffrey E},
  journal={Neural computation},
  volume={3},
  number={1},
  pages={79--87},
  year={1991},
  publisher={MIT Press}
}
@article{shazeer2017outrageously,
  title={Outrageously large neural networks: The sparsely-gated mixture-of-experts layer},
  author={Shazeer, Noam and Mirhoseini, Azalia and Maziarz, Krzysztof and Davis, Andy and Le, Quoc and Hinton, Geoffrey and Dean, Jeff},
  journal={arXiv preprint arXiv:1701.06538},
  year={2017}
}
[3]:
@inproceedings{yu2024boosting,
  title={Boosting continual learning of vision-language models via mixture-of-experts adapters},
  author={Yu, Jiazuo and Zhuge, Yunzhi and Zhang, Lu and Hu, Ping and Wang, Dong and Lu, Huchuan and He, You},
  booktitle={Proceedings of the IEEE/CVF Conference on Computer Vision and Pattern Recognition},
  pages={23219--23230},
  year={2024}
}
[4]:
@inproceedings{liang2024inflora,
  title={InfLoRA: Interference-Free Low-Rank Adaptation for Continual Learning},
  author={Liang, Yan-Shuo and Li, Wu-Jun},
  booktitle={Proceedings of the IEEE/CVF Conference on Computer Vision and Pattern Recognition},
  pages={23638--23647},
  year={2024}
}
[5]:
@inproceedings{zhou2024expandable,
  title={Expandable subspace ensemble for pre-trained model-based class-incremental learning},
  author={Zhou, Da-Wei and Sun, Hai-Long and Ye, Han-Jia and Zhan, De-Chuan},
  booktitle={Proceedings of the IEEE/CVF Conference on Computer Vision and Pattern Recognition},
  pages={23554--23564},
  year={2024}
}
[6]:
@article{wei2024online,
  title={Online-LoRA: Task-free Online Continual Learning via Low Rank Adaptation},
  author={Wei, Xiwen and Li, Guihong and Marculescu, Radu},
  journal={arXiv preprint arXiv:2411.05663},
  year={2024}
}
[7]:
@article{hayou2024lora+,
  title={Lora+: Efficient low rank adaptation of large models},
  author={Hayou, Soufiane and Ghosh, Nikhil and Yu, Bin},
  journal={arXiv preprint arXiv:2402.12354},
  year={2024}
}
@article{li2023loftq,
  title={Loftq: Lora-fine-tuning-aware quantization for large language models},
  author={Li, Yixiao and Yu, Yifan and Liang, Chen and He, Pengcheng and Karampatziakis, Nikos and Chen, Weizhu and Zhao, Tuo},
  journal={arXiv preprint arXiv:2310.08659},
  year={2023}
}
@article{kopiczko2023vera,
  title={Vera: Vector-based random matrix adaptation},
  author={Kopiczko, Dawid J and Blankevoort, Tijmen and Asano, Yuki M},
  journal={arXiv preprint arXiv:2310.11454},
  year={2023}
}

@article{ayoub2023requirements,
  title={Requirements, deployments, and challenges of LoRa technology: A survey},
  author={Ayoub Kamal, Muhammad and Alam, Muhammad Mansoor and Sajak, Aznida Abu Bakar and Mohd Su’ud, Mazliham},
  journal={Computational Intelligence and Neuroscience},
  volume={2023},
  number={1},
  pages={5183062},
  year={2023},
  publisher={Wiley Online Library}
}
@article{alexey2020image,
  title={An image is worth 16x16 words: Transformers for image recognition at scale},
  author={Alexey, Dosovitskiy},
  journal={arXiv preprint arXiv: 2010.11929},
  year={2020}
}
@article{kirkpatrick2017overcoming,
  title={Overcoming catastrophic forgetting in neural networks},
  author={Kirkpatrick, James and Pascanu, Razvan and Rabinowitz, Neil and Veness, Joel and Desjardins, Guillaume and Rusu, Andrei A and Milan, Kieran and Quan, John and Ramalho, Tiago and Grabska-Barwinska, Agnieszka and others},
  journal={Proceedings of the national academy of sciences},
  volume={114},
  number={13},
  pages={3521--3526},
  year={2017},
  publisher={National Acad Sciences}
}
@inproceedings{zhou2024expandable,
  title={Expandable subspace ensemble for pre-trained model-based class-incremental learning},
  author={Zhou, Da-Wei and Sun, Hai-Long and Ye, Han-Jia and Zhan, De-Chuan},
  booktitle={Proceedings of the IEEE/CVF Conference on Computer Vision and Pattern Recognition},
  pages={23554--23564},
  year={2024}
}

@inproceedings{gao2023unified,
  title={A unified continual learning framework with general parameter-efficient tuning},
  author={Gao, Qiankun and Zhao, Chen and Sun, Yifan and Xi, Teng and Zhang, Gang and Ghanem, Bernard and Zhang, Jian},
  booktitle={Proceedings of the IEEE/CVF International Conference on Computer Vision},
  pages={11483--11493},
  year={2023}
}
@inproceedings{wang2022dualprompt,
  title={Dualprompt: Complementary prompting for rehearsal-free continual learning},
  author={Wang, Zifeng and Zhang, Zizhao and Ebrahimi, Sayna and Sun, Ruoxi and Zhang, Han and Lee, Chen-Yu and Ren, Xiaoqi and Su, Guolong and Perot, Vincent and Dy, Jennifer and others},
  booktitle={European Conference on Computer Vision},
  pages={631--648},
  year={2022},
  organization={Springer}
}
@inproceedings{wang2022learning,
  title={Learning to prompt for continual learning},
  author={Wang, Zifeng and Zhang, Zizhao and Lee, Chen-Yu and Zhang, Han and Sun, Ruoxi and Ren, Xiaoqi and Su, Guolong and Perot, Vincent and Dy, Jennifer and Pfister, Tomas},
  booktitle={Proceedings of the IEEE/CVF conference on computer vision and pattern recognition},
  pages={139--149},
  year={2022}
}
@inproceedings{zhang2023slca,
  title={Slca: Slow learner with classifier alignment for continual learning on a pre-trained model},
  author={Zhang, Gengwei and Wang, Liyuan and Kang, Guoliang and Chen, Ling and Wei, Yunchao},
  booktitle={Proceedings of the IEEE/CVF International Conference on Computer Vision},
  pages={19148--19158},
  year={2023}
}
@article{zhou2023revisiting,
  title={Revisiting class-incremental learning with pre-trained models: Generalizability and adaptivity are all you need},
  author={Zhou, Da-Wei and Cai, Zi-Wen and Ye, Han-Jia and Zhan, De-Chuan and Liu, Ziwei},
  journal={arXiv preprint arXiv:2303.07338},
  year={2023}
}