@inproceedings{aljundi2018memory,
  title={Memory aware synapses: Learning what (not) to forget},
  author={Aljundi, Rahaf and Babiloni, Francesca and Elhoseiny, Mohamed and Rohrbach, Marcus and Tuytelaars, Tinne},
  booktitle={Proceedings of the European conference on computer vision (ECCV)},
  pages={139--154},
  year={2018}
}

@article{buzzega2020dark,
  title={Dark experience for general continual learning: a strong, simple baseline},
  author={Buzzega, Pietro and Boschini, Matteo and Porrello, Angelo and Abati, Davide and Calderara, Simone},
  journal={Advances in neural information processing systems},
  volume={33},
  pages={15920--15930},
  year={2020}
}

@inproceedings{dhar2019learning,
  title={Learning without memorizing},
  author={Dhar, Prithviraj and Singh, Rajat Vikram and Peng, Kuan-Chuan and Wu, Ziyan and Chellappa, Rama},
  booktitle={Proceedings of the IEEE/CVF conference on computer vision and pattern recognition},
  pages={5138--5146},
  year={2019}
}

@inproceedings{dong2022federated,
  title={Federated class-incremental learning},
  author={Dong, Jiahua and Wang, Lixu and Fang, Zhen and Sun, Gan and Xu, Shichao and Wang, Xiao and Zhu, Qi},
  booktitle={Proceedings of the IEEE/CVF conference on computer vision and pattern recognition},
  pages={10164--10173},
  year={2022}
}

@inproceedings{dong2023federated,
  title={Federated incremental semantic segmentation},
  author={Dong, Jiahua and Zhang, Duzhen and Cong, Yang and Cong, Wei and Ding, Henghui and Dai, Dengxin},
  booktitle={Proceedings of the IEEE/CVF Conference on Computer Vision and Pattern Recognition},
  pages={3934--3943},
  year={2023}
}

@inproceedings{douillard2020podnet,
  title={Podnet: Pooled outputs distillation for small-tasks incremental learning},
  author={Douillard, Arthur and Cord, Matthieu and Ollion, Charles and Robert, Thomas and Valle, Eduardo},
  booktitle={Computer vision--ECCV 2020: 16th European conference, Glasgow, UK, August 23--28, 2020, proceedings, part XX 16},
  pages={86--102},
  year={2020},
  organization={Springer}
}

@inproceedings{gao2022r,
  title={R-dfcil: Relation-guided representation learning for data-free class incremental learning},
  author={Gao, Qiankun and Zhao, Chen and Ghanem, Bernard and Zhang, Jian},
  booktitle={European Conference on Computer Vision},
  pages={423--439},
  year={2022},
  organization={Springer}
}

@article{goswami2024fecam,
  title={Fecam: Exploiting the heterogeneity of class distributions in exemplar-free continual learning},
  author={Goswami, Dipam and Liu, Yuyang and Twardowski, Bart{\l}omiej and van de Weijer, Joost},
  journal={Advances in Neural Information Processing Systems},
  volume={36},
  year={2024}
}

@article{hayou2024lora+,
  title={Lora+: Efficient low rank adaptation of large models},
  author={Hayou, Soufiane and Ghosh, Nikhil and Yu, Bin},
  journal={arXiv preprint arXiv:2402.12354},
  year={2024}
}

@article{hu2021lora,
  title={Lora: Low-rank adaptation of large language models},
  author={Hu, Edward J and Shen, Yelong and Wallis, Phillip and Allen-Zhu, Zeyuan and Li, Yuanzhi and Wang, Shean and Wang, Lu and Chen, Weizhu},
  journal={arXiv preprint arXiv:2106.09685},
  year={2021}
}

@inproceedings{hu2023dense,
  title={Dense network expansion for class incremental learning},
  author={Hu, Zhiyuan and Li, Yunsheng and Lyu, Jiancheng and Gao, Dashan and Vasconcelos, Nuno},
  booktitle={Proceedings of the IEEE/CVF Conference on Computer Vision and Pattern Recognition},
  pages={11858--11867},
  year={2023}
}

@article{jacobs1991adaptive,
  title={Adaptive mixtures of local experts},
  author={Jacobs, Robert A and Jordan, Michael I and Nowlan, Steven J and Hinton, Geoffrey E},
  journal={Neural computation},
  volume={3},
  number={1},
  pages={79--87},
  year={1991},
  publisher={MIT Press}
}

@article{kopiczko2023vera,
  title={Vera: Vector-based random matrix adaptation},
  author={Kopiczko, Dawid J and Blankevoort, Tijmen and Asano, Yuki M},
  journal={arXiv preprint arXiv:2310.11454},
  year={2023}
}

@article{li2017learning,
  title={Learning without forgetting},
  author={Li, Zhizhong and Hoiem, Derek},
  journal={IEEE transactions on pattern analysis and machine intelligence},
  volume={40},
  number={12},
  pages={2935--2947},
  year={2017},
  publisher={IEEE}
}

@article{li2023loftq,
  title={Loftq: Lora-fine-tuning-aware quantization for large language models},
  author={Li, Yixiao and Yu, Yifan and Liang, Chen and He, Pengcheng and Karampatziakis, Nikos and Chen, Weizhu and Zhao, Tuo},
  journal={arXiv preprint arXiv:2310.08659},
  year={2023}
}

@inproceedings{liang2024inflora,
  title={InfLoRA: Interference-Free Low-Rank Adaptation for Continual Learning},
  author={Liang, Yan-Shuo and Li, Wu-Jun},
  booktitle={Proceedings of the IEEE/CVF Conference on Computer Vision and Pattern Recognition},
  pages={23638--23647},
  year={2024}
}

@article{liu2021rmm,
  title={Rmm: Reinforced memory management for class-incremental learning},
  author={Liu, Yaoyao and Schiele, Bernt and Sun, Qianru},
  journal={Advances in Neural Information Processing Systems},
  volume={34},
  pages={3478--3490},
  year={2021}
}

@inproceedings{luo2023class,
  title={Class-incremental exemplar compression for class-incremental learning},
  author={Luo, Zilin and Liu, Yaoyao and Schiele, Bernt and Sun, Qianru},
  booktitle={Proceedings of the IEEE/CVF Conference on Computer Vision and Pattern Recognition},
  pages={11371--11380},
  year={2023}
}

@inproceedings{rebuffi2017icarl,
  title={icarl: Incremental classifier and representation learning},
  author={Rebuffi, Sylvestre-Alvise and Kolesnikov, Alexander and Sperl, Georg and Lampert, Christoph H},
  booktitle={Proceedings of the IEEE conference on Computer Vision and Pattern Recognition},
  pages={2001--2010},
  year={2017}
}

@article{shazeer2017outrageously,
  title={Outrageously large neural networks: The sparsely-gated mixture-of-experts layer},
  author={Shazeer, Noam and Mirhoseini, Azalia and Maziarz, Krzysztof and Davis, Andy and Le, Quoc and Hinton, Geoffrey and Dean, Jeff},
  journal={arXiv preprint arXiv:1701.06538},
  year={2017}
}

@inproceedings{shi2022mimicking,
  title={Mimicking the oracle: An initial phase decorrelation approach for class incremental learning},
  author={Shi, Yujun and Zhou, Kuangqi and Liang, Jian and Jiang, Zihang and Feng, Jiashi and Torr, Philip HS and Bai, Song and Tan, Vincent YF},
  booktitle={Proceedings of the IEEE/CVF conference on computer vision and pattern recognition},
  pages={16722--16731},
  year={2022}
}

@inproceedings{simon2021learning,
  title={On learning the geodesic path for incremental learning},
  author={Simon, Christian and Koniusz, Piotr and Harandi, Mehrtash},
  booktitle={Proceedings of the IEEE/CVF conference on Computer Vision and Pattern Recognition},
  pages={1591--1600},
  year={2021}
}

@inproceedings{tao2020topology,
  title={Topology-preserving class-incremental learning},
  author={Tao, Xiaoyu and Chang, Xinyuan and Hong, Xiaopeng and Wei, Xing and Gong, Yihong},
  booktitle={Computer Vision--ECCV 2020: 16th European Conference, Glasgow, UK, August 23--28, 2020, Proceedings, Part XIX 16},
  pages={254--270},
  year={2020},
  organization={Springer}
}

@article{wang2021triple,
  title={Triple-memory networks: A brain-inspired method for continual learning},
  author={Wang, Liyuan and Lei, Bo and Li, Qian and Su, Hang and Zhu, Jun and Zhong, Yi},
  journal={IEEE Transactions on Neural Networks and Learning Systems},
  volume={33},
  number={5},
  pages={1925--1934},
  year={2021},
  publisher={IEEE}
}

@inproceedings{wang2022beef,
  title={Beef: Bi-compatible class-incremental learning via energy-based expansion and fusion},
  author={Wang, Fu-Yun and Zhou, Da-Wei and Liu, Liu and Ye, Han-Jia and Bian, Yatao and Zhan, De-Chuan and Zhao, Peilin},
  booktitle={The eleventh international conference on learning representations},
  year={2022}
}

@article{wang2022memory,
  title={Memory replay with data compression for continual learning},
  author={Wang, Liyuan and Zhang, Xingxing and Yang, Kuo and Yu, Longhui and Li, Chongxuan and Hong, Lanqing and Zhang, Shifeng and Li, Zhenguo and Zhong, Yi and Zhu, Jun},
  journal={arXiv preprint arXiv:2202.06592},
  year={2022}
}

@article{wang2023incorporating,
  title={Incorporating neuro-inspired adaptability for continual learning in artificial intelligence},
  author={Wang, Liyuan and Zhang, Xingxing and Li, Qian and Zhang, Mingtian and Su, Hang and Zhu, Jun and Zhong, Yi},
  journal={Nature Machine Intelligence},
  volume={5},
  number={12},
  pages={1356--1368},
  year={2023},
  publisher={Nature Publishing Group UK London}
}

@article{wei2024online,
  title={Online-LoRA: Task-free Online Continual Learning via Low Rank Adaptation},
  author={Wei, Xiwen and Li, Guihong and Marculescu, Radu},
  journal={arXiv preprint arXiv:2411.05663},
  year={2024}
}

@inproceedings{wu2019large,
  title={Large scale incremental learning},
  author={Wu, Yue and Chen, Yinpeng and Wang, Lijuan and Ye, Yuancheng and Liu, Zicheng and Guo, Yandong and Fu, Yun},
  booktitle={Proceedings of the IEEE/CVF conference on computer vision and pattern recognition},
  pages={374--382},
  year={2019}
}

@inproceedings{xiang2022coarse,
  title={Coarse-to-fine incremental few-shot learning},
  author={Xiang, Xiang and Tan, Yuwen and Wan, Qian and Ma, Jing and Yuille, Alan and Hager, Gregory D},
  booktitle={European Conference on Computer Vision},
  pages={205--222},
  year={2022},
  organization={Springer}
}

@inproceedings{yang2022continual,
  title={Continual object detection via prototypical task correlation guided gating mechanism},
  author={Yang, Binbin and Deng, Xinchi and Shi, Han and Li, Changlin and Zhang, Gengwei and Xu, Hang and Zhao, Shen and Lin, Liang and Liang, Xiaodan},
  booktitle={Proceedings of the IEEE/CVF conference on computer vision and pattern recognition},
  pages={9255--9264},
  year={2022}
}

@inproceedings{yu2024boosting,
  title={Boosting continual learning of vision-language models via mixture-of-experts adapters},
  author={Yu, Jiazuo and Zhuge, Yunzhi and Zhang, Lu and Hu, Ping and Wang, Dong and Lu, Huchuan and He, You},
  booktitle={Proceedings of the IEEE/CVF Conference on Computer Vision and Pattern Recognition},
  pages={23219--23230},
  year={2024}
}

@inproceedings{zenke2017continual,
  title={Continual learning through synaptic intelligence},
  author={Zenke, Friedemann and Poole, Ben and Ganguli, Surya},
  booktitle={International conference on machine learning},
  pages={3987--3995},
  year={2017},
  organization={PMLR}
}

@inproceedings{zhao2020maintaining,
  title={Maintaining discrimination and fairness in class incremental learning},
  author={Zhao, Bowen and Xiao, Xi and Gan, Guojun and Zhang, Bin and Xia, Shu-Tao},
  booktitle={Proceedings of the IEEE/CVF conference on computer vision and pattern recognition},
  pages={13208--13217},
  year={2020}
}

@article{zhao2021mgsvf,
  title={Mgsvf: Multi-grained slow versus fast framework for few-shot class-incremental learning},
  author={Zhao, Hanbin and Fu, Yongjian and Kang, Mintong and Tian, Qi and Wu, Fei and Li, Xi},
  journal={IEEE Transactions on Pattern Analysis and Machine Intelligence},
  volume={46},
  number={3},
  pages={1576--1588},
  year={2021},
  publisher={IEEE}
}

@article{zhou2023hierarchical,
  title={Hierarchical task-incremental learning with feature-space initialization inspired by neural collapse},
  author={Zhou, Qinhao and Xiang, Xiang and Ma, Jing},
  journal={Neural Processing Letters},
  volume={55},
  number={8},
  pages={10811--10827},
  year={2023},
  publisher={Springer}
}

@inproceedings{zhou2024expandable,
  title={Expandable subspace ensemble for pre-trained model-based class-incremental learning},
  author={Zhou, Da-Wei and Sun, Hai-Long and Ye, Han-Jia and Zhan, De-Chuan},
  booktitle={Proceedings of the IEEE/CVF Conference on Computer Vision and Pattern Recognition},
  pages={23554--23564},
  year={2024}
}

