@article{MARTIN2024,
title = {Future Direction of Wound Care},
journal = {Nursing Clinics of North America},
year = {2024},
doi = {10.1016/j.cnur.2024.07.011},
author = {Sanaz Martin}
}

@article{MET7alzubaidi2021review,
  title={Review of deep learning: Concepts, CNN architectures, challenges, applications, future directions},
  author={Alzubaidi, Laith and Zhang, Jinglan and Humaidi, Amjad J and Al-Dujaili, Ayad and Duan, Ye and Al-Shamma, Omran and Santamar{\'\i}a, J and Fadhel, Mohammed A and Al-Amidie, Muthana and Farhan, Laith},
  journal={Journal of big Data},
  volume={8},
  number={1},
  pages={1--74},
  year={2021},
  publisher={Springer}
}

@article{RAJATHI2024105855,
title = {{DUTC Net: A novel deep ulcer tissue classification network with stage prediction and treatment plan recommendation}},
journal = {Biomedical Signal Processing and Control},
volume = {90},
pages = {105855},
year = {2024},
issn = {1746-8094},
doi = {10.1016/j.bspc.2023.105855},
author = {V. Rajathi and A. Chinnasamy and P. Selvakumari},
keywords = {Varicose Ulcer Segmentation, Ulcer tissue map, DUTC Net, Tissue type identification, Stage classification},
}

@inproceedings{RW17ronneberger2015u,
  title={U-net: Convolutional networks for biomedical image segmentation},
  author={Ronneberger, Olaf and Fischer, Philipp and Brox, Thomas},
  booktitle={International Conference on Medical image computing and computer-assisted intervention},
  pages={234--241},
  year={2015},
  organization={Springer}
}

@article{RW19mukherjee2014automated,
  title={Automated tissue classification framework for reproducible chronic wound assessment},
  author={Mukherjee, Rashmi and Manohar, Dhiraj Dhane and Das, Dev Kumar and Achar, Arun and Mitra, Analava and Chakraborty, Chandan},
  journal={BioMed research international},
  volume={2014},
  year={2014},
  publisher={Hindawi}
}

@article{RW20veredas2015wound,
  title={Wound image evaluation with machine learning},
  author={Veredas, Francisco J and Luque-Baena, Rafael M and Mart{\'\i}n-Santos, Francisco J and Morilla-Herrera, Juan C and Morente, Laura},
  journal={Neurocomputing},
  volume={164},
  pages={112--122},
  year={2015},
  publisher={Elsevier}
}

@article{RW21wannous2010enhanced,
  title={Enhanced assessment of the wound-healing process by accurate multiview tissue classification},
  author={Wannous, Hazem and Lucas, Yves and Treuillet, Sylvie},
  journal={IEEE transactions on Medical Imaging},
  volume={30},
  number={2},
  pages={315--326},
  year={2010},
  publisher={IEEE}
}

@inproceedings{RW22wannous2007supervised,
  title={Supervised tissue classification from color images for a complete wound assessment tool},
  author={Wannous, Hazem and Treuillet, Sylvie and Lucas, Yves},
  booktitle={2007 29th Annual International Conference of the IEEE Engineering in Medicine and Biology Society},
  pages={6031--6034},
  year={2007},
  organization={IEEE}
}

@article{RW23wannous2010robust,
  title={Robust tissue classification for reproducible wound assessment in telemedicine environments},
  author={Wannous, Hazem and Treuillet, Sylvie and Lucas, Yves},
  journal={Journal of Electronic Imaging},
  volume={19},
  number={2},
  pages={023002},
  year={2010},
  publisher={SPIE}
}

@inproceedings{RW24niri2021superpixel,
  title={A superpixel-wise fully convolutional neural network approach for diabetic foot ulcer tissue classification},
  author={Niri, Rania and Douzi, Hassan and Lucas, Yves and Treuillet, Sylvie},
  booktitle={International Conference on Pattern Recognition},
  pages={308--320},
  year={2021},
  organization={Springer}
}

@article{RW25zahia2018tissue,
  title={Tissue classification and segmentation of pressure injuries using convolutional neural networks},
  author={Zahia, Sofia and Sierra-Sosa, Daniel and Garcia-Zapirain, Begonya and Elmaghraby, Adel},
  journal={Computer methods and programs in biomedicine},
  volume={159},
  pages={51--58},
  year={2018},
  publisher={Elsevier}
}

@inproceedings{RW26nejati2018fine,
  title={Fine-grained wound tissue analysis using deep neural network},
  author={Nejati, Hossein and Ghazijahani, Hamed Alizadeh and Abdollahzadeh, Milad and Malekzadeh, Touba and Cheung, N-M and Lee, K-H and Low, L-L},
  booktitle={2018 IEEE International Conference on Acoustics, Speech and Signal Processing (ICASSP)},
  pages={1010--1014},
  year={2018},
  organization={IEEE}
}

@article{RW28rajathi2019varicose,
  title={Varicose ulcer (C6) wound image tissue classification using multidimensional convolutional neural networks},
  author={Rajathi, V and Bhavani, RR and Wiselin Jiji, G},
  journal={The Imaging Science Journal},
  volume={67},
  number={7},
  pages={374--384},
  year={2019},
  publisher={Taylor \& Francis}
}

@article{RW29blanco2020superpixel,
  title={A superpixel-driven deep learning approach for the analysis of dermatological wounds},
  author={Blanco, Gustavo and Traina, Agma JM and Traina Jr, Caetano and Azevedo-Marques, Paulo M and Jorge, Ana ES and de Oliveira, Daniel and Bedo, Marcos VN},
  journal={Computer methods and programs in biomedicine},
  volume={183},
  pages={105079},
  year={2020},
  publisher={Elsevier}
}

@article{RW35garcia2018classification,
  title={Classification of pressure ulcer tissues with 3D convolutional neural network},
  author={Garc{\'\i}a-Zapirain, Bego{\~n}a and Elmogy, Mohammed and El-Baz, Ayman and Elmaghraby, Adel S},
  journal={Medical \& biological engineering \& computing},
  volume={56},
  number={12},
  pages={2245--2258},
  year={2018},
  publisher={Springer}
}

@inproceedings{RW36elmogy2018tissues,
  title={Tissues classification for pressure ulcer images based on 3D convolutional neural network},
  author={Elmogy, Mohammed and Garc{\'\i}a-Zapirain, Bego{\~n}a and Burns, Connor and Elmaghraby, Adel and Ei-Baz, Ayman},
  booktitle={2018 25th IEEE International Conference on Image Processing (ICIP)},
  pages={3139--3143},
  year={2018},
  organization={IEEE}
}

@inproceedings{RW37godeiro2018chronic,
  title={Chronic wound tissue classification using convolutional networks and color space reduction},
  author={Godeiro, Vitor and Neto, Jos{\'e} Silva and Carvalho, Bruno and Santana, Bruno and Ferraz, Julianny and Gama, Renata},
  booktitle={IEEE 28th International Workshop on Machine Learning for Signal Processing (MLSP)},
  pages={1--6},
  year={2018},
  organization={IEEE}
}

@article{RW38sarp2021simultaneous,
  title={Simultaneous wound border segmentation and tissue classification using a conditional generative adversarial network},
  author={Sarp, Salih and Kuzlu, Murat and Pipattanasomporn, Manisa and Guler, Ozgur},
  journal={Journal of Engineering},
  volume={2021},
  number={3},
  year={2021}
}

@article{RW40chang2017multimodal,
  title={Multimodal sensor system for pressure ulcer wound assessment and care},
  author={Chang, Ming-Ching and Yu, Ting and Luo, Jiajia and Duan, Kun and Tu, Peter and Zhao, Yang and Nagraj, Nandini and Rajiv, Vrinda and Priebe, Michael and Wood, Elena A and others},
  journal={IEEE Transactions on Industrial Informatics},
  volume={14},
  number={3},
  pages={1186--1196},
  year={2017},
  publisher={IEEE}
}

@inproceedings{RW43pholberdee2018study,
  title={Study of Chronic Wound Image Segmentation: Impact of Tissue Type and Color Data Augmentation},
  author={Pholberdee, Nanthipath and Pathompatai, Chanok and Taeprasartsit, Pinyo},
  booktitle={2018 15th International Joint Conference on Computer Science and Software Engineering (JCSSE)},
  pages={1--6},
  year={2018},
  organization={IEEE}
}

@incollection{RW44maity2018pixel,
  title={Pixel-based supervised tissue classification of chronic wound images with deep autoencoder},
  author={Maity, Maitreya and Dhane, Dhiraj and Bar, Chittaranjan and Chakraborty, Chandan and Chatterjee, Jyotirmoy},
  booktitle={Advanced Computational and Communication Paradigms},
  pages={727--735},
  year={2018},
  publisher={Springer}
}

@article{ZAHIA2020101742,
title = {Pressure injury image analysis with machine learning techniques: A systematic review on previous and possible future methods},
journal = {Artificial Intelligence in Medicine},
volume = {102},
pages = {101742},
year = {2020},
issn = {0933-3657},
doi = {10.1016/j.artmed.2019.101742},
author = {Sofia Zahia and Maria Begoña {Garcia Zapirain} and Xavier Sevillano and Alejandro González and Paul J. Kim and Adel Elmaghraby}
}

@article{anisuzzaman2022image,
  title={Image-based artificial intelligence in wound assessment: a systematic review},
  author={Anisuzzaman, DM and Wang, Chuanbo and Rostami, Behrouz and Gopalakrishnan, Sandeep and Niezgoda, Jeffrey and Yu, Zeyun},
  journal={Advances in Wound Care},
  volume={11},
  number={12},
  pages={687--709},
  year={2022},
  publisher={Mary Ann Liebert, Inc., publishers 140 Huguenot Street, 3rd Floor New~…}
}

@article{chakraborty2016telemedicine,
  title={Telemedicine supported chronic wound tissue prediction using classification approaches},
  author={Chakraborty, Chinmay and Gupta, Bharat and Ghosh, Soumya K and Das, Dev K and Chakraborty, Chandan},
  journal={Journal of medical systems},
  volume={40},
  pages={1--12},
  year={2016},
  publisher={Springer}
}

@article{li2022wound,
  title={Wound tissue segmentation by computerised image analysis of clinical pressure injury photographs: A pilot study},
  author={Li, Dan and Mathews, Carol and Zamarripa, Cecilia and Zhang, Fei and Xiao, Qian},
  journal={Journal of Wound Care},
  volume={31},
  number={8},
  pages={710--719},
  year={2022},
  publisher={MA Healthcare London}
}

@article{marijanovic2020systematic,
  title={A systematic overview of recent methods for non-contact chronic wound analysis},
  author={Marijanovi{\'c}, Domagoj and Filko, Damir},
  journal={Applied Sciences},
  volume={10},
  number={21},
  pages={7613},
  year={2020},
  publisher={MDPI}
}

@article{reifs2023clinical,
  title={Clinical validation of computer vision and artificial intelligence algorithms for wound measurement and tissue classification in wound care},
  author={Reifs, David and Casanova-Lozano, Lorena and Reig-Bola{\~n}o, Ramon and Grau-Carrion, Sergi},
  journal={Informatics in Medicine Unlocked},
  volume={37},
  pages={101185},
  year={2023},
  publisher={Elsevier}
}

@article{veredas2009binary,
  title={Binary tissue classification on wound images with neural networks and {Bayesian} classifiers},
  author={Veredas, Francisco and Mesa, H{\'e}ctor and Morente, Laura},
  journal={IEEE Transactions on Medical Imaging},
  volume={29},
  number={2},
  pages={410--427},
  year={2009},
  publisher={IEEE}
}

