@article{mairghani2017prevalence,
  title={The prevalence and incidence of diabetic foot ulcers among five countries in the Arab world: a systematic review},
  author={Mairghani, M and Elmusharaf, K and Patton, D and Burns, J and Eltahir, O and Jassim, G and Moore, Z},
  journal={Journal of wound care},
  volume={26},
  number={Sup9},
  pages={S27--S34},
  year={2017},
  publisher={MA Healthcare London}
}
@article{alzahrani2015incidence,
  title={Incidence of diabetic foot disorders in patients with diabetes in Jeddah, Saudi Arabia},
  author={Alzahrani, Hasan A and Wang, Dong and Alzahrani, Almad H and Hu, Frank B},
  journal={International Journal of Diabetes in Developing Countries},
  volume={35},
  pages={115--122},
  year={2015},
  publisher={Springer}
}
@article{al2018diabetic,
  title={Diabetic foot disease research in gulf cooperation council countries: a bibliometric analysis},
  author={Al-Busaidi, Ibrahim S and Abdulhadi, Nadia N and Coppell, Kirsten J},
  journal={Sultan Qaboos University Medical Journal},
  volume={18},
  number={3},
  pages={e338},
  year={2018},
  publisher={Sultan Qaboos University}
}
@article{armstrong2017diabetic,
  title={Diabetic foot ulcers and their recurrence},
  author={Armstrong, David G and Boulton, Andrew JM and Bus, Sicco A},
  journal={New England Journal of Medicine},
  volume={376},
  number={24},
  pages={2367--2375},
  year={2017},
  publisher={Mass Medical Soc}
}
@article{mcdermott2023etiology,
  title={Etiology, epidemiology, and disparities in the burden of diabetic foot ulcers},
  author={McDermott, Katherine and Fang, Michael and Boulton, Andrew JM and Selvin, Elizabeth and Hicks, Caitlin W},
  journal={Diabetes Care},
  volume={46},
  number={1},
  pages={209--221},
  year={2023},
  publisher={Am Diabetes Assoc}
}
@article{almottowa2022rates,
  title={Rates of Amputations Among Diabetics in Saudi Arabia},
  author={Almottowa, Hisham and Aldurayhim, Abbas and Alsaeri, Amer and Mnayan, Marooh and Alghamdi, Faisal and Alghamdi, Theyab and Althagafi, Ohud and Alfaqih, Omar and Al Sannaa, Majid and Hassan, Maram},
  journal={Journal of Healthcare Sciences},
  volume={2},
  number={04},
  pages={52--57},
  year={2022}
}
@article{al2020factors,
  title={Factors associated with health-related quality of life in patients with diabetic foot ulcer: a cross-sectional study from Saudi Arabia},
  author={Al Ayed, Mousab and Ababneh, Mutasem and Robert, Asirvatham Alwin and Al Misfer, Nasser and Cruz, Maria and Austria, Hesiel C and Al Dawish, Mohamed},
  journal={Cureus},
  volume={12},
  number={6},
  year={2020},
  publisher={Cureus Inc.}
}
@article{robert2020worrying,
  title={The worrying trend of diabetes mellitus in Saudi Arabia: an urgent call to action},
  author={Robert, Asirvatham A and Al Dawish, Mohamed A},
  journal={Current diabetes reviews},
  volume={16},
  number={3},
  pages={204--210},
  year={2020},
  publisher={Bentham Science Publishers}
}
@article{abdulaziz2016diabetes,
  title={Diabetes mellitus in Saudi Arabia: a review of the recent literature},
  author={Abdulaziz Al Dawish, Mohamed and Alwin Robert, Asirvatham and Braham, Rim and Abdallah Al Hayek, Ayman and Al Saeed, Abdulghani and Ahmed Ahmed, Rania and Sulaiman Al Sabaan, Fahad},
  journal={Current diabetes reviews},
  volume={12},
  number={4},
  pages={359--368},
  year={2016},
  publisher={Bentham Science Publishers}
}
@article{kairys2023towards,
  title={Towards home-based diabetic foot ulcer monitoring: a systematic review},
  author={Kairys, Arturas and Pauliukiene, Renata and Raudonis, Vidas and Ceponis, Jonas},
  journal={Sensors},
  volume={23},
  number={7},
  pages={3618},
  year={2023},
  publisher={MDPI}
}
@article{pappachan2022role,
  title={The role of artificial intelligence technology in the care of diabetic foot ulcers: the past, the present, and the future},
  author={Pappachan, Joseph M and Cassidy, Bill and Fernandez, Cornelius James and Chandrabalan, Vishnu and Yap, Moi Hoon},
  journal={World Journal of Diabetes},
  volume={13},
  number={12},
  pages={1131},
  year={2022},
  publisher={Baishideng Publishing Group Inc}
}
@article{chemello2022artificial,
  title={Artificial intelligence methodologies applied to technologies for screening, diagnosis and care of the diabetic foot: A narrative review},
  author={Chemello, Gaetano and Salvatori, Benedetta and Morettini, Micaela and Tura, Andrea},
  journal={Biosensors},
  volume={12},
  number={11},
  pages={985},
  year={2022},
  publisher={Multidisciplinary Digital Publishing Institute}
}
@article{kaselimi2022review,
  title={A review of non-invasive sensors and artificial intelligence models for diabetic foot monitoring},
  author={Kaselimi, Maria and Protopapadakis, Eftychios and Doulamis, Anastasios and Doulamis, Nikolaos},
  journal={Frontiers in Physiology},
  volume={13},
  pages={924546},
  year={2022},
  publisher={Frontiers Media SA}
}
@article{yap2021development,
  title={Development of diabetic foot ulcer datasets: an overview},
  author={Yap, Moi Hoon and Kendrick, Connah and Reeves, Neil D and Goyal, Manu and Pappachan, Joseph M and Cassidy, Bill},
  journal={Diabetic Foot Ulcers Grand Challenge},
  pages={1--18},
  year={2021},
  publisher={Springer}
}
@article{zhang2022comprehensive,
  title={A comprehensive review of methods based on deep learning for diabetes-related foot ulcers},
  author={Zhang, Jianglin and Qiu, Yue and Peng, Li and Zhou, Qiuhong and Wang, Zheng and Qi, Min},
  journal={Frontiers in Endocrinology},
  volume={13},
  pages={945020},
  year={2022},
  publisher={Frontiers Media SA}
}
@article{rippon2024artificial,
  title={Artificial intelligence in wound care: diagnosis, assessment and treatment of hard-to-heal wounds: a narrative review},
  author={Rippon, Mark G and Fleming, Leigh and Chen, Tianhua and Rogers, Alan A and Ousey, Karen},
  journal={Journal of wound care},
  volume={33},
  number={4},
  pages={229--242},
  year={2024},
  publisher={MA Healthcare London}
}
@article{thotad2023diabetic,
  title={Diabetic foot ulcer detection using deep learning approaches},
  author={Thotad, Puneeth N and Bharamagoudar, Geeta R and Anami, Basavaraj S},
  journal={Sensors International},
  volume={4},
  pages={100210},
  year={2023},
  publisher={Elsevier}
}
@article{al2022diabetic,
  title={Diabetic foot ulcer classification using mapped binary patterns and convolutional neural networks},
  author={Al-Garaawi, Nora and Ebsim, Raja and Alharan, Abbas FH and Yap, Moi Hoon},
  journal={Computers in biology and medicine},
  volume={140},
  pages={105055},
  year={2022},
  publisher={Elsevier}
}
@article{sarmun2024diabetic,
  title={Diabetic Foot Ulcer Detection: Combining Deep Learning Models for Improved Localization},
  author={Sarmun, Rusab and Chowdhury, Muhammad EH and Murugappan, M and Aqel, Ahmed and Ezzuddin, Maymouna and Rahman, Syed Mahfuzur and Khandakar, Amith and Akter, Sanzida and Alfkey, Rashad and Hasan, Anwarul},
  journal={Cognitive Computation},
  volume={16},
  number={3},
  pages={1413--1431},
  year={2024},
  publisher={Springer}
}
//sdfsfsd

@article{wang2024wound,
  title={Wound management materials and technologies from bench to bedside and beyond},
  author={Wang, Canran and Shirzaei Sani, Ehsan and Shih, Chia-Ding and Lim, Chwee Teck and Wang, Joseph and Armstrong, David G and Gao, Wei},
  journal={Nature Reviews Materials},
  pages={1--17},
  year={2024},
  publisher={Nature Publishing Group UK London}
}
@article{zhang2022survey,
  title={A survey of wound image analysis using deep learning: Classification, detection, and segmentation},
  author={Zhang, Ruyi and Tian, Dingcheng and Xu, Dechao and Qian, Wei and Yao, Yudong},
  journal={IEEE Access},
  volume={10},
  pages={79502--79515},
  year={2022},
  publisher={IEEE}
}
@article{MARTIN2024,
title = {Future Direction of Wound Care},
journal = {Nursing Clinics of North America},
year = {2024},
doi = {10.1016/j.cnur.2024.07.011},
author = {Sanaz Martin}
}

@article{RAJATHI2024105855,
title = {{DUTC Net: A novel deep ulcer tissue classification network with stage prediction and treatment plan recommendation}},
journal = {Biomedical Signal Processing and Control},
volume = {90},
pages = {105855},
year = {2024},
issn = {1746-8094},
doi = {10.1016/j.bspc.2023.105855},
author = {V. Rajathi and A. Chinnasamy and P. Selvakumari},
keywords = {Varicose Ulcer Segmentation, Ulcer tissue map, DUTC Net, Tissue type identification, Stage classification},
}

@article{godavarty2023diabetic,
  title={Diabetic Foot Ulcer Imaging: An Overview and Future Directions},
  author={Godavarty, Anuradha and Leiva, Kevin and Amadi, Noble and Klonoff, David C and Armstrong, David G},
  journal={Journal of Diabetes Science and Technology},
  volume={17},
  number={6},
  pages={1662--1675},
  year={2023},
  publisher={SAGE Publications Sage CA: Los Angeles, CA}
}

@article{anisuzzaman2022image,
  title={Image-based artificial intelligence in wound assessment: a systematic review},
  author={Anisuzzaman, DM and Wang, Chuanbo and Rostami, Behrouz and Gopalakrishnan, Sandeep and Niezgoda, Jeffrey and Yu, Zeyun},
  journal={Advances in Wound Care},
  volume={11},
  number={12},
  pages={687--709},
  year={2022},
  publisher={Mary Ann Liebert, Inc., publishers 140 Huguenot Street, 3rd Floor New~â€¦}
}

@article{ohura2019convolutional,
  title={Convolutional neural networks for wound detection: the role of artificial intelligence in wound care},
  author={Ohura, Norihiko and Mitsuno, Ryota and Sakisaka, Masanobu and Terabe, Yuta and Morishige, Yuki and Uchiyama, Atsushi and Okoshi, Takumi and Shinji, Iizaka and Takushima, Akihiko},
  journal={Journal of wound care},
  volume={28},
  number={Sup10},
  pages={S13--S24},
  year={2019},
  publisher={MA Healthcare London}
}
@article{tulloch2020machine,
  title={Machine learning in the prevention, diagnosis and management of diabetic foot ulcers: A systematic review},
  author={Tulloch, Jack and Zamani, Reza and Akrami, Mohammad},
  journal={IEEE Access},
  volume={8},
  pages={198977--199000},
  year={2020},
  publisher={IEEE}
}
@article{das2023diabetic,
  title={Diabetic foot ulcer identification: a review},
  author={Das, Sujit Kumar and Roy, Pinki and Singh, Prabhishek and Diwakar, Manoj and Singh, Vijendra and Maurya, Ankur and Kumar, Sandeep and Kadry, Seifedine and Kim, Jungeun},
  journal={Diagnostics},
  volume={13},
  number={12},
  pages={1998},
  year={2023},
  publisher={MDPI}
}

@article{hernandez2022performance,
  title={Performance evaluation of deep learning models for image classification over small datasets: Diabetic foot case study},
  author={Hernandez-Guedes, Abian and Santana-Perez, Idafen and Arteaga-Marrero, Natalia and Fabelo, Himar and Callico, Gustavo M and Ruiz-Alzola, Juan},
  journal={IEEE Access},
  volume={10},
  pages={124373--124386},
  year={2022},
  publisher={IEEE}
}
@article{ZAHIA2020101742,
title = {Pressure injury image analysis with machine learning techniques: A systematic review on previous and possible future methods},
journal = {Artificial Intelligence in Medicine},
volume = {102},
pages = {101742},
year = {2020},
issn = {0933-3657},
doi = {10.1016/j.artmed.2019.101742},
author = {Sofia Zahia and Maria BegoÃ±a {Garcia Zapirain} and Xavier Sevillano and Alejandro GonzÃ¡lez and Paul J. Kim and Adel Elmaghraby}
}
@article{jamanetworkopen2021,
    author = {Howell, Raelina S. and Liu, Helen H. and Khan, Aziz A. and Woods, Jon S. and Lin, Lawrence J. and Saxena, Mayur and Saxena, Harshit and Castellano, Michael and Petrone, Patrizio and Slone, Eric and Chiu, Ernest S. and Gillette, Brian M. and Gorenstein, Scott A.},
    title = "{Development of a Method for Clinical Evaluation of Artificial Intelligenceâ€“Based Digital Wound Assessment Tools}",
    journal = {JAMA Network Open},
    volume = {4},
    number = {5},
    pages = {e217234-e217234},
    year = {2021},
    month = {05},
    doi = {10.1001/jamanetworkopen.2021.7234}
}

@article{marijanovic2020systematic,
  title={A systematic overview of recent methods for non-contact chronic wound analysis},
  author={Marijanovi{\'c}, Domagoj and Filko, Damir},
  journal={Applied Sciences},
  volume={10},
  number={21},
  pages={7613},
  year={2020},
  publisher={MDPI}
}
@article{anbarasioverview,
  title={An overview of current developments and methods for identifying diabetic foot ulcers: A survey},
  author={Anbarasi, L Jani and Jawahar, Malathy and Jayakumari, R Beulah and Narendra, Modigari and Ravi, Vinayakumar and Neeraja, R},
  journal={Wiley Interdisciplinary Reviews: Data Mining and Knowledge Discovery},
  pages={e1562},
  year={2024},
  publisher={Wiley Online Library}
}

@article{toffaha2023leveraging,
  title={Leveraging artificial intelligence and decision support systems in hospital-acquired pressure injuries prediction: A comprehensive review},
  author={Toffaha, Khaled M and Simsekler, Mecit Can Emre and Omar, Mohammed Atif},
  journal={Artificial Intelligence in Medicine},
  volume={141},
  pages={102560},
  year={2023},
  publisher={Elsevier}
}
@inproceedings{ribeiro2021literature,
  title={Literature review of machine-learning algorithms for pressure ulcer prevention: Challenges and opportunities},
  author={Ribeiro, Fernando and Fidalgo, Filipe and Silva, Arlindo and Metr{\^o}lho, Jos{\'e} and Santos, Osvaldo and Dionisio, Rog{\'e}rio},
  booktitle={Informatics},
  volume={8},
  number={4},
  pages={76},
  year={2021},
  organization={MDPI}
}
@article{YAP2024103153,
title = {Diabetic foot ulcers segmentation challenge report: Benchmark and analysis},
journal = {Medical Image Analysis},
volume = {94},
pages = {103153},
year = {2024},
issn = {1361-8415},
doi = {10.1016/j.media.2024.103153},
author = {Moi Hoon Yap and Bill Cassidy and Michal Byra and Ting-yu Liao and Huahui Yi and Adrian Galdran and Yung-Han Chen and Raphael BrÃ¼ngel and Sven Koitka and Christoph M. Friedrich and Yu-wen Lo and Ching-hui Yang and Kang Li and Qicheng Lao and Miguel A. GonzÃ¡lez Ballester and Gustavo Carneiro and Yi-Jen Ju and Juinn-Dar Huang and Joseph M. Pappachan and Neil D. Reeves and Vishnu Chandrabalan and Darren Dancey and Connah Kendrick}
}
@article{yap2021deep,
  title={Deep learning in diabetic foot ulcers detection: A comprehensive evaluation},
  author={Yap, Moi Hoon and Hachiuma, Ryo and Alavi, Azadeh and Br{\"u}ngel, Raphael and Cassidy, Bill and Goyal, Manu and Zhu, Hongtao and R{\"u}ckert, Johannes and Olshansky, Moshe and Huang, Xiao and others},
  journal={Computers in biology and medicine},
  volume={135},
  pages={104596},
  year={2021},
  publisher={Elsevier}
}

@article{kendrick2022translating,
  title={Translating clinical delineation of diabetic foot ulcers into machine interpretable segmentation},
  author={Kendrick, Connah and Cassidy, Bill and Pappachan, Joseph M and O'Shea, Claire and Fernandez, Cornelious J and Chacko, Elias and Jacob, Koshy and Reeves, Neil D and Yap, Moi Hoon},
  journal={arXiv preprint arXiv:2204.11618},
  year={2022}
}
@article{wang2024fuseg,
  title={FUSeg: The foot ulcer segmentation challenge},
  author={Wang, Chuanbo and Mahbod, Amirreza and Ellinger, Isabella and Galdran, Adrian and Gopalakrishnan, Sandeep and Niezgoda, Jeffrey and Yu, Zeyun},
  journal={Information},
  volume={15},
  number={3},
  pages={140},
  year={2024},
  publisher={MDPI}
}

@article{zimmermann2024automated,
  title={Automated wound segmentation and classification of seven common injuries in forensic medicine},
  author={Zimmermann, Norio and Sieberth, Till and Dobay, Akos},
  journal={Forensic Science, Medicine and Pathology},
  volume={20},
  number={2},
  pages={443--451},
  year={2024},
  publisher={Springer}
}
@article{privalov2021software,
  title={Software-based method for automated segmentation and measurement of wounds on photographs using mask R-CNN: A validation study},
  author={Privalov, Maxim and Beisemann, Nils and Barbari, Jan El and Mandelka, Eric and M{\"u}ller, Michael and Syrek, Hannah and Gr{\"u}tzner, Paul Alfred and Vetter, Sven Yves},
  journal={Journal of Digital Imaging},
  volume={34},
  pages={788--797},
  year={2021},
  publisher={Springer}
}
@article{curti2022effectiveness,
  title={Effectiveness of semi-supervised active learning in automated wound image segmentation},
  author={Curti, Nico and Merli, Yuri and Zengarini, Corrado and Giampieri, Enrico and Merlotti, Alessandra and Dallâ€™Olio, Daniele and Marcelli, Emanuela and Bianchi, Tommaso and Castellani, Gastone},
  journal={International Journal of Molecular Sciences},
  volume={24},
  number={1},
  pages={706},
  year={2022},
  publisher={MDPI}
}

@article{annurev-bioeng-071516-044442,
   author = {Shen, Dinggang and Wu, Guorong and Suk, Heung-Il},
   title = {Deep Learning in Medical Image Analysis}, 
   journal= {Annual Review of Biomedical Engineering},
   year = {2017},
   volume = {19},
   pages = {221-248},
   doi = {10.1146/annurev-bioeng-071516-044442},
   publisher = {Annual Reviews}
  }
@article{suzuki2017overview,
  title={Overview of deep learning in medical imaging},
  author={Suzuki, Kenji},
  journal={Radiological physics and technology},
  volume={10},
  number={3},
  pages={257--273},
  year={2017},
  publisher={Springer}
}

@article{ramachandram2022fully,
  title={Fully automated wound tissue segmentation using deep learning on mobile devices: Cohort study},
  author={Ramachandram, Dhanesh and Ramirez-GarciaLuna, Jose Luis and Fraser, Robert DJ and Mart{\'\i}nez-Jim{\'e}nez, Mario Aurelio and Arriaga-Caballero, Jesus E and Allport, Justin and others},
  journal={JMIR mHealth and uHealth},
  volume={10},
  number={4},
  pages={e36977},
  year={2022},
  publisher={JMIR Publications Inc., Toronto, Canada}
}

@article{li2022wound,
  title={Wound tissue segmentation by computerised image analysis of clinical pressure injury photographs: A pilot study},
  author={Li, Dan and Mathews, Carol and Zamarripa, Cecilia and Zhang, Fei and Xiao, Qian},
  journal={Journal of Wound Care},
  volume={31},
  number={8},
  pages={710--719},
  year={2022},
  publisher={MA Healthcare London}
}

@article{dhar2024wound,
  title={Wound Tissue Segmentation in Diabetic Foot Ulcer Images Using Deep Learning: A Pilot Study},
  author={Dhar, Mrinal Kanti and Wang, Chuanbo and Patel, Yash and Zhang, Taiyu and Niezgoda, Jeffrey and Gopalakrishnan, Sandeep and Chen, Keke and Yu, Zeyun},
  journal={arXiv preprint arXiv:2406.16012},
  year={2024}
}

@inproceedings{borst2024early,
  title={Early Explorations of Lightweight Models for Wound Segmentation on Mobile Devices},
  author={Borst, Vanessa and Dittus, Timo and M{\"u}ller, Konstantin and Kounev, Samuel},
  booktitle={German Conference on Artificial Intelligence (K{\"u}nstliche Intelligenz)},
  pages={282--291},
  year={2024},
  organization={Springer}
}

@article{reifs2023clinical,
  title={Clinical validation of computer vision and artificial intelligence algorithms for wound measurement and tissue classification in wound care},
  author={Reifs, David and Casanova-Lozano, Lorena and Reig-Bola{\~n}o, Ramon and Grau-Carrion, Sergi},
  journal={Informatics in Medicine Unlocked},
  volume={37},
  pages={101185},
  year={2023},
  publisher={Elsevier}
}

@article{WANG2024197,
title = {A systematic review of artificial neural network techniques for analysis of foot plantar pressure},
journal = {Biocybernetics and Biomedical Engineering},
volume = {44},
number = {1},
pages = {197-208},
year = {2024},
issn = {0208-5216},
doi = {10.1016/j.bbe.2024.01.005},
author = {Chongguang Wang and Kerrie Evans and Dean Hartley and Scott Morrison and Martin Veidt and Gui Wang},
keywords = {Artificial neural networks, Feature extraction, Gait analysis, Machine learning, Plantar pressure, Wearable sensors},
}

@article{chakraborty2016telemedicine,
  title={Telemedicine supported chronic wound tissue prediction using classification approaches},
  author={Chakraborty, Chinmay and Gupta, Bharat and Ghosh, Soumya K and Das, Dev K and Chakraborty, Chandan},
  journal={Journal of medical systems},
  volume={40},
  pages={1--12},
  year={2016},
  publisher={Springer}
}

@article{veredas2009binary,
  title={Binary tissue classification on wound images with neural networks and {Bayesian} classifiers},
  author={Veredas, Francisco and Mesa, H{\'e}ctor and Morente, Laura},
  journal={IEEE Transactions on Medical Imaging},
  volume={29},
  number={2},
  pages={410--427},
  year={2009},
  publisher={IEEE}
}

@inproceedings{RW1biswas2018superpixel,
  title={Superpixel classification with color and texture features for automated wound area segmentation},
  author={Biswas, Topu and Fauzi, Mohammad Faizal Ahmad and Abas, Fazly Salleh and Nair, Harikrishna KR},
  booktitle={2018 IEEE Student Conference on Research and Development (SCOReD)},
  pages={1--6},
  year={2018},
  organization={IEEE}
}

@inproceedings{RW2song2012automated,
  title={Automated wound identification system based on image segmentation and artificial neural networks},
  author={Song, Bo and Sacan, Ahmet},
  booktitle={2012 IEEE International Conference on bioinformatics and biomedicine},
  pages={1--4},
  year={2012},
  organization={IEEE}
}

@inproceedings{RW3wantanajittikul2012automatic,
  title={Automatic segmentation and degree identification in burn color images},
  author={Wantanajittikul, Kittichai and Auephanwiriyakul, Sansanee and Theera-Umpon, Nipon and Koanantakool, Taweethong},
  booktitle={The 4th 2011 Biomedical Engineering International Conference},
  pages={169--173},
  year={2012},
  organization={IEEE}
}

@inproceedings{RW4kolesnik2004segmentation,
  title={Segmentation of wounds in the combined color-texture feature space},
  author={Kolesnik, Marina and Fexa, Alex},
  booktitle={Medical imaging 2004: Image processing},
  volume={5370},
  pages={549--556},
  year={2004},
  organization={International Society for Optics and Photonics}
}

@inproceedings{RW5kolesnik2005multi,
  title={Multi-dimensional color histograms for segmentation of wounds in images},
  author={Kolesnik, Marina and Fexa, Ales},
  booktitle={International Conference Image Analysis and Recognition},
  pages={1014--1022},
  year={2005},
  organization={Springer}
}

@inproceedings{RW6kolesnik2006robust,
  title={How robust is the SVM wound segmentation?},
  author={Kolesnik, Marina and Fexa, Ales},
  booktitle={Proceedings of the 7th Nordic Signal Processing Symposium-NORSIG 2006},
  pages={50--53},
  year={2006},
  organization={IEEE}
}

@inproceedings{RW7wang2015unified,
  title={A unified framework for automatic wound segmentation and analysis with deep convolutional neural networks},
  author={Wang, Changhan and Yan, Xinchen and Smith, Max and Kochhar, Kanika and Rubin, Marcie and Warren, Stephen M and Wrobel, James and Lee, Honglak},
  booktitle={2015 37th annual international conference of the ieee engineering in medicine and biology society (EMBC)},
  pages={2415--2418},
  year={2015},
  organization={IEEE}
}

@inproceedings{RW8goyal2017fully,
  title={Fully convolutional networks for diabetic foot ulcer segmentation},
  author={Goyal, Manu and Yap, Moi Hoon and Reeves, Neil D and Rajbhandari, Satyan and Spragg, Jennifer},
  booktitle={2017 IEEE international conference on systems, man, and cybernetics (SMC)},
  pages={618--623},
  year={2017},
  organization={IEEE}
}

@inproceedings{RW9long2015fully,
  title={Fully convolutional networks for semantic segmentation},
  author={Long, Jonathan and Shelhamer, Evan and Darrell, Trevor},
  booktitle={Proceedings of the IEEE conference on computer vision and pattern recognition},
  pages={3431--3440},
  year={2015}
}

@inproceedings{RW10liu2017framework,
  title={A framework of wound segmentation based on deep convolutional networks},
  author={Liu, Xiaohui and Wang, Changjian and Li, Fangzhao and Zhao, Xiang and Zhu, En and Peng, Yuxing},
  booktitle={2017 10th international congress on image and signal processing, biomedical engineering and informatics (CISP-BMEI)},
  pages={1--7},
  year={2017},
  organization={IEEE}
}

@article{RW11howard2017mobilenets,
  title={Mobilenets: Efficient convolutional neural networks for mobile vision applications},
  author={Howard, Andrew G and Zhu, Menglong and Chen, Bo and Kalenichenko, Dmitry and Wang, Weijun and Weyand, Tobias and Andreetto, Marco and Adam, Hartwig},
  journal={arXiv preprint arXiv:1704.04861},
  year={2017}
}

@article{RW12simonyan2014very,
  title={Very deep convolutional networks for large-scale image recognition},
  author={Simonyan, Karen and Zisserman, Andrew},
  journal={arXiv preprint arXiv:1409.1556},
  year={2014}
}

@article{RW13wang2020fully,
  title={Fully automatic wound segmentation with deep convolutional neural networks},
  author={Wang, Chuanbo and Anisuzzaman, DM and Williamson, Victor and Dhar, Mrinal Kanti and Rostami, Behrouz and Niezgoda, Jeffrey and Gopalakrishnan, Sandeep and Yu, Zeyun},
  journal={Scientific reports},
  volume={10},
  number={1},
  pages={1--9},
  year={2020},
  publisher={Nature Publishing Group}
}

@inproceedings{RW14sandler2018mobilenetv2,
  title={Mobilenetv2: Inverted residuals and linear bottlenecks},
  author={Sandler, Mark and Howard, Andrew and Zhu, Menglong and Zhmoginov, Andrey and Chen, Liang-Chieh},
  booktitle={Proceedings of the IEEE conference on computer vision and pattern recognition},
  pages={4510--4520},
  year={2018}
}

@article{RW15li2018composite,
  title={A composite model of wound segmentation based on traditional methods and deep neural networks},
  author={Li, Fangzhao and Wang, Changjian and Liu, Xiaohui and Peng, Yuxing and Jin, Shiyao},
  journal={Computational intelligence and neuroscience},
  volume={2018},
  year={2018},
  publisher={Hindawi}
}

@article{RW16mahbod2021automatic,
  title={Automatic Foot Ulcer segmentation Using an Ensemble of Convolutional Neural Networks},
  author={Mahbod, Amirreza and Ecker, Rupert and Ellinger, Isabella},
  journal={arXiv preprint arXiv:2109.01408},
  year={2021}
}

@inproceedings{RW17ronneberger2015u,
  title={U-net: Convolutional networks for biomedical image segmentation},
  author={Ronneberger, Olaf and Fischer, Philipp and Brox, Thomas},
  booktitle={International Conference on Medical image computing and computer-assisted intervention},
  pages={234--241},
  year={2015},
  organization={Springer}
}

@inproceedings{RW18chaurasia2017linknet,
  title={Linknet: Exploiting encoder representations for efficient semantic segmentation},
  author={Chaurasia, Abhishek and Culurciello, Eugenio},
  booktitle={2017 IEEE Visual Communications and Image Processing (VCIP)},
  pages={1--4},
  year={2017},
  organization={IEEE}
}

@article{RW19mukherjee2014automated,
  title={Automated tissue classification framework for reproducible chronic wound assessment},
  author={Mukherjee, Rashmi and Manohar, Dhiraj Dhane and Das, Dev Kumar and Achar, Arun and Mitra, Analava and Chakraborty, Chandan},
  journal={BioMed research international},
  volume={2014},
  year={2014},
  publisher={Hindawi}
}

@article{RW20veredas2015wound,
  title={Wound image evaluation with machine learning},
  author={Veredas, Francisco J and Luque-Baena, Rafael M and Mart{\'\i}n-Santos, Francisco J and Morilla-Herrera, Juan C and Morente, Laura},
  journal={Neurocomputing},
  volume={164},
  pages={112--122},
  year={2015},
  publisher={Elsevier}
}

@article{RW21wannous2010enhanced,
  title={Enhanced assessment of the wound-healing process by accurate multiview tissue classification},
  author={Wannous, Hazem and Lucas, Yves and Treuillet, Sylvie},
  journal={IEEE transactions on Medical Imaging},
  volume={30},
  number={2},
  pages={315--326},
  year={2010},
  publisher={IEEE}
}

@inproceedings{RW22wannous2007supervised,
  title={Supervised tissue classification from color images for a complete wound assessment tool},
  author={Wannous, Hazem and Treuillet, Sylvie and Lucas, Yves},
  booktitle={2007 29th Annual International Conference of the IEEE Engineering in Medicine and Biology Society},
  pages={6031--6034},
  year={2007},
  organization={IEEE}
}

@article{RW23wannous2010robust,
  title={Robust tissue classification for reproducible wound assessment in telemedicine environments},
  author={Wannous, Hazem and Treuillet, Sylvie and Lucas, Yves},
  journal={Journal of Electronic Imaging},
  volume={19},
  number={2},
  pages={023002},
  year={2010},
  publisher={SPIE}
}

@inproceedings{RW24niri2021superpixel,
  title={A superpixel-wise fully convolutional neural network approach for diabetic foot ulcer tissue classification},
  author={Niri, Rania and Douzi, Hassan and Lucas, Yves and Treuillet, Sylvie},
  booktitle={International Conference on Pattern Recognition},
  pages={308--320},
  year={2021},
  organization={Springer}
}

@article{RW25zahia2018tissue,
  title={Tissue classification and segmentation of pressure injuries using convolutional neural networks},
  author={Zahia, Sofia and Sierra-Sosa, Daniel and Garcia-Zapirain, Begonya and Elmaghraby, Adel},
  journal={Computer methods and programs in biomedicine},
  volume={159},
  pages={51--58},
  year={2018},
  publisher={Elsevier}
}

@inproceedings{RW26nejati2018fine,
  title={Fine-grained wound tissue analysis using deep neural network},
  author={Nejati, Hossein and Ghazijahani, Hamed Alizadeh and Abdollahzadeh, Milad and Malekzadeh, Touba and Cheung, N-M and Lee, K-H and Low, L-L},
  booktitle={2018 IEEE International Conference on Acoustics, Speech and Signal Processing (ICASSP)},
  pages={1010--1014},
  year={2018},
  organization={IEEE}
}

@article{RW27russakovsky2015imagenet,
  title={Imagenet large scale visual recognition challenge},
  author={Russakovsky, Olga and Deng, Jia and Su, Hao and Krause, Jonathan and Satheesh, Sanjeev and Ma, Sean and Huang, Zhiheng and Karpathy, Andrej and Khosla, Aditya and Bernstein, Michael and others},
  journal={International Journal of Computer Vision},
  volume={115},
  number={3},
  pages={211--252},
  year={2015},
  publisher={Springer}
}

@article{RW28rajathi2019varicose,
  title={Varicose ulcer (C6) wound image tissue classification using multidimensional convolutional neural networks},
  author={Rajathi, V and Bhavani, RR and Wiselin Jiji, G},
  journal={The Imaging Science Journal},
  volume={67},
  number={7},
  pages={374--384},
  year={2019},
  publisher={Taylor \& Francis}
}

@article{RW29blanco2020superpixel,
  title={A superpixel-driven deep learning approach for the analysis of dermatological wounds},
  author={Blanco, Gustavo and Traina, Agma JM and Traina Jr, Caetano and Azevedo-Marques, Paulo M and Jorge, Ana ES and de Oliveira, Daniel and Bedo, Marcos VN},
  journal={Computer methods and programs in biomedicine},
  volume={183},
  pages={105079},
  year={2020},
  publisher={Elsevier}
}

@inproceedings{RW30hettiarachchi2013mobile,
  title={Mobile based wound measurement},
  author={Hettiarachchi, NDJ and Mahindaratne, RBH and Mendis, GDC and Nanayakkara, HT and Nanayakkara, Nuwan D},
  booktitle={2013 IEEE Point-of-Care Healthcare Technologies (PHT)},
  pages={298--301},
  year={2013},
  organization={IEEE}
}

@article{RW31fraiwan2018mobile,
  title={Mobile application for ulcer detection},
  author={Fraiwan, Luay and Ninan, Jolu and Al-Khodari, Mohanad},
  journal={The open biomedical engineering journal},
  volume={12},
  pages={16},
  year={2018},
  publisher={Bentham Science Publishers}
}

@article{RW32goyal2018robust,
  title={Robust methods for real-time diabetic foot ulcer detection and localization on mobile devices},
  author={Goyal, Manu and Reeves, Neil D and Rajbhandari, Satyan and Yap, Moi Hoon},
  journal={IEEE journal of biomedical and health informatics},
  volume={23},
  number={4},
  pages={1730--1741},
  year={2018},
  publisher={IEEE}
}

@article{RW33cazzolato2021utrack,
  title={The UTrack framework for segmenting and measuring dermatological ulcers through telemedicine},
  author={Cazzolato, Mirela T and Ramos, Jonathan S and Rodrigues, Lucas S and Scabora, Lucas C and Chino, Daniel YT and Jorge, Ana ES and de Azevedo-Marques, Paulo Mazzoncini and Traina Jr, Caetano and Traina, Agma JM},
  journal={Computers in Biology and Medicine},
  volume={134},
  pages={104489},
  year={2021},
  publisher={Elsevier}
}

@article{RW34anisuzzaman2020mobile,
  title={A Mobile App for Wound Localization using Deep Learning},
  author={Anisuzzaman, DM and Patel, Yash and Niezgoda, Jeffrey and Gopalakrishnan, Sandeep and Yu, Zeyun},
  journal={arXiv preprint arXiv:2009.07133},
  year={2020}
}


@article{RW35garcia2018classification,
  title={Classification of pressure ulcer tissues with 3D convolutional neural network},
  author={Garc{\'\i}a-Zapirain, Bego{\~n}a and Elmogy, Mohammed and El-Baz, Ayman and Elmaghraby, Adel S},
  journal={Medical \& biological engineering \& computing},
  volume={56},
  number={12},
  pages={2245--2258},
  year={2018},
  publisher={Springer}
}

@inproceedings{RW36elmogy2018tissues,
  title={Tissues classification for pressure ulcer images based on 3D convolutional neural network},
  author={Elmogy, Mohammed and Garc{\'\i}a-Zapirain, Bego{\~n}a and Burns, Connor and Elmaghraby, Adel and Ei-Baz, Ayman},
  booktitle={2018 25th IEEE International Conference on Image Processing (ICIP)},
  pages={3139--3143},
  year={2018},
  organization={IEEE}
}

@inproceedings{RW37godeiro2018chronic,
  title={Chronic wound tissue classification using convolutional networks and color space reduction},
  author={Godeiro, Vitor and Neto, Jos{\'e} Silva and Carvalho, Bruno and Santana, Bruno and Ferraz, Julianny and Gama, Renata},
  booktitle={IEEE 28th International Workshop on Machine Learning for Signal Processing (MLSP)},
  pages={1--6},
  year={2018},
  organization={IEEE}
}

@article{RW38sarp2021simultaneous,
  title={Simultaneous wound border segmentation and tissue classification using a conditional generative adversarial network},
  author={Sarp, Salih and Kuzlu, Murat and Pipattanasomporn, Manisa and Guler, Ozgur},
  journal={Journal of Engineering},
  volume={2021},
  number={3},
  year={2021}
}

@article{RW39wagh2020semantic,
  title={Semantic segmentation of smartphone wound images: Comparative analysis of AHRF and CNN-based approaches},
  author={Wagh, Ameya and Jain, Shubham and Mukherjee, Apratim and Agu, Emmanuel and Pedersen, Peder C and Strong, Diane and Tulu, Bengisu and Lindsay, Clifford and Liu, Ziyang},
  journal={IEEE Access},
  volume={8},
  pages={181590--181604},
  year={2020},
  publisher={IEEE}
}

@article{RW40chang2017multimodal,
  title={Multimodal sensor system for pressure ulcer wound assessment and care},
  author={Chang, Ming-Ching and Yu, Ting and Luo, Jiajia and Duan, Kun and Tu, Peter and Zhao, Yang and Nagraj, Nandini and Rajiv, Vrinda and Priebe, Michael and Wood, Elena A and others},
  journal={IEEE Transactions on Industrial Informatics},
  volume={14},
  number={3},
  pages={1186--1196},
  year={2017},
  publisher={IEEE}
}


@article{RW42badrinarayanan2017segnet,
  title={Segnet: A deep convolutional encoder-decoder architecture for image segmentation},
  author={Badrinarayanan, Vijay and Kendall, Alex and Cipolla, Roberto},
  journal={IEEE transactions on pattern analysis and machine intelligence},
  volume={39},
  number={12},
  pages={2481--2495},
  year={2017},
  publisher={IEEE}
}

@inproceedings{RW43pholberdee2018study,
  title={Study of Chronic Wound Image Segmentation: Impact of Tissue Type and Color Data Augmentation},
  author={Pholberdee, Nanthipath and Pathompatai, Chanok and Taeprasartsit, Pinyo},
  booktitle={2018 15th International Joint Conference on Computer Science and Software Engineering (JCSSE)},
  pages={1--6},
  year={2018},
  organization={IEEE}
}

@incollection{RW44maity2018pixel,
  title={Pixel-based supervised tissue classification of chronic wound images with deep autoencoder},
  author={Maity, Maitreya and Dhane, Dhiraj and Bar, Chittaranjan and Chakraborty, Chandan and Chatterjee, Jyotirmoy},
  booktitle={Advanced Computational and Communication Paradigms},
  pages={727--735},
  year={2018},
  publisher={Springer}
}



@book{MET1sussman2007wound,
  title={Wound care: a collaborative practice manual},
  author={Sussman, Carrie and Bates-Jensen, Barbara M},
  year={2007},
  publisher={Lippincott Williams \& Wilkins}
}

@article{MET2brietstein2008managing,
  title={Managing wounds with exposed tendon and bone},
  author={Brietstein, Richard J},
  journal={Ostomy Wound Manage},
  volume={54},
  number={4},
  pages={8},
  year={2008}
}

@article{MET3mirza2014conditional,
  title={Conditional generative adversarial nets},
  author={Mirza, Mehdi and Osindero, Simon},
  journal={arXiv preprint arXiv:1411.1784},
  year={2014}
}

@article{MET4chen2017deeplab,
  title={Deeplab: Semantic image segmentation with deep convolutional nets, atrous convolution, and fully connected crfs},
  author={Chen, Liang-Chieh and Papandreou, George and Kokkinos, Iasonas and Murphy, Kevin and Yuille, Alan L},
  journal={IEEE transactions on pattern analysis and machine intelligence},
  volume={40},
  number={4},
  pages={834--848},
  year={2017},
  publisher={IEEE}
}

@inproceedings{MET5he2016deep,
  title={Deep residual learning for image recognition},
  author={He, Kaiming and Zhang, Xiangyu and Ren, Shaoqing and Sun, Jian},
  booktitle={Proceedings of the IEEE conference on computer vision and pattern recognition},
  pages={770--778},
  year={2016}
}

@inproceedings{MET6szegedy2016rethinking,
  title={Rethinking the inception architecture for computer vision},
  author={Szegedy, Christian and Vanhoucke, Vincent and Ioffe, Sergey and Shlens, Jon and Wojna, Zbigniew},
  booktitle={Proceedings of the IEEE conference on computer vision and pattern recognition},
  pages={2818--2826},
  year={2016}
}

@article{MET7alzubaidi2021review,
  title={Review of deep learning: Concepts, CNN architectures, challenges, applications, future directions},
  author={Alzubaidi, Laith and Zhang, Jinglan and Humaidi, Amjad J and Al-Dujaili, Ayad and Duan, Ye and Al-Shamma, Omran and Santamar{\'\i}a, J and Fadhel, Mohammed A and Al-Amidie, Muthana and Farhan, Laith},
  journal={Journal of big Data},
  volume={8},
  number={1},
  pages={1--74},
  year={2021},
  publisher={Springer}
}

@article{MET8krizhevsky2012imagenet,
  title={Imagenet classification with deep convolutional neural networks},
  author={Krizhevsky, Alex and Sutskever, Ilya and Hinton, Geoffrey E},
  journal={Advances in neural information processing systems},
  volume={25},
  year={2012}
}

@online{online1,
    author = {Wu, Weiyuan},
    title = "Patchify",
    url  = "https://pypi.org/project/patchify/",
    addendum = "(Accessed on 24 April 2022)",
    year={2022}
}

@techreport{METachanta2010slic,
  title={Slic superpixels},
  author={Achanta, Radhakrishna and Shaji, Appu and Smith, Kevin and Lucchi, Aurelien and Fua, Pascal and S{\"u}sstrunk, Sabine},
  year={2010}
}


@inproceedings{MET9huang2017densely,
  title={Densely connected convolutional networks},
  author={Huang, Gao and Liu, Zhuang and Van Der Maaten, Laurens and Weinberger, Kilian Q},
  booktitle={Proceedings of the IEEE conference on computer vision and pattern recognition},
  pages={4700--4708},
  year={2017}
}

@inproceedings{MET10chollet2017xception,
  title={Xception: Deep learning with depthwise separable convolutions},
  author={Chollet, Fran{\c{c}}ois},
  booktitle={Proceedings of the IEEE conference on computer vision and pattern recognition},
  pages={1251--1258},
  year={2017}
}

@inproceedings{MET11sandler2018mobilenetv2,
  title={Mobilenetv2: Inverted residuals and linear bottlenecks},
  author={Sandler, Mark and Howard, Andrew and Zhu, Menglong and Zhmoginov, Andrey and Chen, Liang-Chieh},
  booktitle={Proceedings of the IEEE conference on computer vision and pattern recognition},
  pages={4510--4520},
  year={2018}
}

@inproceedings{MET12tan2019efficientnet,
  title={Efficientnet: Rethinking model scaling for convolutional neural networks},
  author={Tan, Mingxing and Le, Quoc},
  booktitle={International conference on machine learning},
  pages={6105--6114},
  year={2019},
  organization={PMLR}
}

@misc{MET13tsang2020review,
  title={Review: Nasnet-neural architecture search network (image classification)},
  author={Tsang, Sik-Ho},
  year={2020},
  publisher={Medium}
}

@inproceedings{MET14chaurasia2017linknet,
  title={Linknet: Exploiting encoder representations for efficient semantic segmentation},
  author={Chaurasia, Abhishek and Culurciello, Eugenio},
  booktitle={2017 IEEE Visual Communications and Image Processing (VCIP)},
  pages={1--4},
  year={2017},
  organization={IEEE}
}

@inproceedings{MET15lin2017feature,
  title={Feature pyramid networks for object detection},
  author={Lin, Tsung-Yi and Doll{\'a}r, Piotr and Girshick, Ross and He, Kaiming and Hariharan, Bharath and Belongie, Serge},
  booktitle={Proceedings of the IEEE conference on computer vision and pattern recognition},
  pages={2117--2125},
  year={2017}
}

@misc{MET16thomas2017medetec,
  title={Medetec wound database},
  author={Thomas, S},
  year={2017}
}

@article{MET17alzubaidi2020dfu_qutnet,
  title={DFU\_QUTNet: diabetic foot ulcer classification using novel deep convolutional neural network},
  author={Alzubaidi, Laith and Fadhel, Mohammed A and Oleiwi, Sameer R and Al-Shamma, Omran and Zhang, Jinglan},
  journal={Multimedia Tools and Applications},
  volume={79},
  number={21},
  pages={15655--15677},
  year={2020},
  publisher={Springer}
}

@article{INTR1nunan2014clinical,
  title={Clinical challenges of chronic wounds: searching for an optimal animal model to recapitulate their complexity},
  author={Nunan, Robert and Harding, Keith G and Martin, Paul},
  journal={Disease models \& mechanisms},
  volume={7},
  number={11},
  pages={1205--1213},
  year={2014},
  publisher={The Company of Biologists Limited}
}

@article{INTR2werdin2009evidence,
  title={Evidence-based management strategies for treatment of chronic wounds},
  author={Werdin, Frank and Tennenhaus, Mayer and Schaller, Hans-Eberhardt and Rennekampff, Hans-Oliver},
  journal={Eplasty},
  volume={9},
  year={2009},
  publisher={HMP Global}
}


@article{INTR3fauzi2015computerized,
  title={Computerized segmentation and measurement of chronic wound images},
  author={Fauzi, Mohammad Faizal Ahmad and Khansa, Ibrahim and Catignani, Karen and Gordillo, Gayle and Sen, Chandan K and Gurcan, Metin N},
  journal={Computers in biology and medicine},
  volume={60},
  pages={74--85},
  year={2015},
  publisher={Elsevier}
}

@article{INTR4mccosker2019chronic,
  title={Chronic wounds in Australia: a systematic review of key epidemiological and clinical parameters},
  author={McCosker, Laura and Tulleners, Ruth and Cheng, Qinglu and Rohmer, Stefan and Pacella, Tamzin and Graves, Nick and Pacella, Rosana},
  journal={International Wound Journal},
  volume={16},
  number={1},
  pages={84--95},
  year={2019},
  publisher={Wiley Online Library}
}


@article{INTR5jones2000active,
  title={An active contour model for measuring the area of leg ulcers},
  author={Jones, Tim D and Plassmann, Peter},
  journal={IEEE Transactions on Medical Imaging},
  volume={19},
  number={12},
  pages={1202--1210},
  year={2000},
  publisher={IEEE}
}

@article{INTR6silveira2009comparison,
  title={Comparison of segmentation methods for melanoma diagnosis in dermoscopy images},
  author={Silveira, Margarida and Nascimento, Jacinto C and Marques, Jorge S and Mar{\c{c}}al, Andr{\'e} RS and Mendon{\c{c}}a, Teresa and Yamauchi, Syogo and Maeda, Junji and Rozeira, Jorge},
  journal={IEEE Journal of Selected Topics in Signal Processing},
  volume={3},
  number={1},
  pages={35--45},
  year={2009},
  publisher={IEEE}
}

@article{INTR7ecun2015deep,
  title={Deep learning},
  author={LeCun, Yann and Bengio, Yoshua and Hinton, Geoffrey},
  journal={nature},
  volume={521},
  number={7553},
  pages={436--444},
  year={2015},
  publisher={Nature Publishing Group}
}

@article{INTR8janiesch2021machine,
  title={Machine learning and deep learning},
  author={Janiesch, Christian and Zschech, Patrick and Heinrich, Kai},
  journal={Electronic Markets},
  pages={1--11},
  year={2021},
  publisher={Springer}
}


@article{INTR9chino2020segmenting,
  title={Segmenting skin ulcers and measuring the wound area using deep convolutional networks},
  author={Chino, Daniel YT and Scabora, Lucas C and Cazzolato, Mirela T and Jorge, Ana ES and Traina-Jr, Caetano and Traina, Agma JM},
  journal={Computer Methods and Programs in Biomedicine},
  volume={191},
  pages={105376},
  year={2020},
  publisher={Elsevier}
}


@online{RT1chollet2015keras,
  title={Keras},
  author={Chollet, Francois and others},
  year={2015},
  publisher={GitHub},
  url={https://github.com/fchollet/keras},
}

@article{RT2abadi2016tensorflow,
  title={Tensorflow: Large-scale machine learning on heterogeneous distributed systems},
  author={Abadi, Mart{\'\i}n and Agarwal, Ashish and Barham, Paul and Brevdo, Eugene and Chen, Zhifeng and Citro, Craig and Corrado, Greg S and Davis, Andy and Dean, Jeffrey and Devin, Matthieu and others},
  journal={arXiv preprint arXiv:1603.04467},
  year={2016}
}

@article{RT3kingma2014adam,
  title={Adam: A method for stochastic optimization},
  author={Kingma, Diederik P and Ba, Jimmy},
  journal={arXiv preprint arXiv:1412.6980},
  year={2014}
}

@article{RT4sammut2010leave,
  title={Leave-one-out cross-validation},
  author={Sammut, Claude and Webb, Geoffrey I},
  journal={Encyclopedia of machine learning},
  pages={600--601},
  year={2010},
  publisher={Springer Boston, MA, USA}
}
@article{cutting2002maceration,
  title={Maceration of the skin and wound bed 1: its nature and causes},
  author={Cutting, Keith F and White, Richard J},
  journal={Journal of wound care},
  volume={11},
  number={7},
  pages={275--278},
  year={2002},
  publisher={MA Healthcare London}
}
@article{clerici2010use,
  title={The use of a dermal substitute to preserve maximal foot length in diabetic foot wounds with tendon and bone exposure following urgent surgical debridement for acute infection},
  author={Clerici, Giacomo and Caminiti, Maurizio and Curci, Vincenzo and Quarantiello, Antonella and Faglia, Ezio},
  journal={International Wound Journal},
  volume={7},
  number={3},
  pages={176--183},
  year={2010},
  publisher={Wiley Online Library}
}
@article{alcantara2023identification,
  title={Identification of types of wound bed tissue as a percentage and total wound area by planimetry in neuropathic and venous ulcers},
  author={Alc{\^a}ntara, Silvia Bottaro Carvalho and de Ara{\'u}jo, Juliano Gon{\c{c}}alves and Santos, Diogo Fernandes and da Silva, Tathiane Ribeiro and Goulart, Isabela Maria Bernardes and da Silva, Andrea Mara Bernardes and Antunes, Douglas Eul{\'a}lio},
  journal={Journal of Vascular Nursing},
  year={2023},
  publisher={Elsevier}
}

@article{haesler2022australian,
  title={Australian Standards for Wound Prevention and Management},
  author={Haesler, E and Carville, K and Geelhoed, G and others},
  journal={Australian Health Research Alliance, Wounds Australia and WA Health Translation Network},
  year={2022}
}
@article{young2015accurate,
  title={Accurate assessment of different wound tissue types},
  author={Young, TRUDIE},
  journal={Wounds Essentials},
  volume={10},
  number={1},
  pages={51--4},
  year={2015}
}
@article{grey2006abc,
  title={ABC of wound healing: venous and arterial leg ulcers},
  author={Grey, Joseph E and Enoch, Stuart and Harding, Keith G},
  journal={BmJ},
  volume={332},
  number={Suppl S4},
  year={2006},
  publisher={British Medical Journal Publishing Group}
}
@article{chen2022australian,
  title={Australian guideline on wound healing interventions to enhance healing of foot ulcers: part of the 2021 {Australian} evidence-based guidelines for diabetes-related foot disease},
  author={Chen, Pamela and Carville, Keryln and Swanson, Terry and Lazzarini, Peter A and Charles, James and Cheney, Jane and Prentice, Jenny and Australian Diabetes-related Foot Disease Guidelines \& Pathways Project Twigg Stephen Lazzarini Peter Raspovic Anita Prentice Jenny Commons Robert Fitridge Robert Charles James Cheney Jane},
  journal={Journal of Foot and Ankle Research},
  volume={15},
  number={1},
  pages={40},
  year={2022},
  publisher={Springer}
}
@article{whitehead2017identifying,
  title={Identifying, managing and preventing skin maceration: a rapid review of the clinical evidence},
  author={Whitehead, F and Giampieri, S and Graham, T and Grocott, P},
  journal={Journal of wound care},
  volume={26},
  number={4},
  pages={159--165},
  year={2017},
  publisher={MA Healthcare London}
}

@article{australia2022pre,
  title={Pre-Budget submission to fight {Australia's} chronic wound epidemic},
  author={Australia, Wounds},
  journal={Wounds Australia},
  year={2022}
}
@article{sen2023human,
  title={Human wound and its burden: updated 2022 compendium of estimates},
  author={Sen, Chandan K},
  journal={Advances in wound care},
  volume={12},
  number={12},
  pages={657--670},
  year={2023},
  publisher={Mary Ann Liebert}
}

@article{olsson2019humanistic,
  title={The humanistic and economic burden of chronic wounds: A systematic review},
  author={Olsson, Maja and J{\"a}rbrink, Krister and Divakar, Ushashree and Bajpai, Ram and Upton, Zee and Schmidtchen, Artur and Car, Josip},
  journal={Wound repair and regeneration},
  volume={27},
  number={1},
  pages={114--125},
  year={2019},
  publisher={Wiley Online Library}
}
@article{powers2016wound,
  title={Wound healing and treating wounds: Chronic wound care and management},
  author={Powers, Jennifer G and Higham, Catherine and Broussard, Karen and Phillips, Tania J},
  journal={Journal of the American Academy of Dermatology},
  volume={74},
  number={4},
  pages={607--625},
  year={2016},
  publisher={Elsevier}
}
@inproceedings{bandyk2018diabetic,
  title={The diabetic foot: Pathophysiology, evaluation, and treatment},
  author={Bandyk, Dennis F},
  booktitle={Seminars in vascular surgery},
  volume={31},
  number={2-4},
  pages={43--48},
  year={2018},
  organization={Elsevier}
}
@article{schaper2024practical,
  title={Practical guidelines on the prevention and management of diabetes-related foot disease (IWGDF 2023 update)},
  author={Schaper, Nicolaas C and van Netten, Jaap J and Apelqvist, Jan and Bus, Sicco A and Fitridge, Robert and Game, Fran and Monteiro-Soares, Matilde and Senneville, Eric and IWGDF Editorial Board},
  journal={Diabetes/Metabolism Research and Reviews},
  volume={40},
  number={3},
  pages={e3657},
  year={2024},
  publisher={Wiley Online Library}
}
@article{falanga2022chronic,
  title={Chronic wounds},
  author={Falanga, Vincent and Isseroff, Roslyn Rivkah and Soulika, Athena M and Romanelli, Marco and Margolis, David and Kapp, Suzanne and Granick, Mark and Harding, Keith},
  journal={Nature Reviews Disease Primers},
  volume={8},
  number={1},
  pages={50},
  year={2022},
  publisher={Nature Publishing Group UK London}
}
@article{armstrong2023diabetic,
  title={Diabetic foot ulcers: a review},
  author={Armstrong, David G and Tan, Tze-Woei and Boulton, Andrew JM and Bus, Sicco A},
  journal={Jama},
  volume={330},
  number={1},
  pages={62--75},
  year={2023},
  publisher={American Medical Association}
}
@article{edmonds2021current,
  title={The current burden of diabetic foot disease},
  author={Edmonds, Michael and Manu, Chris and Vas, Prashanth},
  journal={Journal of clinical orthopaedics and trauma},
  volume={17},
  pages={88--93},
  year={2021},
  publisher={Elsevier}
}
@article{sun2022idf,
  title={IDF Diabetes Atlas: Global, regional and country-level diabetes prevalence estimates for 2021 and projections for 2045},
  author={Sun, Hong and Saeedi, Pouya and Karuranga, Suvi and Pinkepank, Moritz and Ogurtsova, Katherine and Duncan, Bruce B and Stein, Caroline and Basit, Abdul and Chan, Juliana CN and Mbanya, Jean Claude and others},
  journal={Diabetes research and clinical practice},
  volume={183},
  pages={109119},
  year={2022},
  publisher={Elsevier}
}
@article{lazzarini2023global,
  title={Global trends in the incidence of hospital admissions for diabetes-related foot disease and amputations: a review of national rates in the 21st century},
  author={Lazzarini, Peter A and Cramb, Susanna M and Golledge, Jonathan and Morton, Jedidiah I and Magliano, Dianna J and Van Netten, Jaap J},
  journal={Diabetologia},
  volume={66},
  number={2},
  pages={267--287},
  year={2023},
  publisher={Springer}
}
@book{australia2016standards,
  title={Standards for wound prevention and management},
  author={Australia, Wounds},
  year={2016},
  publisher={Cambridge Media}
}
@article{rogers2010digital,
author = {Lee C. Rogers and Nicholas J. Bevilacqua and David G. Armstrong and George Andros},
title ={Digital Planimetry Results in More Accurate Wound Measurements: A Comparison to Standard Ruler Measurements},
journal = {Journal of Diabetes Science and Technology},
volume = {4},
number = {4},
pages = {799-802},
year = {2010},
doi = {10.1177/193229681000400405}
}
@article{vermeulen2007inter,
  title={Inter-and intra-observer (dis) agreement among nurses and doctors to classify colour and exudation of open surgical wounds according to the Red-Yellow-Black scheme},
  author={Vermeulen, Hester and Ubbink, Dirk T and Schreuder, Sanne M and Lubbers, Maarten J},
  journal={Journal of clinical nursing},
  volume={16},
  number={7},
  pages={1270--1277},
  year={2007},
  publisher={Wiley Online Library}
}
@article{queen2023could,
  title={Could wound care benefit from the artificial intelligence storm taking place worldwide},
  author={Queen, Douglas},
  journal={International Wound Journal},
  volume={20},
  number={5},
  pages={1337},
  year={2023},
  publisher={Wiley}
}
@article{queen2019artificial,
  title={Artificial intelligence and machine learning in wound careâ€”The wounded machine!},
  author={Queen, Douglas},
  journal={International wound journal},
  volume={16},
  number={2},
  pages={311},
  year={2019},
  publisher={Wiley}
}
@article{kabir2024mobile,
  title={Mobile apps for wound assessment and monitoring: limitations, advancements and opportunities},
  author={Kabir, Muhammad Ashad and Samad, Sabiha and Ahmed, Fahmida and Naher, Samsun and Featherston, Jill and Laird, Craig and Ahmed, Sayed},
  journal={Journal of Medical Systems},
  volume={48},
  number={1},
  pages={1--14},
  year={2024},
  publisher={Springer}
}
@article{lucas2021wound,
  title={Wound size imaging: ready for smart assessment and monitoring},
  author={Lucas, Yves and Niri, Rania and Treuillet, Sylvie and Douzi, Hassan and Castaneda, Benjamin},
  journal={Advances in wound care},
  volume={10},
  number={11},
  pages={641--661},
  year={2021},
  publisher={Mary Ann Liebert}
}

@article{mohammed2022time,
  title={A time motion study of manual versus artificial intelligence methods for wound assessment},
  author={Mohammed, Heba Tallah and Bartlett, Robert L and Babb, Deborah and Fraser, Robert DJ and Mannion, David},
  journal={PloS one},
  volume={17},
  number={7},
  pages={e0271742},
  year={2022},
  publisher={Public Library of Science San Francisco, CA USA}
}
@article{barakat2022reshaping,
  title={Reshaping wound care: Evaluation of an artificial intelligence app to improve wound assessment and management amid the COVID-19 pandemic},
  author={Barakat-Johnson, Michelle and Jones, Aaron and Burger, Mitch and Leong, Thomas and Frotjold, Astrid and Randall, Sue and Kim, Bora and Fethney, Judith and Coyer, Fiona},
  journal={International Wound Journal},
  volume={19},
  number={6},
  pages={1561--1577},
  year={2022},
  publisher={Wiley Online Library}
}

@article{shorten2019survey,
  title={A survey on image data augmentation for deep learning},
  author={Shorten, Connor and Khoshgoftaar, Taghi M},
  journal={Journal of Big Data},
  volume={6},
  number={1},
  pages={1--48},
  year={2019},
  publisher={Springer}
}
@inproceedings{zhu2017unpaired,
  title={Unpaired image-to-image translation using cycle-consistent adversarial networks},
  author={Zhu, Jun-Yan and Park, Taesung and Isola, Phillip and Efros, Alexei A},
  booktitle={Proceedings of the IEEE international conference on computer vision},
  pages={2223--2232},
  year={2017}
}
@article{chawla2002smote,
  title={SMOTE: synthetic minority over-sampling technique},
  author={Chawla, Nitesh V and Bowyer, Kevin W and Hall, Lawrence O and Kegelmeyer, W Philip},
  journal={Journal of artificial intelligence research},
  volume={16},
  pages={321--357},
  year={2002}
}
@InProceedings{Lin2017ICCV,
author = {Lin, Tsung-Yi and Goyal, Priya and Girshick, Ross and He, Kaiming and Dollar, Piotr},
title = {Focal Loss for Dense Object Detection},
booktitle = {Proceedings of the IEEE International Conference on Computer Vision (ICCV)},
month = {Oct},
year = {2017}
}

@article{zhang2018generalized,
  title={Generalized cross entropy loss for training deep neural networks with noisy labels},
  author={Zhang, Zhilu and Sabuncu, Mert},
  journal={Advances in neural information processing systems},
  volume={31},
  year={2018}
}
@inproceedings{dietterich2000ensemble,
  title={Ensemble methods in machine learning},
  author={Dietterich, Thomas G},
  booktitle={International workshop on multiple classifier systems},
  pages={1--15},
  year={2000},
  organization={Springer}
}

@article{ganaie2022ensemble,
  title={Ensemble deep learning: A review},
  author={Ganaie, Mudasir A and Hu, Minghui and Malik, Ashwani Kumar and Tanveer, Muhammad and Suganthan, Ponnuthurai N},
  journal={Engineering Applications of Artificial Intelligence},
  volume={115},
  pages={105151},
  year={2022},
  publisher={Elsevier}
}
@article{poudel2021deep,
  title={Deep multi-scale attentional features for medical image segmentation},
  author={Poudel, Sahadev and Lee, Sang-Woong},
  journal={Applied Soft Computing},
  volume={109},
  pages={107445},
  year={2021},
  publisher={Elsevier}
}
@article{su2021msu,
  title={Msu-net: Multi-scale u-net for 2d medical image segmentation},
  author={Su, Run and Zhang, Deyun and Liu, Jinhuai and Cheng, Chuandong},
  journal={Frontiers in Genetics},
  volume={12},
  pages={639930},
  year={2021},
  publisher={Frontiers Media SA}
}
@article{guo2022segnext,
  title={Segnext: Rethinking convolutional attention design for semantic segmentation},
  author={Guo, Meng-Hao and Lu, Cheng-Ze and Hou, Qibin and Liu, Zhengning and Cheng, Ming-Ming and Hu, Shi-Min},
  journal={Advances in Neural Information Processing Systems},
  volume={35},
  pages={1140--1156},
  year={2022}
}
@article{niu2021hybrid,
  title={Hybrid multiple attention network for semantic segmentation in aerial images},
  author={Niu, Ruigang and Sun, Xian and Tian, Yu and Diao, Wenhui and Chen, Kaiqiang and Fu, Kun},
  journal={IEEE Transactions on Geoscience and Remote Sensing},
  volume={60},
  pages={1--18},
  year={2021},
  publisher={IEEE}
}
@article{sinha2020multi,
  title={Multi-scale self-guided attention for medical image segmentation},
  author={Sinha, Ashish and Dolz, Jose},
  journal={IEEE Journal of Biomedical and Health Informatics},
  volume={25},
  number={1},
  pages={121--130},
  year={2020},
  publisher={IEEE}
}
