@article{bae2024per,
  title={Per-Gaussian Embedding-Based Deformation for Deformable 3D Gaussian Splatting},
  author={Bae, Jeongmin and Kim, Seoha and Yun, Youngsik and Lee, Hahyun and Bang, Gun and Uh, Youngjung},
  journal={arXiv preprint arXiv:2404.03613},
  year={2024}
}

@inproceedings{chu2023command,
  title={Command-driven articulated object understanding and manipulation},
  author={Chu, Ruihang and Liu, Zhengzhe and Ye, Xiaoqing and Tan, Xiao and Qi, Xiaojuan and Fu, Chi-Wing and Jia, Jiaya},
  booktitle=CVPR,
  year={2023}
}

@article{deng2024articulate,
  title={Articulate your NeRF: Unsupervised articulated object modeling via conditional view synthesis},
  author={Deng, Jianning and Subr, Kartic and Bilen, Hakan},
  journal={arXiv preprint arXiv:2406.16623},
  year={2024}
}

@inproceedings{gadre2021act,
  title={Act the part: Learning interaction strategies for articulated object part discovery},
  author={Gadre, Samir Yitzhak and Ehsani, Kiana and Song, Shuran},
  booktitle=ICCV,
  year={2021}
}

@article{guo2024motion,
  title={Motion-aware 3D Gaussian Splatting for Efficient Dynamic Scene Reconstruction},
  author={Guo, Zhiyang and Zhou, Wengang and Li, Li and Wang, Min and Li, Houqiang},
  journal={arXiv preprint arXiv:2403.11447},
  year={2024}
}

@inproceedings{heppert2023carto,
  title={Carto: Category and joint agnostic reconstruction of articulated objects},
  author={Heppert, Nick and Irshad, Muhammad Zubair and Zakharov, Sergey and Liu, Katherine and Ambrus, Rares Andrei and Bohg, Jeannette and Valada, Abhinav and Kollar, Thomas},
  booktitle=CVPR,
  year={2023}
}

@inproceedings{hsu2023ditto,
  title={Ditto in the house: Building articulation models of indoor scenes through interactive perception},
  author={Hsu, Cheng-Chun and Jiang, Zhenyu and Zhu, Yuke},
  booktitle=ICRA,
  year={2023},
}

@article{hu2017learning,
  title={Learning to predict part mobility from a single static snapshot},
  author={Hu, Ruizhen and Li, Wenchao and Van Kaick, Oliver and Shamir, Ariel and Zhang, Hao and Huang, Hui},
  journal=TOG,
  volume={36},
  number={6},
  pages={1--13},
  year={2017},
  publisher={ACM New York, NY, USA}
}

@article{huang2014occlusion,
  title={Occlusion-aware multi-view reconstruction of articulated objects for manipulation},
  author={Huang, Xiaoxia and Walker, Ian and Birchfield, Stan},
  journal={Robotics and Autonomous Systems},
  volume={62},
  number={4},
  pages={497--505},
  year={2014},
  publisher={Elsevier}
}

@inproceedings{huang2024sc,
  title={Sc-gs: Sparse-controlled gaussian splatting for editable dynamic scenes},
  author={Huang, Yi-Hua and Sun, Yang-Tian and Yang, Ziyi and Lyu, Xiaoyang and Cao, Yan-Pei and Qi, Xiaojuan},
  booktitle=CVPR,
  year={2024}
}

@inproceedings{jain2021screwnet,
  title={Screwnet: Category-independent articulation model estimation from depth images using screw theory},
  author={Jain, Ajinkya and Lioutikov, Rudolf and Chuck, Caleb and Niekum, Scott},
  booktitle=ICRA,
  year={2021}
}

@inproceedings{jiang2022ditto,
  title={Ditto: Building digital twins of articulated objects from interaction},
  author={Jiang, Zhenyu and Hsu, Cheng-Chun and Zhu, Yuke},
  booktitle=CVPR,
  year={2022}
}

@inproceedings{jiang2024vr,
  title={VR-GS: a physical dynamics-aware interactive gaussian splatting system in virtual reality},
  author={Jiang, Ying and Yu, Chang and Xie, Tianyi and Li, Xuan and Feng, Yutao and Wang, Huamin and Li, Minchen and Lau, Henry and Gao, Feng and Yang, Yin and others},
  booktitle={ACM SIGGRAPH 2024 Conference Papers},
  year={2024}
}

@inproceedings{jiayi2023paris,
  title={PARIS: Part-level Reconstruction and Motion Analysis for Articulated Objects},
  author={Liu, Jiayi and Mahdavi-Amiri, Ali and Savva, Manolis},
  booktitle=ICCV,
  year={2023}
}

@inproceedings{joo2018total,
  title={Total capture: A 3d deformation model for tracking faces, hands, and bodies},
  author={Joo, Hanbyul and Simon, Tomas and Sheikh, Yaser},
  booktitle=CVPR,
  year={2018}
}

@article{jung2023deformable,
  title={Deformable 3d gaussian splatting for animatable human avatars},
  author={Jung, HyunJun and Brasch, Nikolas and Song, Jifei and Perez-Pellitero, Eduardo and Zhou, Yiren and Li, Zhihao and Navab, Nassir and Busam, Benjamin},
  journal={arXiv preprint arXiv:2312.15059},
  year={2023}
}

@article{katsumata2023efficient,
  title={An efficient 3d gaussian representation for monocular/multi-view dynamic scenes},
  author={Katsumata, Kai and Vo, Duc Minh and Nakayama, Hideki},
  journal={arXiv preprint arXiv:2311.12897},
  year={2023}
}

@inproceedings{katz2013interactive,
  title={Interactive segmentation, tracking, and kinematic modeling of unknown 3d articulated objects},
  author={Katz, Dov and Kazemi, Moslem and Bagnell, J Andrew and Stentz, Anthony},
  booktitle=ICRA,
  year={2013},
}

@article{kawana2021unsupervised,
  title={Unsupervised pose-aware part decomposition for 3d articulated objects},
  author={Kawana, Yuki and Mukuta, Yusuke and Harada, Tatsuya},
  journal={arXiv preprint arXiv:2110.04411},
  year={2021}
}

@article{kerbl20233d,
  title={3D Gaussian Splatting for Real-Time Radiance Field Rendering.},
  author={Kerbl, Bernhard and Kopanas, Georgios and Leimk{\"u}hler, Thomas and Drettakis, George},
  journal={ACM Trans. Graph.},
  volume={42},
  number={4},
  pages={139--1},
  year={2023}
}

@inproceedings{lei2023nap,
  title={Nap: Neural 3d articulated object prior},
  author={Lei, Jiahui and Deng, Congyue and Shen, William B and Guibas, Leonidas J and Daniilidis, Kostas},
  journal=NIPS,
  year={2023}
}

@inproceedings{lei2024gart,
  title={Gart: Gaussian articulated template models},
  author={Lei, Jiahui and Wang, Yufu and Pavlakos, Georgios and Liu, Lingjie and Daniilidis, Kostas},
  booktitle=CVPR,
  year={2024}
}

@inproceedings{lewis2022narf22,
  title={Narf22: Neural articulated radiance fields for configuration-aware rendering},
  author={Lewis, Stanley and Pavlasek, Jana and Jenkins, Odest Chadwicke},
  booktitle=IROS,
  year={2022}
}

@inproceedings{li2020category,
  title={Category-level articulated object pose estimation},
  author={Li, Xiaolong and Wang, He and Yi, Li and Guibas, Leonidas J and Abbott, A Lynn and Song, Shuran},
  booktitle=CVPR,
  year={2020}
}

@inproceedings{li2024spacetime,
  title={Spacetime gaussian feature splatting for real-time dynamic view synthesis},
  author={Li, Zhan and Chen, Zhang and Li, Zhong and Xu, Yi},
  booktitle=CVPR,
  year={2024}
}

@article{liu2022toward,
  title={Toward real-world category-level articulation pose estimation},
  author={Liu, Liu and Xue, Han and Xu, Wenqiang and Fu, Haoyuan and Lu, Cewu},
  journal=TIP,
  volume={31},
  pages={1072--1083},
  year={2022},
  publisher={IEEE}
}

@inproceedings{liu2023building,
  title={Building rearticulable models for arbitrary 3d objects from 4d point clouds},
  author={Liu, Shaowei and Gupta, Saurabh and Wang, Shenlong},
  booktitle=CVPR,
  year={2023}
}

@inproceedings{liu2023self,
  title={Self-Supervised Category-Level Articulated Object Pose Estimation with Part-Level SE (3) Equivariance},
  author={Liu, Xueyi and Zhang, Ji and Hu, Ruizhen and Huang, Haibin and Wang, He and Yi, Li},
  booktitle=ICLR,
  year={2023}
}

@incollection{loper2023smpl,
  title={SMPL: A skinned multi-person linear model},
  author={Loper, Matthew and Mahmood, Naureen and Romero, Javier and Pons-Moll, Gerard and Black, Michael J},
  booktitle={Seminal Graphics Papers: Pushing the Boundaries, Volume 2},
  pages={851--866},
  year={2023}
}

@inproceedings{lu20243d,
  title={3d geometry-aware deformable gaussian splatting for dynamic view synthesis},
  author={Lu, Zhicheng and Guo, Xiang and Hui, Le and Chen, Tianrui and Yang, Min and Tang, Xiao and Zhu, Feng and Dai, Yuchao},
  booktitle=CVPR,
  year={2024}
}

@inproceedings{luiten2024dynamic,
  title={Dynamic 3d gaussians: Tracking by persistent dynamic view synthesis},
  author={Luiten, Jonathon and Kopanas, Georgios and Leibe, Bastian and Ramanan, Deva},
  booktitle=ThreeDV,
  year={2024}
}

@inproceedings{ma2023sim2real,
  title={Sim2Real 2: Actively building explicit physics model for precise articulated object manipulation},
  author={Ma, Liqian and Meng, Jiaojiao and Liu, Shuntao and Chen, Weihang and Xu, Jing and Chen, Rui},
  booktitle=ICRA,
  year={2023},
}

@inproceedings{martin2016integrated,
  title={An integrated approach to visual perception of articulated objects},
  author={Mart{\'\i}n-Mart{\'\i}n, Roberto and H{\"o}fer, Sebastian and Brock, Oliver},
  booktitle=ICRA,
  year={2016},
}

@inproceedings{mihajlovic2021leap,
  title={LEAP: Learning articulated occupancy of people},
  author={Mihajlovic, Marko and Zhang, Yan and Black, Michael J and Tang, Siyu},
  booktitle=CVPR,
  year={2021}
}

@inproceedings{mo2021where2act,
  title={Where2act: From pixels to actions for articulated 3d objects},
  author={Mo, Kaichun and Guibas, Leonidas J and Mukadam, Mustafa and Gupta, Abhinav and Tulsiani, Shubham},
  booktitle=ICCV,
  year={2021}
}

@inproceedings{mu2021sdf,
  title={A-sdf: Learning disentangled signed distance functions for articulated shape representation},
  author={Mu, Jiteng and Qiu, Weichao and Kortylewski, Adam and Yuille, Alan and Vasconcelos, Nuno and Wang, Xiaolong},
  booktitle=ICCV,
  year={2021}
}

@article{nie2022structure,
  title={Structure from action: Learning interactions for articulated object 3d structure discovery},
  author={Nie, Neil and Gadre, Samir Yitzhak and Ehsani, Kiana and Song, Shuran},
  journal={arXiv preprint arXiv:2207.08997},
  year={2022}
}

@inproceedings{noguchi2021neural,
  title={Neural articulated radiance field},
  author={Noguchi, Atsuhiro and Sun, Xiao and Lin, Stephen and Harada, Tatsuya},
  booktitle=ICCV,
  year={2021}
}

@inproceedings{noguchi2022watch,
  title={Watch it move: Unsupervised discovery of 3d joints for re-posing of articulated objects},
  author={Noguchi, Atsuhiro and Iqbal, Umar and Tremblay, Jonathan and Harada, Tatsuya and Gallo, Orazio},
  booktitle=CVPR,
  year={2022}
}

@article{pillai2015learning,
  title={Learning articulated motions from visual demonstration},
  author={Pillai, Sudeep and Walter, Matthew R and Teller, Seth},
  journal={arXiv preprint arXiv:1502.01659},
  year={2015}
}

@inproceedings{qian20243dgs,
  title={3dgs-avatar: Animatable avatars via deformable 3d gaussian splatting},
  author={Qian, Zhiyin and Wang, Shaofei and Mihajlovic, Marko and Geiger, Andreas and Tang, Siyu},
  booktitle=CVPR,
  year={2024}
}

@article{romero2022embodied,
  title={Embodied hands: Modeling and capturing hands and bodies together},
  author={Romero, Javier and Tzionas, Dimitrios and Black, Michael J},
  journal={arXiv preprint arXiv:2201.02610},
  year={2022}
}

@article{song2023moda,
  title={Moda: Modeling deformable 3d objects from casual videos},
  author={Song, Chaoyue and Chen, Tianyi and Chen, Yiwen and Wei, Jiacheng and Foo, Chuan Sheng and Liu, Fayao and Lin, Guosheng},
  journal={arXiv preprint arXiv:2304.08279},
  year={2023}
}

@inproceedings{song2023total,
  title={Total-recon: Deformable scene reconstruction for embodied view synthesis},
  author={Song, Chonghyuk and Yang, Gengshan and Deng, Kangle and Zhu, Jun-Yan and Ramanan, Deva},
  booktitle=ICCV,
  year={2023}
}

@article{sturm2011probabilistic,
  title={A probabilistic framework for learning kinematic models of articulated objects},
  author={Sturm, J{\"u}rgen and Stachniss, Cyrill and Burgard, Wolfram},
  journal={Journal of Artificial Intelligence Research},
  volume={41},
  year={2011}
}

@article{sun2023opdmulti,
  title={Opdmulti: Openable part detection for multiple objects},
  author={Sun, Xiaohao and Jiang, Hanxiao and Savva, Manolis and Chang, Angel Xuan},
  journal={arXiv preprint arXiv:2303.14087},
  year={2023}
}

@article{swaminathan2024leia,
  title={LEIA: Latent View-invariant Embeddings for Implicit 3D Articulation},
  author={Swaminathan, Archana and Gupta, Anubhav and Gupta, Kamal and Maiya, Shishira R and Agarwal, Vatsal and Shrivastava, Abhinav},
  journal={arXiv preprint arXiv:2409.06703},
  year={2024}
}

@inproceedings{tan2023distilling,
  title={Distilling neural fields for real-time articulated shape reconstruction},
  author={Tan, Jeff and Yang, Gengshan and Ramanan, Deva},
  booktitle=CVPR,
  year={2023}
}

@inproceedings{tseng2022cla,
  title={Cla-nerf: Category-level articulated neural radiance field},
  author={Tseng, Wei-Cheng and Liao, Hung-Ju and Yen-Chen, Lin and Sun, Min},
  booktitle=ICRA,
  year={2022}
}

@article{wan2024superpoint,
  title={Superpoint Gaussian Splatting for Real-Time High-Fidelity Dynamic Scene Reconstruction},
  author={Wan, Diwen and Lu, Ruijie and Zeng, Gang},
  journal={arXiv preprint arXiv:2406.03697},
  year={2024}
}

@article{wan2024template,
  title={Template-free Articulated Gaussian Splatting for Real-time Reposable Dynamic View Synthesis},
  author={Wan, Diwen and Wang, Yuxiang and Lu, Ruijie and Zeng, Gang},
  journal={arXiv preprint arXiv:2412.05570},
  year={2024}
}

@inproceedings{wang2019shape2motion,
  title={Shape2motion: Joint analysis of motion parts and attributes from 3d shapes},
  author={Wang, Xiaogang and Zhou, Bin and Shi, Yahao and Chen, Xiaowu and Zhao, Qinping and Xu, Kai},
  booktitle=CVPR,
  year={2019}
}

@inproceedings{wei2022self,
  title={Self-supervised neural articulated shape and appearance models},
  author={Wei, Fangyin and Chabra, Rohan and Ma, Lingni and Lassner, Christoph and Zollh{\"o}fer, Michael and Rusinkiewicz, Szymon and Sweeney, Chris and Newcombe, Richard and Slavcheva, Mira},
  booktitle=CVPR,
  year={2022}
}

@inproceedings{weng2021captra,
  title={Captra: Category-level pose tracking for rigid and articulated objects from point clouds},
  author={Weng, Yijia and Wang, He and Zhou, Qiang and Qin, Yuzhe and Duan, Yueqi and Fan, Qingnan and Chen, Baoquan and Su, Hao and Guibas, Leonidas J},
  booktitle=ICCV,
  year={2021}
}

@inproceedings{weng2024neural,
    title={Neural Implicit Representation for Building Digital Twins of Unknown Articulated Objects}, 
    author={Yijia Weng and Bowen Wen and Jonathan Tremblay and Valts Blukis and Dieter Fox and Leonidas Guibas and Stan Birchfield},
    booktitle=CVPR,
    year={2024}
}

@inproceedings{wu20244d,
  title={4d gaussian splatting for real-time dynamic scene rendering},
  author={Wu, Guanjun and Yi, Taoran and Fang, Jiemin and Xie, Lingxi and Zhang, Xiaopeng and Wei, Wei and Liu, Wenyu and Tian, Qi and Wang, Xinggang},
  booktitle=CVPR,
  year={2024}
}

@inproceedings{xie2024physgaussian,
  title={Physgaussian: Physics-integrated 3d gaussians for generative dynamics},
  author={Xie, Tianyi and Zong, Zeshun and Qiu, Yuxing and Li, Xuan and Feng, Yutao and Yang, Yin and Jiang, Chenfanfu},
  booktitle=CVPR,
  year={2024}
}

@article{xie2024surgicalgaussian,
  title={SurgicalGaussian: Deformable 3D Gaussians for High-Fidelity Surgical Scene Reconstruction},
  author={Xie, Weixing and Yao, Junfeng and Cao, Xianpeng and Lin, Qiqin and Tang, Zerui and Dong, Xiao and Guo, Xiaohu},
  journal={arXiv preprint arXiv:2407.05023},
  year={2024}
}

@inproceedings{xu2020ghum,
  title={Ghum \& ghuml: Generative 3d human shape and articulated pose models},
  author={Xu, Hongyi and Bazavan, Eduard Gabriel and Zanfir, Andrei and Freeman, William T and Sukthankar, Rahul and Sminchisescu, Cristian},
  booktitle=CVPR,
  year={2020}
}

@article{yan2020rpm,
  title={RPM-Net: recurrent prediction of motion and parts from point cloud},
  author={Yan, Zihao and Hu, Ruizhen and Yan, Xingguang and Chen, Luanmin and Van Kaick, Oliver and Zhang, Hao and Huang, Hui},
  journal={arXiv preprint arXiv:2006.14865},
  year={2020}
}

@inproceedings{yang2021lasr,
  title={Lasr: Learning articulated shape reconstruction from a monocular video},
  author={Yang, Gengshan and Sun, Deqing and Jampani, Varun and Vlasic, Daniel and Cole, Forrester and Chang, Huiwen and Ramanan, Deva and Freeman, William T and Liu, Ce},
  booktitle=CVPR,
  year={2021}
}

@article{yang2021viser,
  title={Viser: Video-specific surface embeddings for articulated 3d shape reconstruction},
  author={Yang, Gengshan and Sun, Deqing and Jampani, Varun and Vlasic, Daniel and Cole, Forrester and Liu, Ce and Ramanan, Deva},
  journal=NIPS,
  year={2021}
}

@inproceedings{yang2022banmo,
  title={Banmo: Building animatable 3d neural models from many casual videos},
  author={Yang, Gengshan and Vo, Minh and Neverova, Natalia and Ramanan, Deva and Vedaldi, Andrea and Joo, Hanbyul},
  booktitle=CVPR,
  year={2022}
}

@inproceedings{yang2023ppr,
  title={Ppr: Physically plausible reconstruction from monocular videos},
  author={Yang, Gengshan and Yang, Shuo and Zhang, John Z and Manchester, Zachary and Ramanan, Deva},
  booktitle=ICCV,
  year={2023}
}

@inproceedings{yang2023reconstructing,
  title={Reconstructing animatable categories from videos},
  author={Yang, Gengshan and Wang, Chaoyang and Reddy, N Dinesh and Ramanan, Deva},
  booktitle=CVPR,
  year={2023}
}

@inproceedings{yang2024attrihuman,
  title={Attrihuman-3d: Editable 3d human avatar generation with attribute decomposition and indexing},
  author={Yang, Fan and Chen, Tianyi and He, Xiaosheng and Cai, Zhongang and Yang, Lei and Wu, Si and Lin, Guosheng},
  booktitle=CVPR,
  year={2024}
}

@inproceedings{yang2024deformable,
  title={Deformable 3d gaussians for high-fidelity monocular dynamic scene reconstruction},
  author={Yang, Ziyi and Gao, Xinyu and Zhou, Wen and Jiao, Shaohui and Zhang, Yuqing and Jin, Xiaogang},
  booktitle=CVPR,
  year={2024}
}

@article{yi2018deep,
  title={Deep part induction from articulated object pairs},
  author={Yi, Li and Huang, Haibin and Liu, Difan and Kalogerakis, Evangelos and Su, Hao and Guibas, Leonidas},
  journal={arXiv preprint arXiv:1809.07417},
  year={2018}
}

@article{zhang2021strobenet,
  title={Strobenet: Category-level multiview reconstruction of articulated objects},
  author={Zhang, Ge and Litany, Or and Sridhar, Srinath and Guibas, Leonidas},
  journal={arXiv preprint arXiv:2105.08016},
  year={2021}
}

@inproceedings{zuffi20173d,
  title={3D menagerie: Modeling the 3D shape and pose of animals},
  author={Zuffi, Silvia and Kanazawa, Angjoo and Jacobs, David W and Black, Michael J},
  booktitle=CVPR,
  year={2017}
}

