% Use this file for citations not found in the ACL Anthology (contained in "anthology.bib").


@article{suvery,
  title={A survey of graph meets large language model: Progress and future directions},
  author={Li, Yuhan and Li, Zhixun and Wang, Peisong and Li, Jia and Sun, Xiangguo and Cheng, Hong and Yu, Jeffrey Xu},
  journal={arXiv preprint arXiv:2311.12399},
  year={2023}
}
@article{2,
  title={Unifying Large Language Models and Knowledge Graphs: A Roadmap, 2023},
  author={Pan, Shirui and Luo, Linhao and Wang, Yufei and Chen, Chen and Wang, Jiapu and Wu, Xindong},
  journal={arXiv preprint arXiv:2306.08302},
year={2023}
}
@article{3,
  title={Graphllm: Boosting graph reasoning ability of large language model},
  author={Chai, Ziwei and Zhang, Tianjie and Wu, Liang and Han, Kaiqiao and Hu, Xiaohai and Huang, Xuanwen and Yang, Yang},
  journal={arXiv preprint arXiv:2310.05845},
  year={2023}
}
@article{4,
  title={Which Modality should I use--Text, Motif, or Image?: Understanding Graphs with Large Language Models},
  author={Das, Debarati and Gupta, Ishaan and Srivastava, Jaideep and Kang, Dongyeop},
  journal={arXiv preprint arXiv:2311.09862},
  year={2023}
}
@article{5,
  title={Exploring the Potential of Large Language Models in Graph Generation},
  author={Yao, Yang and Wang, Xin and Zhang, Zeyang and Qin, Yijian and Zhang, Ziwei and Chu, Xu and Yang, Yuekui and Zhu, Wenwu and Mei, Hong},
  journal={arXiv preprint arXiv:2403.14358},
  year={2024}
}
@article{NLgraph-6,
  title={Can language models solve graph problems in natural language?},
  author={Wang, Heng and Feng, Shangbin and He, Tianxing and Tan, Zhaoxuan and Han, Xiaochuang and Tsvetkov, Yulia},
  journal={Advances in Neural Information Processing Systems},
  volume={36},
  year={2024}
}
@article{gpt4graph-7,
  title={Gpt4graph: Can large language models understand graph structured data? an empirical evaluation and benchmarking},
  author={Guo, Jiayan and Du, Lun and Liu, Hengyu and Zhou, Mengyu and He, Xinyi and Han, Shi},
  journal={arXiv preprint arXiv:2305.15066},
  year={2023}
}
@article{8,
  title={Evaluating large language models on graphs: Performance insights and comparative analysis},
  author={Liu, Chang and Wu, Bo},
  journal={arXiv preprint arXiv:2308.11224},
  year={2023}
}
@article{talkgraph-9,
  title={Talk like a graph: Encoding graphs for large language models},
  author={Fatemi, Bahare and Halcrow, Jonathan and Perozzi, Bryan},
  journal={arXiv preprint arXiv:2310.04560},
  year={2023}
}
@article{10,
  title={Let Your Graph Do the Talking: Encoding Structured Data for LLMs},
  author={Perozzi, Bryan and Fatemi, Bahare and Zelle, Dustin and Tsitsulin, Anton and Kazemi, Mehran and Al-Rfou, Rami and Halcrow, Jonathan},
  journal={arXiv preprint arXiv:2402.05862},
  year={2024}
}
@article{11,
  title={GraphInstruct: Empowering Large Language Models with Graph Understanding and Reasoning Capability},
  author={Luo, Zihan and Song, Xiran and Huang, Hong and Lian, Jianxun and Zhang, Chenhao and Jiang, Jinqi and Xie, Xing and Jin, Hai},
  journal={arXiv preprint arXiv:2403.04483},
  year={2024}
}
@article{12,
  title={HiGPT: Heterogeneous Graph Language Model},
  author={Tang, Jiabin and Yang, Yuhao and Wei, Wei and Shi, Lei and Xia, Long and Yin, Dawei and Huang, Chao},
  journal={arXiv preprint arXiv:2402.16024},
  year={2024}
}
@article{13,
  title={VisionGraph: Leveraging Large Multimodal Models for Graph Theory Problems in Visual Context},
  author={Li, Yunxin and Hu, Baotian and Shi, Haoyuan and Wang, Wei and Wang, Longyue and Zhang, Min},
  journal={arXiv preprint arXiv:2405.04950},
  year={2024}
}
@article{gpt4,
  title={Gpt-4 technical report},
  author={Achiam, Josh and Adler, Steven and Agarwal, Sandhini and Ahmad, Lama and Akkaya, Ilge and Aleman, Florencia Leoni and Almeida, Diogo and Altenschmidt, Janko and Altman, Sam and Anadkat, Shyamal and others},
  journal={arXiv preprint arXiv:2303.08774},
  year={2023}
}
@article{llama,
  title={Llama 2: Open foundation and fine-tuned chat models},
  author={Touvron, Hugo and Martin, Louis and Stone, Kevin and Albert, Peter and Almahairi, Amjad and Babaei, Yasmine and Bashlykov, Nikolay and Batra, Soumya and Bhargava, Prajjwal and Bhosale, Shruti and others},
  journal={arXiv preprint arXiv:2307.09288},
  year={2023}
}
@article{qwen,
  title={Qwen technical report},
  author={Bai, Jinze and Bai, Shuai and Chu, Yunfei and Cui, Zeyu and Dang, Kai and Deng, Xiaodong and Fan, Yang and Ge, Wenbin and Han, Yu and Huang, Fei and others},
  journal={arXiv preprint arXiv:2309.16609},
  year={2023}
}
@article{glm,
  title={Glm: General language model pretraining with autoregressive blank infilling},
  author={Du, Zhengxiao and Qian, Yujie and Liu, Xiao and Ding, Ming and Qiu, Jiezhong and Yang, Zhilin and Tang, Jie},
  journal={arXiv preprint arXiv:2103.10360},
  year={2021}
}
@article{vicuna,
  title={Vicuna: An open-source chatbot impressing gpt-4 with 90\%* chatgpt quality, March 2023},
  author={Chiang, Wei-Lin and Li, Zhuohan and Lin, Zi and Sheng, Ying and Wu, Zhanghao and Zhang, Hao and Zheng, Lianmin and Zhuang, Siyuan and Zhuang, Yonghao and Gonzalez, Joseph E and others},
  journal={URL https://lmsys. org/blog/2023-03-30-vicuna},
  volume={3},
  number={5},
  year={2023}
}
@article{kola,
  title={Kola: Carefully benchmarking world knowledge of large language models},
  author={Yu, Jifan and Wang, Xiaozhi and Tu, Shangqing and Cao, Shulin and Zhang-Li, Daniel and Lv, Xin and Peng, Hao and Yao, Zijun and Zhang, Xiaohan and Li, Hanming and others},
  journal={arXiv preprint arXiv:2306.09296},
  year={2023}
}
@article{standscore,
  title={History of standard scoring, notation, and summation of neuromuscular signs. A current survey and recommendation},
  author={Dyck, Peter J and Boes, Christopher J and Mulder, Donald and Millikan, Clark and Windebank, Anthony J and Dyck, P James B and Espinosa, Raul},
  journal={Journal of the Peripheral Nervous System},
  volume={10},
  number={2},
  pages={158--173},
  year={2005},
  publisher={Wiley Online Library}
}
@article{maxmin,
  title={Normalization: A preprocessing stage},
  author={Patro, SGOPAL and Sahu, Kishore Kumar},
  journal={arXiv preprint arXiv:1503.06462},
  year={2015}
}
@inproceedings{IDBM,
  title={Magnn: Metapath aggregated graph neural network for heterogeneous graph embedding},
  author={Fu, Xinyu and Zhang, Jiani and Meng, Ziqiao and King, Irwin},
  booktitle={Proceedings of the web conference 2020},
  pages={2331--2341},
  year={2020}
}
@inproceedings{ACM,
  title={Heterogeneous graph attention network},
  author={Wang, Xiao and Ji, Houye and Shi, Chuan and Wang, Bai and Ye, Yanfang and Cui, Peng and Yu, Philip S},
  booktitle={The world wide web conference},
  pages={2022--2032},
  year={2019}
}
 @article{Intro1,  
 title={Language Models as Zero-Shot Planners: Extracting Actionable Knowledge for Embodied Agents}, 
 author={Huang, Wenlong and Abbeel, Pieter and Pathak, Deepak and Mordatch, Igor}, 
 language={en-US} 
 }
 @article{Inro2,
  title={Language models are few-shot learners},
  author={Brown, Tom and Mann, Benjamin and Ryder, Nick and Subbiah, Melanie and Kaplan, Jared D and Dhariwal, Prafulla and Neelakantan, Arvind and Shyam, Pranav and Sastry, Girish and Askell, Amanda and others},
  journal={Advances in neural information processing systems},
  volume={33},
  pages={1877--1901},
  year={2020}
}
@article{Inro3,
  title={A survey of large language models},
  author={Zhao, Wayne Xin and Zhou, Kun and Li, Junyi and Tang, Tianyi and Wang, Xiaolei and Hou, Yupeng and Min, Yingqian and Zhang, Beichen and Zhang, Junjie and Dong, Zican and others},
  journal={arXiv preprint arXiv:2303.18223},
  year={2023}
}
@article{mtbench,
  title={MT-Bench-101: A Fine-Grained Benchmark for Evaluating Large Language Models in Multi-Turn Dialogues},
  author={Bai, Ge and Liu, Jie and Bu, Xingyuan and He, Yancheng and Liu, Jiaheng and Zhou, Zhanhui and Lin, Zhuoran and Su, Wenbo and Ge, Tiezheng and Zheng, Bo and others},
  journal={arXiv preprint arXiv:2402.14762},
  year={2024}
}
@article{protein,
  title={Protein-protein interaction detection: methods and analysis},
  author={Rao, V Srinivasa and Srinivas, K and Sujini, GN and Kumar, GN Sunand},
  journal={International journal of proteomics},
  volume={2014},
  number={1},
  pages={147648},
  year={2014},
  publisher={Wiley Online Library}
}
@article{borgatti2006graph,
  title={A graph-theoretic perspective on centrality},
  author={Borgatti, Stephen P and Everett, Martin G},
  journal={Social networks},
  volume={28},
  number={4},
  pages={466--484},
  year={2006},
  publisher={Elsevier}
}

@article{li2023lmeye,
  title={Lmeye: An interactive perception network for large language models},
  author={Li, Yunxin and Hu, Baotian and Chen, Xinyu and Ma, Lin and Xu, Yong and Zhang, Min},
  journal={IEEE TMM},
  year={2024}
}
@article{GCN,
  title={Semi-supervised classification with graph convolutional networks},
  author={Kipf, Thomas N and Welling, Max},
  journal={arXiv preprint arXiv:1609.02907},
  year={2016}
}
@article{sage,
  title={Inductive representation learning on large graphs},
  author={Hamilton, Will and Ying, Zhitao and Leskovec, Jure},
  journal={Advances in neural information processing systems},
  volume={30},
  year={2017}
}
@article{BFSbeamer2013direction,
  title={Direction-optimizing breadth-first search},
  author={Beamer, Scott and Asanovi{\'c}, Krste and Patterson, David},
  journal={Scientific Programming},
  volume={21},
  number={3-4},
  pages={137--148},
  year={2013},
  publisher={Wiley Online Library}
}

@article{jin2023large,
  title={Large language models on graphs: A comprehensive survey},
  author={Jin, Bowen and Liu, Gang and Han, Chi and Jiang, Meng and Ji, Heng and Han, Jiawei},
  journal={arXiv preprint arXiv:2312.02783},
  year={2023}
}
@inproceedings{lahitani2016cosine,
  title={Cosine similarity to determine similarity measure: Study case in online essay assessment},
  author={Lahitani, Alfirna Rizqi and Permanasari, Adhistya Erna and Setiawan, Noor Akhmad},
  booktitle={2016 4th International conference on cyber and IT service management},
  pages={1--6},
  year={2016},
  organization={IEEE}
}
@article{tang2024grapharena,
  title={GraphArena: Benchmarking Large Language Models on Graph Computational Problems},
  author={Tang, Jianheng and Zhang, Qifan and Li, Yuhan and Li, Jia},
  journal={arXiv preprint arXiv:2407.00379},
  year={2024}
}

@inproceedings{yuan2025gracore,
  title={GraCoRe: Benchmarking Graph Comprehension and Complex Reasoning in Large Language Models},
  author={Yuan, Zike and Liu, Ming and Wang, Hui and Qin, Bing},
  booktitle={Proceedings of the 31st International Conference on Computational Linguistics},
  pages={7925--7948},
  year={2025}
}
@article{hong2023metagpt,
  title={Metagpt: Meta programming for multi-agent collaborative framework},
  author={Hong, Sirui and Zheng, Xiawu and Chen, Jonathan and Cheng, Yuheng and Wang, Jinlin and Zhang, Ceyao and Wang, Zili and Yau, Steven Ka Shing and Lin, Zijuan and Zhou, Liyang and others},
  journal={arXiv preprint arXiv:2308.00352},
  year={2023}
}
@inproceedings{li2023camel,
  title={CAMEL: Communicative Agents for "Mind" Exploration of Large Language Model Society},
  author={Li, Guohao and Hammoud, Hasan Abed Al Kader and Itani, Hani and Khizbullin, Dmitrii and Ghanem, Bernard},
  booktitle={Thirty-seventh Conference on Neural Information Processing Systems},
  year={2023}
}
@article{wu2023autogen,
  title={Autogen: Enabling next-gen llm applications via multi-agent conversation framework},
  author={Wu, Qingyun and Bansal, Gagan and Zhang, Jieyu and Wu, Yiran and Zhang, Shaokun and Zhu, Erkang and Li, Beibin and Jiang, Li and Zhang, Xiaoyun and Wang, Chi},
  journal={arXiv preprint arXiv:2308.08155},
  year={2023}
}
@article{li2024graphteam,
  title={Graphteam: Facilitating large language model-based graph analysis via multi-agent collaboration},
  author={Li, Xin and Chu, Qizhi and Chen, Yubin and Liu, Yang and Liu, Yaoqi and Yu, Zekai and Chen, Weize and Qian, Chen and Shi, Chuan and Yang, Cheng},
  journal={arXiv preprint arXiv:2410.18032},
  year={2024}
}
@inproceedings{li2024anim,
  title={Anim-director: A large multimodal model powered agent for controllable animation video generation},
  author={Li, Yunxin and Shi, Haoyuan and Hu, Baotian and Wang, Longyue and Zhu, Jiashun and Xu, Jinyi and Zhao, Zhen and Zhang, Min},
  booktitle={SIGGRAPH Asia 2024 Conference Papers},
  pages={1--11},
  year={2024}
}

@inproceedings{10.5555/3692070.3693188,
author = {Li, Yunxin and Hu, Baotian and Shi, Haoyuan and Wang, Wei and Wang, Longyue and Zhang, Min},
title = {VisionGraph: leveraging large multimodal models for graph theory problems in visual context},
year = {2025},
publisher = {JMLR.org},
booktitle = {Proceedings of the 41st International Conference on Machine Learning},
articleno = {1118},
numpages = {17},
location = {Vienna, Austria},
series = {ICML'24}
}
@book{bondy2008graph,
  title={Graph theory},
  author={Bondy, John Adrian and Murty, Uppaluri Siva Ramachandra},
  year={2008},
  publisher={Springer Publishing Company, Incorporated}
}
@article{cao2024graphinsight,
  title={Graphinsight: Unlocking insights in large language models for graph structure understanding},
  author={Cao, Yukun and Han, Shuo and Gao, Zengyi and Ding, Zezhong and Xie, Xike and Zhou, S Kevin},
  journal={arXiv preprint arXiv:2409.03258},
  year={2024}
}
@article{vaswani2017attention,
  title={Attention is all you need},
  author={Vaswani, A},
  journal={Advances in Neural Information Processing Systems},
  year={2017}
}
@article{hochba1997approximation,
  title={Approximation algorithms for NP-hard problems},
  author={Hochba, Dorit S},
  journal={ACM Sigact News},
  volume={28},
  number={2},
  pages={40--52},
  year={1997},
  publisher={ACM New York, NY, USA}
}
@article{hoffman2013traveling,
  title={Traveling salesman problem},
  author={Hoffman, Karla L and Padberg, Manfred and Rinaldi, Giovanni and others},
  journal={Encyclopedia of operations research and management science},
  volume={1},
  pages={1573--1578},
  year={2013},
  publisher={Springer New York}
}
@book{jensen2011graph,
  title={Graph coloring problems},
  author={Jensen, Tommy R and Toft, Bjarne},
  year={2011},
  publisher={John Wiley \& Sons}
}
@article{hochbaum1982approximation,
  title={Approximation algorithms for the set covering and vertex cover problems},
  author={Hochbaum, Dorit S},
  journal={SIAM Journal on computing},
  volume={11},
  number={3},
  pages={555--556},
  year={1982},
  publisher={SIAM}
}
@article{kokash2005introduction,
  title={An introduction to heuristic algorithms},
  author={Kokash, Natallia},
  journal={Department of Informatics and Telecommunications},
  pages={1--8},
  year={2005},
  publisher={Citeseer}
}
@article{bellman1966dynamic,
  title={Dynamic programming},
  author={Bellman, Richard},
  journal={science},
  volume={153},
  number={3731},
  pages={34--37},
  year={1966},
  publisher={American Association for the Advancement of Science}
}
@article{gallo1988shortest,
  title={Shortest path algorithms},
  author={Gallo, Giorgio and Pallottino, Stefano},
  journal={Annals of operations research},
  volume={13},
  number={1},
  pages={1--79},
  year={1988},
  publisher={Springer}
}
@article{goldberg1988new,
  title={A new approach to the maximum-flow problem},
  author={Goldberg, Andrew V and Tarjan, Robert E},
  journal={Journal of the ACM (JACM)},
  volume={35},
  number={4},
  pages={921--940},
  year={1988},
  publisher={ACM New York, NY, USA}
}
@inproceedings{noto2000method,
  title={A method for the shortest path search by extended Dijkstra algorithm},
  author={Noto, Masato and Sato, Hiroaki},
  booktitle={Smc 2000 conference proceedings. 2000 ieee international conference on systems, man and cybernetics.'cybernetics evolving to systems, humans, organizations, and their complex interactions'(cat. no. 0},
  volume={3},
  pages={2316--2320},
  year={2000},
  organization={IEEE}
}