@article{10,
  title={Let Your Graph Do the Talking: Encoding Structured Data for LLMs},
  author={Perozzi, Bryan and Fatemi, Bahare and Zelle, Dustin and Tsitsulin, Anton and Kazemi, Mehran and Al-Rfou, Rami and Halcrow, Jonathan},
  journal={arXiv preprint arXiv:2402.05862},
  year={2024}
}

@article{2,
  title={Unifying Large Language Models and Knowledge Graphs: A Roadmap, 2023},
  author={Pan, Shirui and Luo, Linhao and Wang, Yufei and Chen, Chen and Wang, Jiapu and Wu, Xindong},
  journal={arXiv preprint arXiv:2306.08302},
year={2023}
}

@article{3,
  title={Graphllm: Boosting graph reasoning ability of large language model},
  author={Chai, Ziwei and Zhang, Tianjie and Wu, Liang and Han, Kaiqiao and Hu, Xiaohai and Huang, Xuanwen and Yang, Yang},
  journal={arXiv preprint arXiv:2310.05845},
  year={2023}
}

@article{8,
  title={Evaluating large language models on graphs: Performance insights and comparative analysis},
  author={Liu, Chang and Wu, Bo},
  journal={arXiv preprint arXiv:2308.11224},
  year={2023}
}

@article{NLgraph-6,
  title={Can language models solve graph problems in natural language?},
  author={Wang, Heng and Feng, Shangbin and He, Tianxing and Tan, Zhaoxuan and Han, Xiaochuang and Tsvetkov, Yulia},
  journal={Advances in Neural Information Processing Systems},
  volume={36},
  year={2024}
}

@article{cao2024graphinsight,
  title={Graphinsight: Unlocking insights in large language models for graph structure understanding},
  author={Cao, Yukun and Han, Shuo and Gao, Zengyi and Ding, Zezhong and Xie, Xike and Zhou, S Kevin},
  journal={arXiv preprint arXiv:2409.03258},
  year={2024}
}

@article{gpt4graph-7,
  title={Gpt4graph: Can large language models understand graph structured data? an empirical evaluation and benchmarking},
  author={Guo, Jiayan and Du, Lun and Liu, Hengyu and Zhou, Mengyu and He, Xinyi and Han, Shi},
  journal={arXiv preprint arXiv:2305.15066},
  year={2023}
}

@article{hong2023metagpt,
  title={Metagpt: Meta programming for multi-agent collaborative framework},
  author={Hong, Sirui and Zheng, Xiawu and Chen, Jonathan and Cheng, Yuheng and Wang, Jinlin and Zhang, Ceyao and Wang, Zili and Yau, Steven Ka Shing and Lin, Zijuan and Zhou, Liyang and others},
  journal={arXiv preprint arXiv:2308.00352},
  year={2023}
}

@inproceedings{li2023camel,
  title={CAMEL: Communicative Agents for "Mind" Exploration of Large Language Model Society},
  author={Li, Guohao and Hammoud, Hasan Abed Al Kader and Itani, Hani and Khizbullin, Dmitrii and Ghanem, Bernard},
  booktitle={Thirty-seventh Conference on Neural Information Processing Systems},
  year={2023}
}

@inproceedings{li2024anim,
  title={Anim-director: A large multimodal model powered agent for controllable animation video generation},
  author={Li, Yunxin and Shi, Haoyuan and Hu, Baotian and Wang, Longyue and Zhu, Jiashun and Xu, Jinyi and Zhao, Zhen and Zhang, Min},
  booktitle={SIGGRAPH Asia 2024 Conference Papers},
  pages={1--11},
  year={2024}
}

@article{li2024graphteam,
  title={Graphteam: Facilitating large language model-based graph analysis via multi-agent collaboration},
  author={Li, Xin and Chu, Qizhi and Chen, Yubin and Liu, Yang and Liu, Yaoqi and Yu, Zekai and Chen, Weize and Qian, Chen and Shi, Chuan and Yang, Cheng},
  journal={arXiv preprint arXiv:2410.18032},
  year={2024}
}

@article{suvery,
  title={A survey of graph meets large language model: Progress and future directions},
  author={Li, Yuhan and Li, Zhixun and Wang, Peisong and Li, Jia and Sun, Xiangguo and Cheng, Hong and Yu, Jeffrey Xu},
  journal={arXiv preprint arXiv:2311.12399},
  year={2023}
}

@article{wu2023autogen,
  title={Autogen: Enabling next-gen llm applications via multi-agent conversation framework},
  author={Wu, Qingyun and Bansal, Gagan and Zhang, Jieyu and Wu, Yiran and Zhang, Shaokun and Zhu, Erkang and Li, Beibin and Jiang, Li and Zhang, Xiaoyun and Wang, Chi},
  journal={arXiv preprint arXiv:2308.08155},
  year={2023}
}

@inproceedings{yuan2025gracore,
  title={GraCoRe: Benchmarking Graph Comprehension and Complex Reasoning in Large Language Models},
  author={Yuan, Zike and Liu, Ming and Wang, Hui and Qin, Bing},
  booktitle={Proceedings of the 31st International Conference on Computational Linguistics},
  pages={7925--7948},
  year={2025}
}

