@article{chakraborty2024divide,
  title={Divide And Conquer: Learning Chaotic Dynamical Systems With Multistep Penalty Neural Ordinary Differential Equations},
  author={Chakraborty, Dibyajyoti and Chung, Seung Whan and Maulik, Romit},
  journal={arXiv preprint arXiv:2407.00568},
  year={2024}
}

@article{chattopadhyay2024oceannet,
  title={OceanNet: A principled neural operator-based digital twin for regional oceans},
  author={Chattopadhyay, Ashesh and Gray, Michael and Wu, Tianning and Lowe, Anna B and He, Ruoying},
  journal={Scientific Reports},
  volume={14},
  number={1},
  pages={21181},
  year={2024},
  publisher={Nature Publishing Group UK London}
}

@article{chen2024physics,
  title={Physics-enhanced Neural Operator for Simulating Turbulent Transport},
  author={Chen, Shengyu and Givi, Peyman and Zheng, Can and Jia, Xiaowei},
  journal={arXiv preprint arXiv:2406.04367},
  year={2024}
}

@article{guan2024lucie,
  title={LUCIE: A Lightweight Uncoupled ClImate Emulator with long-term stability and physical consistency for O (1000)-member ensembles},
  author={Guan, Haiwen and Arcomano, Troy and Chattopadhyay, Ashesh and Maulik, Romit},
  journal={arXiv preprint arXiv:2405.16297},
  year={2024}
}

@article{karniadakis2021physics,
  title={Physics-informed machine learning},
  author={Karniadakis, George Em and Kevrekidis, Ioannis G and Lu, Lu and Perdikaris, Paris and Wang, Sifan and Yang, Liu},
  journal={Nature Reviews Physics},
  volume={3},
  number={6},
  pages={422--440},
  year={2021},
  publisher={Nature Publishing Group}
}

@article{kochkov2023neural,
  title={Neural general circulation models},
  author={Kochkov, Dmitrii and Yuval, Janni and Langmore, Ian and Norgaard, Peter and Smith, Jamie A and Mooers, Griffin and Lottes, James and Rasp, Stephan and D{\"u}ben, Peter D and Kl{\"o}wer, Milan and others},
  journal={CoRR},
  year={2023}
}

@article{lai2024machine,
  title={Machine learning for climate physics and simulations},
  author={Lai, Ching-Yao and Hassanzadeh, Pedram and Sheshadri, Aditi and Sonnewald, Maike and Ferrari, Raffaele and Balaji, Venkatramani},
  journal={Annual Review of Condensed Matter Physics},
  volume={16},
  year={2024},
  publisher={Annual Reviews}
}

@inproceedings{lippe2023modeling,
  title={Modeling accurate long rollouts with temporal neural PDE solvers},
  author={Lippe, Phillip and Veeling, Bastiaan S and Perdikaris, Paris and Turner, Richard E and Brandstetter, Johannes},
  booktitle={ICML Workshop on New Frontiers in Learning, Control, and Dynamical Systems},
  year={2023}
}

@article{liu2020multi,
  title={Multi-scale deep neural network (MscaleDNN) for solving Poisson-Boltzmann equation in complex domains},
  author={Liu, Ziqi and Cai, Wei and Xu, Zhi-Qin John},
  journal={arXiv preprint arXiv:2007.11207},
  year={2020}
}

@article{liu2024mitigating,
  title={Mitigating spectral bias for the multiscale operator learning},
  author={Liu, Xinliang and Xu, Bo and Cao, Shuhao and Zhang, Lei},
  journal={Journal of Computational Physics},
  volume={506},
  pages={112944},
  year={2024},
  publisher={Elsevier}
}

@article{oommen2024integrating,
  title={Integrating Neural Operators with Diffusion Models Improves Spectral Representation in Turbulence Modeling},
  author={Oommen, Vivek and Bora, Aniruddha and Zhang, Zhen and Karniadakis, George Em},
  journal={arXiv preprint arXiv:2409.08477},
  year={2024}
}

@article{shankar2023differentiable,
  title={Differentiable physics-enabled closure modeling for Burgersâ€™ turbulence},
  author={Shankar, Varun and Puri, Vedant and Balakrishnan, Ramesh and Maulik, Romit and Viswanathan, Venkatasubramanian},
  journal={Machine Learning: Science and Technology},
  volume={4},
  number={1},
  pages={015017},
  year={2023},
  publisher={IOP Publishing}
}

@article{wang2020multi,
  title={Multi-scale deep neural network (MscaleDNN) methods for oscillatory stokes flows in complex domains},
  author={Wang, Bo and Zhang, Wenzhong and Cai, Wei},
  journal={arXiv preprint arXiv:2009.12729},
  year={2020}
}

@article{zhang2024blending,
  title={Blending neural operators and relaxation methods in PDE numerical solvers},
  author={Zhang, Enrui and Kahana, Adar and Kopani{\v{c}}{\'a}kov{\'a}, Alena and Turkel, Eli and Ranade, Rishikesh and Pathak, Jay and Karniadakis, George Em},
  journal={Nature Machine Intelligence},
  pages={1--11},
  year={2024},
  publisher={Nature Publishing Group UK London}
}

