@article{chakraborty2024divide,
  title={Divide And Conquer: Learning Chaotic Dynamical Systems With Multistep Penalty Neural Ordinary Differential Equations},
  author={Chakraborty, Dibyajyoti and Chung, Seung Whan and Maulik, Romit},
  journal={arXiv preprint arXiv:2407.00568},
  year={2024}
}

@article{barwey2023multiscale,
  title={Multiscale graph neural network autoencoders for interpretable scientific machine learning},
  author={Barwey, Shivam and Shankar, Varun and Viswanathan, Venkatasubramanian and Maulik, Romit},
  journal={Journal of Computational Physics},
  volume={495},
  pages={112537},
  year={2023},
  publisher={Elsevier}
}

@article{chattopadhyay2023long,
  title={Long-term instabilities of deep learning-based digital twins of the climate system: The cause and a solution},
  author={Chattopadhyay, Ashesh and Hassanzadeh, Pedram},
  journal={arXiv preprint arXiv:2304.07029},
  year={2023}
}

@article{li2024surrogate,
  title={Surrogate model of turbulent transport in fusion plasmas using machine learning},
  author={Li, H and Wang, L and Fu, YL and Wang, ZX and Wang, TB and Li, JQ},
  journal={Nuclear Fusion},
  volume={65},
  number={1},
  pages={016015},
  year={2024},
  publisher={IOP Publishing}
}

@article{burby2020fast,
  title={Fast neural Poincar{\'e} maps for toroidal magnetic fields},
  author={Burby, Joshua William and Tang, Qi and Maulik, R},
  journal={Plasma Physics and Controlled Fusion},
  volume={63},
  number={2},
  pages={024001},
  year={2020},
  publisher={IOP Publishing}
}

@article{wang2019review,
  title={A review of deep learning for renewable energy forecasting},
  author={Wang, Huaizhi and Lei, Zhenxing and Zhang, Xian and Zhou, Bin and Peng, Jianchun},
  journal={Energy Conversion and Management},
  volume={198},
  pages={111799},
  year={2019},
  publisher={Elsevier}
}

@article{sun2019short,
  title={Short-term solar power forecast with deep learning: Exploring optimal input and output configuration},
  author={Sun, Yuchi and Venugopal, Vignesh and Brandt, Adam R},
  journal={Solar Energy},
  volume={188},
  pages={730--741},
  year={2019},
  publisher={Elsevier}
}

@inproceedings{mehta2021neural,
  title={Neural dynamical systems: Balancing structure and flexibility in physical prediction},
  author={Mehta, Viraj and Char, Ian and Neiswanger, Willie and Chung, Youngseog and Nelson, Andrew and Boyer, Mark and Kolemen, Egemen and Schneider, Jeff},
  booktitle={2021 60th IEEE Conference on Decision and Control (CDC)},
  pages={3735--3742},
  year={2021},
  organization={IEEE}
}

@article{chung2022optimization,
  title={An optimization method for chaotic turbulent flow},
  author={Chung, Seung Whan and Freund, Jonathan B},
  journal={Journal of Computational Physics},
  volume={457},
  pages={111077},
  year={2022},
  publisher={Elsevier}
}

@article{kashinath2021physics,
  title={Physics-informed machine learning: case studies for weather and climate modelling},
  author={Kashinath, Karthik and Mustafa, M and Albert, Adrian and Wu, JL and Jiang, C and Esmaeilzadeh, Soheil and Azizzadenesheli, Kamyar and Wang, R and Chattopadhyay, Ashesh and Singh, A and others},
  journal={Philosophical Transactions of the Royal Society A},
  volume={379},
  number={2194},
  pages={20200093},
  year={2021},
  publisher={The Royal Society Publishing}
}
@inproceedings{richards2018lyapunov,
  title={The lyapunov neural network: Adaptive stability certification for safe learning of dynamical systems},
  author={Richards, Spencer M and Berkenkamp, Felix and Krause, Andreas},
  booktitle={Conference on Robot Learning},
  pages={466--476},
  year={2018},
  organization={PMLR}
}
@article{raissi2019physics,
  title={Physics-informed neural networks: A deep learning framework for solving forward and inverse problems involving nonlinear partial differential equations},
  author={Raissi, Maziar and Perdikaris, Paris and Karniadakis, George E},
  journal={Journal of Computational physics},
  volume={378},
  pages={686--707},
  year={2019},
  publisher={Elsevier}
}
@article{li2021markov,
  title={Markov neural operators for learning chaotic systems},
  author={Li, Zongyi and Kovachki, Nikola and Azizzadenesheli, Kamyar and Liu, Burigede and Bhattacharya, Kaushik and Stuart, Andrew and Anandkumar, Anima},
  journal={arXiv preprint arXiv:2106.06898},
  pages={2--3},
  year={2021}
}
@article{li2020fourier,
  title={Fourier neural operator for parametric partial differential equations},
  author={Li, Zongyi and Kovachki, Nikola and Azizzadenesheli, Kamyar and Liu, Burigede and Bhattacharya, Kaushik and Stuart, Andrew and Anandkumar, Anima},
  journal={arXiv preprint arXiv:2010.08895},
  year={2020}
}
@inproceedings{ronneberger2015u,
  title={U-net: Convolutional networks for biomedical image segmentation},
  author={Ronneberger, Olaf and Fischer, Philipp and Brox, Thomas},
  booktitle={Medical image computing and computer-assisted intervention--MICCAI 2015: 18th international conference, Munich, Germany, October 5-9, 2015, proceedings, part III 18},
  pages={234--241},
  year={2015},
  organization={Springer}
}
@article{chattopadhyay2024oceannet,
  title={OceanNet: A principled neural operator-based digital twin for regional oceans},
  author={Chattopadhyay, Ashesh and Gray, Michael and Wu, Tianning and Lowe, Anna B and He, Ruoying},
  journal={Scientific Reports},
  volume={14},
  number={1},
  pages={21181},
  year={2024},
  publisher={Nature Publishing Group UK London}
}
@article{chung2020regular,
  title={Regular sensitivity computation avoiding chaotic effects in particle-in-cell plasma methods},
  author={Chung, Seung Whan and Bond, Stephen D and Cyr, Eric C and Freund, Jonathan B},
  journal={Journal of Computational Physics},
  volume={400},
  pages={108969},
  year={2020},
  publisher={Elsevier}
}

@article{craske2019adjoint,
  title={Adjoint sensitivity analysis of chaotic systems using cumulant truncation},
  author={Craske, John},
  journal={Chaos, Solitons \& Fractals},
  volume={119},
  pages={243--254},
  year={2019},
  publisher={Elsevier}
}

@article{thuburn2005climate,
  title={Climate sensitivities via a Fokker--Planck adjoint approach},
  author={Thuburn, John},
  journal={Quarterly Journal of the Royal Meteorological Society: A journal of the atmospheric sciences, applied meteorology and physical oceanography},
  volume={131},
  number={605},
  pages={73--92},
  year={2005},
  publisher={Wiley Online Library}
}

@article{eyink2004ruelle,
  title={Ruelle's linear response formula, ensemble adjoint schemes and L{\'e}vy flights},
  author={Eyink, Gregory L and Haine, Tom WN and Lea, Daniel J},
  journal={Nonlinearity},
  volume={17},
  number={5},
  pages={1867},
  year={2004},
  publisher={IOP Publishing}
}

@article{pathak2022fourcastnet,
  title={{Fourcastnet: A global data-driven high-resolution weather model using adaptive Fourier neural operators}},
  author={Pathak, Jaideep and Subramanian, Shashank and Harrington, Peter and Raja, Sanjeev and Chattopadhyay, Ashesh and Mardani, Morteza and Kurth, Thorsten and Hall, David and Li, Zongyi and Azizzadenesheli, Kamyar and others},
  journal={arXiv preprint arXiv:2202.11214},
  year={2022}
}

@article{bi2023accurate,
  title={Accurate medium-range global weather forecasting with 3D neural networks},
  author={Bi, Kaifeng and Xie, Lingxi and Zhang, Hengheng and Chen, Xin and Gu, Xiaotao and Tian, Qi},
  journal={Nature},
  volume={619},
  number={7970},
  pages={533--538},
  year={2023},
  publisher={Nature Publishing Group UK London}
}

@article{lea2002sensitivity,
  title={Sensitivity analysis of the climate of a chaotic ocean circulation model},
  author={Lea, Daniel J and Haine, Thomas WN and Allen, Myles R and Hansen, James A},
  journal={Quarterly Journal of the Royal Meteorological Society: A journal of the atmospheric sciences, applied meteorology and physical oceanography},
  volume={128},
  number={586},
  pages={2587--2605},
  year={2002},
  publisher={Wiley Online Library}
}


@article{ghadami2022data,
  title={Data-driven prediction in dynamical systems: recent developments},
  author={Ghadami, Amin and Epureanu, Bogdan I},
  journal={Philosophical Transactions of the Royal Society A},
  volume={380},
  number={2229},
  pages={20210213},
  year={2022},
  publisher={The Royal Society}
}

@article{shankar2023differentiable,
  title={Differentiable physics-enabled closure modeling for Burgersâ€™ turbulence},
  author={Shankar, Varun and Puri, Vedant and Balakrishnan, Ramesh and Maulik, Romit and Viswanathan, Venkatasubramanian},
  journal={Machine Learning: Science and Technology},
  volume={4},
  number={1},
  pages={015017},
  year={2023},
  publisher={IOP Publishing}
}

@article{lam2022graphcast,
  title={GraphCast: Learning skillful medium-range global weather forecasting},
  author={Lam, Remi and Sanchez-Gonzalez, Alvaro and Willson, Matthew and Wirnsberger, Peter and Fortunato, Meire and Pritzel, Alexander and Ravuri, Suman and Ewalds, Timo and Alet, Ferran and Eaton-Rosen, Zach and others},
  journal={arXiv preprint arXiv:2212.12794},
  year={2022}
}

@article{zhu2023integrated,
  title={Integrated deep learning framework for unstable event identification and disruption prediction of tokamak plasmas},
  author={Zhu, JX and Rea, C and Granetz, RS and Marmar, ES and Sweeney, R and Montes, K and Tinguely, RA},
  journal={Nuclear Fusion},
  volume={63},
  number={4},
  pages={046009},
  year={2023},
  publisher={IOP Publishing}
}

@article{yang2023neural,
  title={Neural network stochastic differential equation models with applications to financial data forecasting},
  author={Yang, Luxuan and Gao, Ting and Lu, Yubin and Duan, Jinqiao and Liu, Tao},
  journal={Applied Mathematical Modelling},
  volume={115},
  pages={279--299},
  year={2023},
  publisher={Elsevier}
}
@article{lassila2014model,
  title={Model order reduction in fluid dynamics: challenges and perspectives},
  author={Lassila, Toni and Manzoni, Andrea and Quarteroni, Alfio and Rozza, Gianluigi},
  journal={Reduced Order Methods for modeling and computational reduction},
  pages={235--273},
  year={2014},
  publisher={Springer}
}


@article{chen2018neural,
  title={Neural ordinary differential equations},
  author={Chen, Ricky TQ and Rubanova, Yulia and Bettencourt, Jesse and Duvenaud, David K},
  journal={Advances in neural information processing systems},
  volume={31},
  year={2018}
}
@inproceedings{he2016deep,
  title={Deep residual learning for image recognition},
  author={He, Kaiming and Zhang, Xiangyu and Ren, Shaoqing and Sun, Jian},
  booktitle={Proceedings of the IEEE conference on computer vision and pattern recognition},
  pages={770--778},
  year={2016}
}
@article{alexander1990solving,
  title={Solving ordinary differential equations i: Nonstiff problems (e. hairer, sp norsett, and g. wanner)},
  author={Alexander, Roger},
  journal={Siam Review},
  volume={32},
  number={3},
  pages={485},
  year={1990},
  publisher={Society for Industrial and Applied Mathematics}
}
@article{cho2014learning,
  title={Learning phrase representations using RNN encoder-decoder for statistical machine translation},
  author={Cho, Kyunghyun and Van Merri{\"e}nboer, Bart and Gulcehre, Caglar and Bahdanau, Dzmitry and Bougares, Fethi and Schwenk, Holger and Bengio, Yoshua},
  journal={arXiv preprint arXiv:1406.1078},
  year={2014}
}
@article{hochreiter1997long,
  title={Long short-term memory [J]},
  author={Hochreiter, Sepp and Schmidhuber, J{\"u}rgen and others},
  journal={Neural computation},
  volume={9},
  number={8},
  pages={1735--1780},
  year={1997}
}
@article{kim2021stiff,
  title={Stiff neural ordinary differential equations},
  author={Kim, Suyong and Ji, Weiqi and Deng, Sili and Ma, Yingbo and Rackauckas, Christopher},
  journal={Chaos: An Interdisciplinary Journal of Nonlinear Science},
  volume={31},
  number={9},
  year={2021},
  publisher={AIP Publishing}
}
@article{dupont2019augmented,
  title={Augmented neural odes},
  author={Dupont, Emilien and Doucet, Arnaud and Teh, Yee Whye},
  journal={Advances in neural information processing systems},
  volume={32},
  year={2019}
}
@article{boltyanskiy1962mathematical,
  title={Mathematical theory of optimal processes},
  author={Boltyanskiy, VG and Gamkrelidze, Revaz V and Mishchenko, YEF and Pontryagin, LS},
  year={1962}
}
@article{lecun1998mnist,
  title={The MNIST database of handwritten digits},
  author={LeCun, Yann},
  journal={http://yann. lecun. com/exdb/mnist/},
  year={1998}
}
@article{rico1992discrete,
  title={Discrete-vs. continuous-time nonlinear signal processing of Cu electrodissolution data},
  author={Rico-Martinez, Ramiro and Krischer, K and Kevrekidis, IG and Kube, MC and Hudson, JL},
  journal={Chemical Engineering Communications},
  volume={118},
  number={1},
  pages={25--48},
  year={1992},
  publisher={Taylor \& Francis}
}
@inproceedings{chu1991neural,
  title={A neural network approach for identification of continuous-time nonlinear dynamic systems},
  author={Chu, S Reynold and Shoureshi, Rahmat},
  booktitle={1991 American Control Conference},
  pages={1--5},
  year={1991},
  organization={IEEE}
}
@inproceedings{rico1994continuous,
  title={Continuous-time nonlinear signal processing: a neural network based approach for gray box identification},
  author={Rico-Martinez, R and Anderson, JS and Kevrekidis, IG},
  booktitle={Proceedings of IEEE Workshop on Neural Networks for Signal Processing},
  pages={596--605},
  year={1994},
  organization={IEEE}
}
@inproceedings{rico1993continuous,
  title={Continuous time modeling of nonlinear systems: A neural network-based approach},
  author={Rico-Martinez, Ramiro and Kevrekidis, Ioannis G},
  booktitle={IEEE International Conference on Neural Networks},
  pages={1522--1525},
  year={1993},
  organization={IEEE}
}
@article{maulik2020time,
  title={Time-series learning of latent-space dynamics for reduced-order model closure},
  author={Maulik, Romit and Mohan, Arvind and Lusch, Bethany and Madireddy, Sandeep and Balaprakash, Prasanna and Livescu, Daniel},
  journal={Physica D: Nonlinear Phenomena},
  volume={405},
  pages={132368},
  year={2020},
  publisher={Elsevier}
}
@article{portwood2019turbulence,
  title={Turbulence forecasting via neural ode},
  author={Portwood, Gavin D and Mitra, Peetak P and Ribeiro, Mateus Dias and Nguyen, Tan Minh and Nadiga, Balasubramanya T and Saenz, Juan A and Chertkov, Michael and Garg, Animesh and Anandkumar, Anima and Dengel, Andreas and others},
  journal={arXiv preprint arXiv:1911.05180},
  year={2019}
}
@article{rojas2021reduced,
  title={Reduced-order model for fluid flows via neural ordinary differential equations},
  author={Rojas, Carlos JG and Dengel, Andreas and Ribeiro, Mateus Dias},
  journal={arXiv preprint arXiv:2102.02248},
  year={2021}
}
@article{linot2022data,
  title={Data-driven reduced-order modeling of spatiotemporal chaos with neural ordinary differential equations},
  author={Linot, Alec J and Graham, Michael D},
  journal={Chaos: An Interdisciplinary Journal of Nonlinear Science},
  volume={32},
  number={7},
  year={2022},
  publisher={AIP Publishing}
}
@article{gelbrecht2021neural,
  title={Neural partial differential equations for chaotic systems},
  author={Gelbrecht, Maximilian and Boers, Niklas and Kurths, J{\"u}rgen},
  journal={New Journal of Physics},
  volume={23},
  number={4},
  pages={043005},
  year={2021},
  publisher={IOP Publishing}
}
@article{bills2020universal,
  title={Universal battery performance and degradation model for electric aircraft},
  author={Bills, Alexander and Sripad, Shashank and Fredericks, William L and Guttenberg, Matthew and Charles, Devin and Frank, Evan and Viswanathan, Venkatasubramanian},
  journal={arXiv preprint arXiv:2008.01527},
  year={2020}
}
@article{owoyele2020chemnode,
  title={Chemnode: A neural ordinary differential equations approach for chemical kinetics solvers},
  author={Owoyele, Opeoluwa and Pal, Pinaki},
  journal={arXiv preprint arXiv:2101.04749},
  year={2020}
}
@article{ghosh2020steer,
  title={Steer: Simple temporal regularization for neural ode},
  author={Ghosh, Arnab and Behl, Harkirat and Dupont, Emilien and Torr, Philip and Namboodiri, Vinay},
  journal={Advances in Neural Information Processing Systems},
  volume={33},
  pages={14831--14843},
  year={2020}
}

@inproceedings{hwang2021climate,
  title={Climate modeling with neural diffusion equations},
  author={Hwang, Jeehyun and Choi, Jeongwhan and Choi, Hwangyong and Lee, Kookjin and Lee, Dongeun and Park, Noseong},
  booktitle={2021 IEEE International Conference on Data Mining (ICDM)},
  pages={230--239},
  year={2021},
  organization={IEEE}
}
@article{linot2023stabilized,
  title={Stabilized neural ordinary differential equations for long-time forecasting of dynamical systems},
  author={Linot, Alec J and Burby, Joshua W and Tang, Qi and Balaprakash, Prasanna and Graham, Michael D and Maulik, Romit},
  journal={Journal of Computational Physics},
  volume={474},
  pages={111838},
  year={2023},
  publisher={Elsevier}
}
@article{norcliffe2020second,
  title={On second order behaviour in augmented neural odes},
  author={Norcliffe, Alexander and Bodnar, Cristian and Day, Ben and Simidjievski, Nikola and Li{\`o}, Pietro},
  journal={Advances in neural information processing systems},
  volume={33},
  pages={5911--5921},
  year={2020}
}
@article{yildiz2019ode2vae,
  title={ODE2VAE: Deep generative second order ODEs with Bayesian neural networks},
  author={Yildiz, Cagatay and Heinonen, Markus and Lahdesmaki, Harri},
  journal={Advances in Neural Information Processing Systems},
  volume={32},
  year={2019}
}
@article{zhang2019anodev2,
  title={ANODEV2: A coupled neural ODE framework},
  author={Zhang, Tianjun and Yao, Zhewei and Gholami, Amir and Gonzalez, Joseph E and Keutzer, Kurt and Mahoney, Michael W and Biros, George},
  journal={Advances in Neural Information Processing Systems},
  volume={32},
  year={2019}
}
@article{poli2019graph,
  title={Graph neural ordinary differential equations},
  author={Poli, Michael and Massaroli, Stefano and Park, Junyoung and Yamashita, Atsushi and Asama, Hajime and Park, Jinkyoo},
  journal={arXiv preprint arXiv:1911.07532},
  year={2019}
}
@article{liu2019neural,
  title={Neural sde: Stabilizing neural ode networks with stochastic noise},
  author={Liu, Xuanqing and Xiao, Tesi and Si, Si and Cao, Qin and Kumar, Sanjiv and Hsieh, Cho-Jui},
  journal={arXiv preprint arXiv:1906.02355},
  year={2019}
}
@article{tzen2019neural,
  title={Neural stochastic differential equations: Deep latent gaussian models in the diffusion limit},
  author={Tzen, Belinda and Raginsky, Maxim},
  journal={arXiv preprint arXiv:1905.09883},
  year={2019}
}
@article{massaroli2020dissecting,
  title={Dissecting neural odes},
  author={Massaroli, Stefano and Poli, Michael and Park, Jinkyoo and Yamashita, Atsushi and Asama, Hajime},
  journal={Advances in Neural Information Processing Systems},
  volume={33},
  pages={3952--3963},
  year={2020}
}

@article{izmailov2018averaging,
  title={Averaging weights leads to wider optima and better generalization},
  author={Izmailov, Pavel and Podoprikhin, Dmitrii and Garipov, Timur and Vetrov, Dmitry and Wilson, Andrew Gordon},
  journal={arXiv preprint arXiv:1803.05407},
  year={2018}
}


@inproceedings{chang2023anode,
  title={ANODE-GAN: Incomplete Time Series Imputation by Augmented Neural ODE-Based Generative Adversarial Networks},
  author={Chang, Zhuoqing and Liu, Shubo and Cai, Zhaohui and Tu, Guoqing},
  booktitle={International Conference on Artificial Neural Networks},
  pages={16--27},
  year={2023},
  organization={Springer}
}
@inproceedings{dang2023constrained,
  title={Constrained Dynamical Neural ODE for Time Series Modelling: A Case Study on Continuous Emotion Prediction},
  author={Dang, Ting and Dimitriadis, Antoni and Wu, Jingyao and Sethu, Vidhyasaharan and Ambikairajah, Eliathamby},
  booktitle={ICASSP 2023-2023 IEEE International Conference on Acoustics, Speech and Signal Processing (ICASSP)},
  pages={1--5},
  year={2023},
  organization={IEEE}
}
@inproceedings{luo2023graph,
  title={Graph sequential neural ode process for link prediction on dynamic and sparse graphs},
  author={Luo, Linhao and Haffari, Gholamreza and Pan, Shirui},
  booktitle={Proceedings of the Sixteenth ACM International Conference on Web Search and Data Mining},
  pages={778--786},
  year={2023}
}
@article{carrara2022improving,
  title={Improving the adversarial robustness of neural ode image classifiers by tuning the tolerance parameter},
  author={Carrara, Fabio and Caldelli, Roberto and Falchi, Fabrizio and Amato, Giuseppe},
  journal={Information},
  volume={13},
  number={12},
  pages={555},
  year={2022},
  publisher={MDPI}
}
@article{chinesta2011short,
  title={A short review on model order reduction based on proper generalized decomposition},
  author={Chinesta, Francisco and Ladeveze, Pierre and Cueto, Elias},
  journal={Archives of Computational Methods in Engineering},
  volume={18},
  number={4},
  pages={395--404},
  year={2011},
  publisher={Springer}
}
@article{chung2022optimization,
  title={An optimization method for chaotic turbulent flow},
  author={Chung, Seung Whan and Freund, Jonathan B},
  journal={Journal of Computational Physics},
  volume={457},
  pages={111077},
  year={2022},
  publisher={Elsevier}
}

@inproceedings{kolmogorov1962probability,
  title={A probability problem of optimal control},
  author={Kolmogorov, Andrei Nikolaevich and Mishchenko, Evgenii Frolovich and Pontryagin, Lev Semenovich},
  booktitle={Dokl. Akad. Nauk SSSR},
  volume={145},
  number={5},
  pages={993--995},
  year={1962}
}
@book{powell1994direct,
  title={A direct search optimization method that models the objective and constraint functions by linear interpolation},
  author={Powell, Michael JD},
  year={1994},
  publisher={Springer}
}

@article{ni2017sensitivity,
  title={Sensitivity analysis on chaotic dynamical systems by Non-Intrusive Least Squares Shadowing (NILSS)},
  author={Ni, Angxiu and Wang, Qiqi},
  journal={Journal of Computational Physics},
  volume={347},
  pages={56--77},
  year={2017},
  publisher={Elsevier}
}
@inproceedings{chandramoorthy2017analysis,
  title={An analysis of the ensemble adjoint approach to sensitivity analysis in chaotic systems},
  author={Chandramoorthy, Nisha and Fernandez, Pablo and Talnikar, Chaitanya and Wang, Qiqi},
  booktitle={23rd AIAA Computational Fluid Dynamics Conference},
  pages={3799},
  year={2017}
}
@phdthesis{blonigan2013new,
  title={New methods for sensitivity analysis of chaotic dynamical systems},
  author={Blonigan, Patrick Joseph},
  year={2013},
  school={Massachusetts Institute of Technology}
}
@article{ni2023fast,
  title={Fast adjoint algorithm for linear responses of hyperbolic chaos},
  author={Ni, Angxiu},
  journal={SIAM Journal on Applied Dynamical Systems},
  volume={22},
  number={4},
  pages={2792--2824},
  year={2023},
  publisher={SIAM}
}

@article{ni2019adjoint,
  title={Adjoint sensitivity analysis on chaotic dynamical systems by Non-Intrusive Least Squares Adjoint Shadowing (NILSAS)},
  author={Ni, Angxiu and Talnikar, Chaitanya},
  journal={Journal of Computational Physics},
  volume={395},
  pages={690--709},
  year={2019},
  publisher={Elsevier}
}
@phdthesis{chung2021regular,
  title={Regular sensitivity calculation and gradient-based optimization of chaotic dynamical systems},
  author={Chung, Seung Whan},
  year={2021}
}
@software{jax2018github,
  author = {James Bradbury and Roy Frostig and Peter Hawkins and Matthew James Johnson and Chris Leary and Dougal Maclaurin and George Necula and Adam Paszke and Jake Vander{P}las and Skye Wanderman-{M}ilne and Qiao Zhang},
  title = {{JAX}: composable transformations of {P}ython+{N}um{P}y programs},
  url = {http://github.com/google/jax},
  version = {0.3.13},
  year = {2018},
}
@article{lea2000sensitivity,
  title={Sensitivity analysis of the climate of a chaotic system},
  author={Lea, Daniel J and Allen, Myles R and Haine, Thomas WN},
  journal={Tellus A: Dynamic Meteorology and Oceanography},
  volume={52},
  number={5},
  pages={523--532},
  year={2000},
  publisher={Taylor \& Francis}
}
@article{wang2014least,
  title={Least squares shadowing sensitivity analysis of chaotic limit cycle oscillations},
  author={Wang, Qiqi and Hu, Rui and Blonigan, Patrick},
  journal={Journal of Computational Physics},
  volume={267},
  pages={210--224},
  year={2014},
  publisher={Elsevier}
}
@book{katok1995introduction,
  title={Introduction to the modern theory of dynamical systems},
  author={Katok, Anatole and Katok, AB and Hasselblatt, Boris},
  number={54},
  year={1995},
  publisher={Cambridge university press}
}
@phdthesis{blonigan2016least,
  title={Least squares shadowing for sensitivity analysis of large chaotic systems and fluid flows},
  author={Blonigan, Patrick Joseph},
  year={2016},
  school={Massachusetts Institute of Technology}
}
@article{hyman1986order,
  title={Order and complexity in the Kuramoto-Sivashinsky model of weakly turbulent interfaces},
  author={Hyman, James M and Nicolaenko, Basil and Zaleski, St{\'e}phane},
  journal={Physica D: Nonlinear Phenomena},
  volume={23},
  number={1-3},
  pages={265--292},
  year={1986},
  publisher={Elsevier}
}
@article{foias1986inertial,
  title={Inertial manifolds for the Kuramoto-Sivashinsky equation and an estimate of their lowest dimension},
  author={Foias, C and Nicolaenko, B and Sell, George R and Temam, R},
  year={1986}
}
@article{blonigan2018least,
  title={Least-squares shadowing sensitivity analysis of chaotic flow around a two-dimensional airfoil},
  author={Blonigan, Patrick J and Wang, Qiqi and Nielsen, Eric J and Diskin, Boris},
  journal={AIAA Journal},
  volume={56},
  number={2},
  pages={658--672},
  year={2018},
  publisher={American Institute of Aeronautics and Astronautics}
}
@inproceedings{blonigan2014least,
  title={Least squares shadowing for sensitivity analysis of turbulent fluid flows},
  author={Blonigan, Patrick J and Gomez, Steven A and Wang, Qiqi},
  booktitle={52nd Aerospace Sciences Meeting},
  pages={1426},
  year={2014}
}
@article{bengio1994learning,
  title={Learning long-term dependencies with gradient descent is difficult},
  author={Bengio, Yoshua and Simard, Patrice and Frasconi, Paolo},
  journal={IEEE transactions on neural networks},
  volume={5},
  number={2},
  pages={157--166},
  year={1994},
  publisher={IEEE}
}
@inproceedings{pascanu2013difficulty,
  title={On the difficulty of training recurrent neural networks},
  author={Pascanu, Razvan and Mikolov, Tomas and Bengio, Yoshua},
  booktitle={International conference on machine learning},
  pages={1310--1318},
  year={2013},
  organization={Pmlr}
}
@article{chang2019antisymmetricrnn,
  title={AntisymmetricRNN: A dynamical system view on recurrent neural networks},
  author={Chang, Bo and Chen, Minmin and Haber, Eldad and Chi, Ed H},
  journal={arXiv preprint arXiv:1902.09689},
  year={2019}
}
@article{jing2019gated,
  title={Gated orthogonal recurrent units: On learning to forget},
  author={Jing, Li and Gulcehre, Caglar and Peurifoy, John and Shen, Yichen and Tegmark, Max and Soljacic, Marin and Bengio, Yoshua},
  journal={Neural computation},
  volume={31},
  number={4},
  pages={765--783},
  year={2019},
  publisher={MIT Press One Rogers Street, Cambridge, MA 02142-1209, USA journals-info~â€¦}
}
@article{pathak2018model,
  title={Model-free prediction of large spatiotemporally chaotic systems from data: A reservoir computing approach},
  author={Pathak, Jaideep and Hunt, Brian and Girvan, Michelle and Lu, Zhixin and Ott, Edward},
  journal={Physical review letters},
  volume={120},
  number={2},
  pages={024102},
  year={2018},
  publisher={APS}
}
@article{williams1989learning,
  title={A learning algorithm for continually running fully recurrent neural networks},
  author={Williams, Ronald J and Zipser, David},
  journal={Neural computation},
  volume={1},
  number={2},
  pages={270--280},
  year={1989},
  publisher={MIT Press One Rogers Street, Cambridge, MA 02142-1209, USA journals-info~â€¦}
}
@article{voss2004nonlinear,
  title={Nonlinear dynamical system identification from uncertain and indirect measurements},
  author={Voss, Henning U and Timmer, Jens and Kurths, J{\"u}rgen},
  journal={International Journal of Bifurcation and Chaos},
  volume={14},
  number={06},
  pages={1905--1933},
  year={2004},
  publisher={World Scientific}
}
@article{mikhaeil2022difficulty,
  title={On the difficulty of learning chaotic dynamics with RNNs},
  author={Mikhaeil, Jonas and Monfared, Zahra and Durstewitz, Daniel},
  journal={Advances in Neural Information Processing Systems},
  volume={35},
  pages={11297--11312},
  year={2022}
}
@article{keisler2022forecasting,
  title={Forecasting global weather with graph neural networks},
  author={Keisler, Ryan},
  journal={arXiv preprint arXiv:2202.07575},
  year={2022}
}
@article{schiff2024dyslim,
  title={DySLIM: Dynamics Stable Learning by Invariant Measure for Chaotic Systems},
  author={Schiff, Yair and Wan, Zhong Yi and Parker, Jeffrey B and Hoyer, Stephan and Kuleshov, Volodymyr and Sha, Fei and Zepeda-N{\'u}{\~n}ez, Leonardo},
  journal={arXiv preprint arXiv:2402.04467},
  year={2024}
}
@inproceedings{he2016identity,
  title={Identity mappings in deep residual networks},
  author={He, Kaiming and Zhang, Xiangyu and Ren, Shaoqing and Sun, Jian},
  booktitle={Computer Vision--ECCV 2016: 14th European Conference, Amsterdam, The Netherlands, October 11--14, 2016, Proceedings, Part IV 14},
  pages={630--645},
  year={2016},
  organization={Springer}
}
@article{hanin2018neural,
  title={Which neural net architectures give rise to exploding and vanishing gradients?},
  author={Hanin, Boris},
  journal={Advances in neural information processing systems},
  volume={31},
  year={2018}
}
@article{Kochkov2021-ML-CFD,
  author = {Kochkov, Dmitrii and Smith, Jamie A. and Alieva, Ayya and Wang, Qing and Brenner, Michael P. and Hoyer, Stephan},
  title = {Machine learning{\textendash}accelerated computational fluid dynamics},
  volume = {118},
  number = {21},
  elocation-id = {e2101784118},
  year = {2021},
  doi = {10.1073/pnas.2101784118},
  publisher = {National Academy of Sciences},
  issn = {0027-8424},
  URL = {https://www.pnas.org/content/118/21/e2101784118},
  eprint = {https://www.pnas.org/content/118/21/e2101784118.full.pdf},
  journal = {Proceedings of the National Academy of Sciences}
}
@article{philipp2017exploding,
  title={The exploding gradient problem demystified-definition, prevalence, impact, origin, tradeoffs, and solutions},
  author={Philipp, George and Song, Dawn and Carbonell, Jaime G},
  journal={arXiv preprint arXiv:1712.05577},
  year={2017}
}
@article{sun2020review,
  title={A review of designs and applications of echo state networks},
  author={Sun, Chenxi and Song, Moxian and Hong, Shenda and Li, Hongyan},
  journal={arXiv preprint arXiv:2012.02974},
  year={2020}
}
@article{philipp2018gradients,
  title={Gradients explode-deep networks are shallow-resnet explained},
  author={Philipp, George and Song, Dawn and Carbonell, Jaime G},
  year={2018}
}
@article{ven2021regularization,
  title={Regularization and reparameterization avoid vanishing gradients in sigmoid-type networks},
  author={Ven, Leni and Lederer, Johannes},
  journal={arXiv preprint arXiv:2106.02260},
  year={2021}
}
@article{kidger2020neural,
  title={Neural controlled differential equations for irregular time series},
  author={Kidger, Patrick and Morrill, James and Foster, James and Lyons, Terry},
  journal={Advances in Neural Information Processing Systems},
  volume={33},
  pages={6696--6707},
  year={2020}
}
@article{chandramoorthy2020variational,
  title={Variational optimization and data assimilation in chaotic time-delayed systems with automatic-differentiated shadowing sensitivity},
  author={Chandramoorthy, Nisha and Magri, Luca and Wang, Qiqi},
  journal={arXiv preprint arXiv:2011.08794},
  year={2020}
}
@article{morimoto2022assessments,
  title={Assessments of epistemic uncertainty using Gaussian stochastic weight averaging for fluid-flow regression},
  author={Morimoto, Masaki and Fukami, Kai and Maulik, Romit and Vinuesa, Ricardo and Fukagata, Koji},
  journal={Physica D: Nonlinear Phenomena},
  volume={440},
  pages={133454},
  year={2022},
  publisher={Elsevier}
}
@techreport{van1975nonlinear,
  title={Nonlinear parameter estimation in initial value problems},
  author={Van Domselaar, B and Hemker, Piet W},
  year={1975},
  institution={SIS-76-1121}
}
@article{bock1984multiple,
  title={A multiple shooting algorithm for direct solution of optimal control problems},
  author={Bock, Hans Georg and Plitt, Karl-Josef},
  journal={IFAC Proceedings Volumes},
  volume={17},
  number={2},
  pages={1603--1608},
  year={1984},
  publisher={Elsevier}
}
@article{jordana2021learning,
  title={Learning dynamical systems from noisy sensor measurements using multiple shooting},
  author={Jordana, Armand and Carpentier, Justin and Righetti, Ludovic},
  journal={arXiv preprint arXiv:2106.11712},
  year={2021}
}
@article{djeddi2019fdot,
  title={FDOT: A Fast, memory-efficient and automated approach for Discrete adjoint sensitivity analysis using the Operator overloading Technique},
  author={Djeddi, Reza and Ekici, Kivanc},
  journal={Aerospace Science and Technology},
  volume={91},
  pages={159--174},
  year={2019},
  publisher={Elsevier}
}
@article{iakovlev2022latent,
  title={Latent neural ODEs with sparse bayesian multiple shooting},
  author={Iakovlev, Valerii and Yildiz, Cagatay and Heinonen, Markus and L{\"a}hdesm{\"a}ki, Harri},
  journal={arXiv preprint arXiv:2210.03466},
  year={2022}
}
@inproceedings{lagemann2023invariance,
  title={Invariance-based Learning of Latent Dynamics},
  author={Lagemann, Kai and Lagemann, Christian and Mukherjee, Sach},
  booktitle={The Twelfth International Conference on Learning Representations},
  year={2023}
}
@inproceedings{abrevaya2023effective,
  title={Effective Latent Differential Equation Models via Attention and Multiple Shooting},
  author={Abrevaya, Germ{\'a}n and Ramezanian-Panahi, Mahta and Gagnon-Audet, Jean-Christophe and Polosecki, Pablo and Rish, Irina and Dawson, Silvina Ponce and Cecchi, Guillermo and Dumas, Guillaume},
  booktitle={The Symbiosis of Deep Learning and Differential Equations III},
  year={2023}
}
@article{luo2022stability,
  title={Stability preserving data-driven models with latent dynamics},
  author={Luo, Yushuang and Li, Xiantao and Hao, Wenrui},
  journal={Chaos: An Interdisciplinary Journal of Nonlinear Science},
  volume={32},
  number={8},
  year={2022},
  publisher={AIP Publishing}
}
@article{turan2021multiple,
  title={Multiple shooting for training neural differential equations on time series},
  author={Turan, Evren Mert and J{\"a}schke, Johannes},
  journal={IEEE Control Systems Letters},
  volume={6},
  pages={1897--1902},
  year={2021},
  publisher={IEEE}
}

@inproceedings{rodriguez2022lyanet,
  title={Lyanet: A lyapunov framework for training neural odes},
  author={Rodriguez, Ivan Dario Jimenez and Ames, Aaron and Yue, Yisong},
  booktitle={International Conference on Machine Learning},
  pages={18687--18703},
  year={2022},
  organization={PMLR}
}
@article{zhuang2021mali,
  title={Mali: A memory efficient and reverse accurate integrator for neural odes},
  author={Zhuang, Juntang and Dvornek, Nicha C and Tatikonda, Sekhar and Duncan, James S},
  journal={arXiv preprint arXiv:2102.04668},
  year={2021}
}
@inproceedings{bock1981numerical,
  title={Numerical treatment of inverse problems in chemical reaction kinetics},
  author={Bock, Hans Georg},
  booktitle={Modelling of Chemical Reaction Systems: Proceedings of an International Workshop, Heidelberg, Fed. Rep. of Germany, September 1--5, 1980},
  pages={102--125},
  year={1981},
  organization={Springer}
}
@article{zhang2022memory,
  title={A memory-efficient neural ordinary differential equation framework based on high-level adjoint differentiation},
  author={Zhang, Hong and Zhao, Wenjun},
  journal={IEEE Transactions on Artificial Intelligence},
  year={2022},
  publisher={IEEE}
}
@inproceedings{djeddi2020memory,
  title={Memory Efficient Adjoint Sensitivity Analysis for Aerodynamic Shape Optimization},
  author={Djeddi, Reza and Ekici, Kivanc},
  booktitle={AIAA Scitech 2020 Forum},
  pages={0885},
  year={2020}
}
@article{stachenfeld2021learned,
  title={Learned coarse models for efficient turbulence simulation},
  author={Stachenfeld, Kimberly and Fielding, Drummond B and Kochkov, Dmitrii and Cranmer, Miles and Pfaff, Tobias and Godwin, Jonathan and Cui, Can and Ho, Shirley and Battaglia, Peter and Sanchez-Gonzalez, Alvaro},
  journal={arXiv preprint arXiv:2112.15275},
  year={2021}
}
@article{kochkov2021machine,
  title={Machine learning--accelerated computational fluid dynamics},
  author={Kochkov, Dmitrii and Smith, Jamie A and Alieva, Ayya and Wang, Qing and Brenner, Michael P and Hoyer, Stephan},
  journal={Proceedings of the National Academy of Sciences},
  volume={118},
  number={21},
  pages={e2101784118},
  year={2021},
  publisher={National Acad Sciences}
}
@inproceedings{arjovsky2016unitary,
  title={Unitary evolution recurrent neural networks},
  author={Arjovsky, Martin and Shah, Amar and Bengio, Yoshua},
  booktitle={International conference on machine learning},
  pages={1120--1128},
  year={2016},
  organization={PMLR}
}
@article{lipton2015critical,
  title={A critical review of recurrent neural networks for sequence learning},
  author={Lipton, Zachary C and Berkowitz, John and Elkan, Charles},
  journal={arXiv preprint arXiv:1506.00019},
  year={2015}
}
@article{schmidt2019identifying,
  title={Identifying nonlinear dynamical systems with multiple time scales and long-range dependencies},
  author={Schmidt, Dominik and Koppe, Georgia and Monfared, Zahra and Beutelspacher, Max and Durstewitz, Daniel},
  journal={arXiv preprint arXiv:1910.03471},
  year={2019}
}
@incollection{kopp1962pontryagin,
  title={Pontryagin maximum principle},
  author={Kopp, Richard E},
  booktitle={Mathematics in Science and Engineering},
  volume={5},
  pages={255--279},
  year={1962},
  publisher={Elsevier}
}

@inproceedings{renals1990chaos,
  title={Chaos in neural networks},
  author={Renals, Steve},
  booktitle={European Association for Signal Processing Workshop},
  pages={90--99},
  year={1990},
  organization={Springer}
}
@inproceedings{lorenz1996predictability,
  title={Predictability: A problem partly solved},
  author={Lorenz, Edward N},
  booktitle={Proc. Seminar on predictability},
  volume={1},
  number={1},
  year={1996},
  organization={Reading}
}

@book{bryson2018applied,
  title={Applied optimal control: optimization, estimation and control},
  author={Bryson, Arthur Earl},
  year={2018},
  publisher={Routledge}
}
@article{lorenz1963deterministic,
  title={Deterministic nonperiodic flow},
  author={Lorenz, Edward N},
  journal={Journal of atmospheric sciences},
  volume={20},
  number={2},
  pages={130--141},
  year={1963}
}
@article{guan2024lucie,
  title={LUCIE: A Lightweight Uncoupled ClImate Emulator with long-term stability and physical consistency for O (1000)-member ensembles},
  author={Guan, Haiwen and Arcomano, Troy and Chattopadhyay, Ashesh and Maulik, Romit},
  journal={arXiv preprint arXiv:2405.16297},
  year={2024}
}
@article{tsitouras2011runge,
  title={Runge--Kutta pairs of order 5 (4) satisfying only the first column simplifying assumption},
  author={Tsitouras, Ch},
  journal={Computers \& Mathematics with Applications},
  volume={62},
  number={2},
  pages={770--775},
  year={2011},
  publisher={Elsevier}
}
@article{brandstetter2022message,
  title={Message passing neural PDE solvers},
  author={Brandstetter, Johannes and Worrall, Daniel and Welling, Max},
  journal={arXiv preprint arXiv:2202.03376},
  year={2022}
}
@book{bertsekas2014constrained,
  title={Constrained optimization and Lagrange multiplier methods},
  author={Bertsekas, Dimitri P},
  year={2014},
  publisher={Academic press}
}
@article{Hersbach2020,
   author = {Hersbach, Hans and Bell, Bill and Berrisford, Paul and Hirahara, Shoji and HorÃ¡nyi, AndrÃ¡s and MuÃ±oz-Sabater, JoaquÃ­n and Nicolas, Julien and Peubey, Carole and Radu, Raluca and Schepers, Dinand and Simmons, Adrian and Soci, Cornel and Abdalla, Saleh and Abellan, Xavier and Balsamo, Gianpaolo and Bechtold, Peter and Biavati, Gionata and Bidlot, Jean and Bonavita, Massimo and De Chiara, Giovanna and Dahlgren, Per and Dee, Dick and Diamantakis, Michail and Dragani, Rossana and Flemming, Johannes and Forbes, Richard and Fuentes, Manuel and Geer, Alan and Haimberger, Leo and Healy, Sean and Hogan, Robin J. and HÃ³lm, ElÃ­as and JaniskovÃ¡, Marta and Keeley, Sarah and Laloyaux, Patrick and Lopez, Philippe and Lupu, Cristina and Radnoti, Gabor and de Rosnay, Patricia and Rozum, Iryna and Vamborg, Freja and Villaume, Sebastien and ThÃ©paut, Jean-NoÃ«l},
   title = {The {ERA5} global reanalysis},
   journal = {Quarterly Journal of the Royal Meteorological Society},
   volume = {146},
   number = {730},
   pages = {1999-2049},
   ISSN = {0035-9009},
   DOI = {https://doi.org/10.1002/qj.3803},
   year = {2020},
}

@article{Arcomano_2022,
   author = {Arcomano, Troy and Szunyogh, Istvan and Wikner, Alexander and Pathak, Jaideep and Hunt, Brian R. and Ott, Edward},
   title = {A Hybrid Approach to Atmospheric Modeling That Combines Machine Learning With a Physics-Based Numerical Model},
   journal = {Journal of Advances in Modeling Earth Systems},
   volume = {14},
   number = {3},
   pages = {e2021MS002712},
   DOI = {https://doi.org/10.1029/2021MS002712},
   year = {2022},
}

@article{watt2023ace,
  title={ACE: A fast, skillful learned global atmospheric model for climate prediction},
  author={Watt-Meyer, Oliver and Dresdner, Gideon and McGibbon, Jeremy and Clark, Spencer K and Henn, Brian and Duncan, James and Brenowitz, Noah D and Kashinath, Karthik and Pritchard, Michael S and Bonev, Boris and others},
  journal={arXiv preprint arXiv:2310.02074},
  year={2023}
}

@article{smith2023quantum,
  title={Quantum Neural Networks: A Novel Approach to Machine Learning},
  author={Smith, John and Johnson, Emily},
  journal={Journal of Advanced Artificial Intelligence},
  volume={42},
  number={3},
  pages={298--315},
  year={2023},
  publisher={AI Press}
}

@inproceedings{lee2022deep,
  title={Deep Learning for Climate Change Prediction: A Comprehensive Study},
  author={Lee, Sarah and Wang, Xiao and Patel, Raj},
  booktitle={Proceedings of the International Conference on Environmental Data Science},
  pages={156--170},
  year={2022},
  organization={Global Environmental Society}
}

@book{garcia2021introduction,
  title={Introduction to Neuromorphic Computing},
  author={Garcia, Maria and Brown, Robert},
  year={2021},
  publisher={TechBooks Publishing},
  address={New York},
  isbn={978-1234567890}
}

@inproceedings{rahaman2019spectral,
  title={On the spectral bias of neural networks},
  author={Rahaman, Nasim and Baratin, Aristide and Arpit, Devansh and Draxler, Felix and Lin, Min and Hamprecht, Fred and Bengio, Yoshua and Courville, Aaron},
  booktitle={International conference on machine learning},
  pages={5301--5310},
  year={2019},
  organization={PMLR}
}
@article{karniadakis2021physics,
  title={Physics-informed machine learning},
  author={Karniadakis, George Em and Kevrekidis, Ioannis G and Lu, Lu and Perdikaris, Paris and Wang, Sifan and Yang, Liu},
  journal={Nature Reviews Physics},
  volume={3},
  number={6},
  pages={422--440},
  year={2021},
  publisher={Nature Publishing Group}
}
@article{lai2024machine,
  title={Machine learning for climate physics and simulations},
  author={Lai, Ching-Yao and Hassanzadeh, Pedram and Sheshadri, Aditi and Sonnewald, Maike and Ferrari, Raffaele and Balaji, Venkatramani},
  journal={Annual Review of Condensed Matter Physics},
  volume={16},
  year={2024},
  publisher={Annual Reviews}
}
@article{chen2024physics,
  title={Physics-enhanced Neural Operator for Simulating Turbulent Transport},
  author={Chen, Shengyu and Givi, Peyman and Zheng, Can and Jia, Xiaowei},
  journal={arXiv preprint arXiv:2406.04367},
  year={2024}
}
@article{liu2024mitigating,
  title={Mitigating spectral bias for the multiscale operator learning},
  author={Liu, Xinliang and Xu, Bo and Cao, Shuhao and Zhang, Lei},
  journal={Journal of Computational Physics},
  volume={506},
  pages={112944},
  year={2024},
  publisher={Elsevier}
}
@inproceedings{lippe2023modeling,
  title={Modeling accurate long rollouts with temporal neural PDE solvers},
  author={Lippe, Phillip and Veeling, Bastiaan S and Perdikaris, Paris and Turner, Richard E and Brandstetter, Johannes},
  booktitle={ICML Workshop on New Frontiers in Learning, Control, and Dynamical Systems},
  year={2023}
}
@article{zhang2024blending,
  title={Blending neural operators and relaxation methods in PDE numerical solvers},
  author={Zhang, Enrui and Kahana, Adar and Kopani{\v{c}}{\'a}kov{\'a}, Alena and Turkel, Eli and Ranade, Rishikesh and Pathak, Jay and Karniadakis, George Em},
  journal={Nature Machine Intelligence},
  pages={1--11},
  year={2024},
  publisher={Nature Publishing Group UK London}
}
@article{wang2020multi,
  title={Multi-scale deep neural network (MscaleDNN) methods for oscillatory stokes flows in complex domains},
  author={Wang, Bo and Zhang, Wenzhong and Cai, Wei},
  journal={arXiv preprint arXiv:2009.12729},
  year={2020}
}
@article{liu2020multi,
  title={Multi-scale deep neural network (MscaleDNN) for solving Poisson-Boltzmann equation in complex domains},
  author={Liu, Ziqi and Cai, Wei and Xu, Zhi-Qin John},
  journal={arXiv preprint arXiv:2007.11207},
  year={2020}
}

@article{oommen2024integrating,
  title={Integrating Neural Operators with Diffusion Models Improves Spectral Representation in Turbulence Modeling},
  author={Oommen, Vivek and Bora, Aniruddha and Zhang, Zhen and Karniadakis, George Em},
  journal={arXiv preprint arXiv:2409.08477},
  year={2024}
}

@inproceedings{gao2023implicit,
  title={Implicit diffusion models for continuous super-resolution},
  author={Gao, Sicheng and Liu, Xuhui and Zeng, Bohan and Xu, Sheng and Li, Yanjing and Luo, Xiaoyan and Liu, Jianzhuang and Zhen, Xiantong and Zhang, Baochang},
  booktitle={Proceedings of the IEEE/CVF conference on computer vision and pattern recognition},
  pages={10021--10030},
  year={2023}
}

@article{chattopadhyay2024oceannet,
  title={OceanNet: A principled neural operator-based digital twin for regional oceans},
  author={Chattopadhyay, Ashesh and Gray, Michael and Wu, Tianning and Lowe, Anna B and He, Ruoying},
  journal={Scientific Reports},
  volume={14},
  number={1},
  pages={21181},
  year={2024},
  publisher={Nature Publishing Group UK London}
}
@article{towne2023database,
  title={A database for reduced-complexity modeling of fluid flows},
  author={Towne, Aaron and Dawson, Scott TM and Br{\`e}s, Guillaume A and Lozano-Dur{\'a}n, Adri{\'a}n and Saxton-Fox, Theresa and Parthasarathy, Aadhy and Jones, Anya R and Biler, Hulya and Yeh, Chi-An and Patel, Het D and others},
  journal={AIAA journal},
  volume={61},
  number={7},
  pages={2867--2892},
  year={2023},
  publisher={American Institute of Aeronautics and Astronautics}
}
@article{chakraborty2024improved,
  title={Improved deep learning of chaotic dynamical systems with multistep penalty losses},
  author={Chakraborty, Dibyajyoti and Chung, Seung Whan and Chattopadhyay, Ashesh and Maulik, Romit},
  journal={arXiv preprint arXiv:2410.05572},
  year={2024}
}

@article{tancik2020fourier,
  title={Fourier features let networks learn high frequency functions in low dimensional domains},
  author={Tancik, Matthew and Srinivasan, Pratul and Mildenhall, Ben and Fridovich-Keil, Sara and Raghavan, Nithin and Singhal, Utkarsh and Ramamoorthi, Ravi and Barron, Jonathan and Ng, Ren},
  journal={Advances in neural information processing systems},
  volume={33},
  pages={7537--7547},
  year={2020}
}
@inproceedings{gao2023implicit,
  title={Implicit diffusion models for continuous super-resolution},
  author={Gao, Sicheng and Liu, Xuhui and Zeng, Bohan and Xu, Sheng and Li, Yanjing and Luo, Xiaoyan and Liu, Jianzhuang and Zhen, Xiantong and Zhang, Baochang},
  booktitle={Proceedings of the IEEE/CVF conference on computer vision and pattern recognition},
  pages={10021--10030},
  year={2023}
}
@article{schwarz2021frequency,
  title={On the frequency bias of generative models},
  author={Schwarz, Katja and Liao, Yiyi and Geiger, Andreas},
  journal={Advances in Neural Information Processing Systems},
  volume={34},
  pages={18126--18136},
  year={2021}
}
@inproceedings{liu2023devil,
  title={The devil is in the frequency: Geminated gestalt autoencoder for self-supervised visual pre-training},
  author={Liu, Hao and Jiang, Xinghua and Li, Xin and Guo, Antai and Hu, Yiqing and Jiang, Deqiang and Ren, Bo},
  booktitle={Proceedings of the AAAI Conference on Artificial Intelligence},
  volume={37},
  number={2},
  pages={1649--1656},
  year={2023}
}

@article{bhattamishra2022simplicity,
  title={Simplicity bias in transformers and their ability to learn sparse boolean functions},
  author={Bhattamishra, Satwik and Patel, Arkil and Kanade, Varun and Blunsom, Phil},
  journal={arXiv preprint arXiv:2211.12316},
  year={2022}
}
@inproceedings{lin2023catch,
  title={Catch Missing Details: Image reconstruction with frequency augmented variational autoencoder},
  author={Lin, Xinmiao and Li, Yikang and Hsiao, Jenhao and Ho, Chiuman and Kong, Yu},
  booktitle={Proceedings of the IEEE/CVF Conference on Computer Vision and Pattern Recognition},
  pages={1736--1745},
  year={2023}
}
@inproceedings{chen2021ssd,
  title={SSD-GAN: measuring the realness in the spatial and spectral domains},
  author={Chen, Yuanqi and Li, Ge and Jin, Cece and Liu, Shan and Li, Thomas},
  booktitle={Proceedings of the AAAI Conference on Artificial Intelligence},
  volume={35},
  number={2},
  pages={1105--1112},
  year={2021}
}

@article{liu2024mitigating,
  title={Mitigating spectral bias for the multiscale operator learning},
  author={Liu, Xinliang and Xu, Bo and Cao, Shuhao and Zhang, Lei},
  journal={Journal of Computational Physics},
  volume={506},
  pages={112944},
  year={2024},
  publisher={Elsevier}
}

@article{yu2024tuning,
  title={Tuning Frequency Bias of State Space Models},
  author={Yu, Annan and Lyu, Dongwei and Lim, Soon Hoe and Mahoney, Michael W and Erichson, N Benjamin},
  journal={arXiv preprint arXiv:2410.02035},
  year={2024}
}

@article{luo2023image,
  title={Image super-resolution via latent diffusion: A sampling-space mixture of experts and frequency-augmented decoder approach},
  author={Luo, Feng and Xiang, Jinxi and Zhang, Jun and Han, Xiao and Yang, Wei},
  journal={arXiv preprint arXiv:2310.12004},
  year={2023}
}

@inproceedings{cai2024batch,
  title={Batch Normalization Alleviates the Spectral Bias in Coordinate Networks},
  author={Cai, Zhicheng and Zhu, Hao and Shen, Qiu and Wang, Xinran and Cao, Xun},
  booktitle={Proceedings of the IEEE/CVF Conference on Computer Vision and Pattern Recognition},
  pages={25160--25171},
  year={2024}
}

@article{chai2024overcoming,
  title={Overcoming the Spectral Bias Problem of Physics-Informed Neural Networks in Solving the Frequency-Domain Acoustic Wave Equation},
  author={Chai, Xintao and Cao, Wenjun and Li, Jianhui and Long, Hang and Sun, Xiaodong},
  journal={IEEE Transactions on Geoscience and Remote Sensing},
  year={2024},
  publisher={IEEE}
}

@article{wang2024expressiveness,
  title={On the expressiveness and spectral bias of KANs},
  author={Wang, Yixuan and Siegel, Jonathan W and Liu, Ziming and Hou, Thomas Y},
  journal={arXiv preprint arXiv:2410.01803},
  year={2024}
}

@article{bi2022pangu,
  title={Pangu-weather: A 3d high-resolution model for fast and accurate global weather forecast},
  author={Bi, Kaifeng and Xie, Lingxi and Zhang, Hengheng and Chen, Xin and Gu, Xiaotao and Tian, Qi},
  journal={arXiv preprint arXiv:2211.02556},
  year={2022}
}
@article{lam2022graphcast,
  title={GraphCast: Learning skillful medium-range global weather forecasting},
  author={Lam, Remi and Sanchez-Gonzalez, Alvaro and Willson, Matthew and Wirnsberger, Peter and Fortunato, Meire and Alet, Ferran and Ravuri, Suman and Ewalds, Timo and Eaton-Rosen, Zach and Hu, Weihua and others},
  journal={arXiv preprint arXiv:2212.12794},
  year={2022}
}
@article{pathak2022fourcastnet,
  title={Fourcastnet: A global data-driven high-resolution weather model using adaptive fourier neural operators},
  author={Pathak, Jaideep and Subramanian, Shashank and Harrington, Peter and Raja, Sanjeev and Chattopadhyay, Ashesh and Mardani, Morteza and Kurth, Thorsten and Hall, David and Li, Zongyi and Azizzadenesheli, Kamyar and others},
  journal={arXiv preprint arXiv:2202.11214},
  year={2022}
}
@article{nguyen2023scaling,
  title={Scaling transformer neural networks for skillful and reliable medium-range weather forecasting},
  author={Nguyen, Tung and Shah, Rohan and Bansal, Hritik and Arcomano, Troy and Maulik, Romit and Kotamarthi, Veerabhadra and Foster, Ian and Madireddy, Sandeep and Grover, Aditya},
  journal={arXiv preprint arXiv:2312.03876},
  year={2023}
}
@article{guan2024lucie,
  title={LUCIE: A Lightweight Uncoupled ClImate Emulator with long-term stability and physical consistency for O (1000)-member ensembles},
  author={Guan, Haiwen and Arcomano, Troy and Chattopadhyay, Ashesh and Maulik, Romit},
  journal={arXiv preprint arXiv:2405.16297},
  year={2024}
}
@article{watt2023ace,
  title={ACE: A fast, skillful learned global atmospheric model for climate prediction},
  author={Watt-Meyer, Oliver and Dresdner, Gideon and McGibbon, Jeremy and Clark, Spencer K and Henn, Brian and Duncan, James and Brenowitz, Noah D and Kashinath, Karthik and Pritchard, Michael S and Bonev, Boris and others},
  journal={arXiv preprint arXiv:2310.02074},
  year={2023}
}
@article{ruhling2024dyffusion,
  title={Dyffusion: A dynamics-informed diffusion model for spatiotemporal forecasting},
  author={R{\"u}hling Cachay, Salva and Zhao, Bo and Joren, Hailey and Yu, Rose},
  journal={Advances in Neural Information Processing Systems},
  volume={36},
  year={2024}
}
@article{daniel2018reaction,
  title={Reaction analogy based forcing for incompressible scalar turbulence},
  author={Daniel, Don and Livescu, Daniel and Ryu, Jaiyoung},
  journal={Physical Review Fluids},
  volume={3},
  number={9},
  pages={094602},
  year={2018},
  publisher={APS}
}
@article{mohan2020spatio,
  title={Spatio-temporal deep learning models of 3D turbulence with physics informed diagnostics},
  author={Mohan, Arvind T and Tretiak, Dima and Chertkov, Misha and Livescu, Daniel},
  journal={Journal of Turbulence},
  volume={21},
  number={9-10},
  pages={484--524},
  year={2020},
  publisher={Taylor \& Francis}
}
@article{wang2024bridging,
  title={Bridging Operator Learning and Conditioned Neural Fields: A Unifying Perspective},
  author={Wang, Sifan and Seidman, Jacob H and Sankaran, Shyam and Wang, Hanwen and Pappas, George J and Perdikaris, Paris},
  journal={arXiv preprint arXiv:2405.13998},
  year={2024}
}
@article{li2023fourier,
  title={Fourier neural operator with learned deformations for pdes on general geometries},
  author={Li, Zongyi and Huang, Daniel Zhengyu and Liu, Burigede and Anandkumar, Anima},
  journal={Journal of Machine Learning Research},
  volume={24},
  number={388},
  pages={1--26},
  year={2023}
}
@article{ritchie1997scale,
  title={Scale interactions during the formation of Typhoon Irving},
  author={Ritchie, Elizabeth A and Holland, Greg J},
  journal={Monthly weather review},
  volume={125},
  number={7},
  pages={1377--1396},
  year={1997},
  publisher={American Meteorological Society}
}
@article{bonavita2024some,
  title={On some limitations of current machine learning weather prediction models},
  author={Bonavita, Massimo},
  journal={Geophysical Research Letters},
  volume={51},
  number={12},
  pages={e2023GL107377},
  year={2024},
  publisher={Wiley Online Library}
}
@article{chen1995universal,
  title={Universal approximation to nonlinear operators by neural networks with arbitrary activation functions and its application to dynamical systems},
  author={Chen, Tianping and Chen, Hong},
  journal={IEEE transactions on neural networks},
  volume={6},
  number={4},
  pages={911--917},
  year={1995},
  publisher={IEEE}
}
@article{kochkov2023neural,
  title={Neural general circulation models},
  author={Kochkov, Dmitrii and Yuval, Janni and Langmore, Ian and Norgaard, Peter and Smith, Jamie A and Mooers, Griffin and Lottes, James and Rasp, Stephan and D{\"u}ben, Peter D and Kl{\"o}wer, Milan and others},
  journal={CoRR},
  year={2023}
}
@article{kolmogorov1941local,
  title={The local structure of turbulence in incompressible viscous fluid for very large Reynolds},
  author={Kolmogorov, Andrey Nikolaevich},
  journal={Numbers. In Dokl. Akad. Nauk SSSR},
  volume={30},
  pages={301},
  year={1941}
}
@software{jax2018github,
  author = {James Bradbury and Roy Frostig and Peter Hawkins and Matthew James Johnson and Chris Leary and Dougal Maclaurin and George Necula and Adam Paszke and Jake Vander{P}las and Skye Wanderman-{M}ilne and Qiao Zhang},
  title = {{JAX}: composable transformations of {P}ython+{N}um{P}y programs},
  url = {http://github.com/jax-ml/jax},
  version = {0.3.13},
  year = {2018},
}

@inproceedings{amit2020discount,
  title={Discount factor as a regularizer in reinforcement learning},
  author={Amit, Ron and Meir, Ron and Ciosek, Kamil},
  booktitle={International conference on machine learning},
  pages={269--278},
  year={2020},
  organization={PMLR}
}
@article{kong2022digital,
  title={Digital twins of nonlinear dynamical systems},
  author={Kong, Ling-Wei and Weng, Yang and Glaz, Bryan and Haile, Mulugeta and Lai, Ying-Cheng},
  journal={arXiv preprint arXiv:2210.06144},
  year={2022}
}
@article{sun2024probabilistic,
  title={Probabilistic seasonal forecasts of North Atlantic atmospheric circulation using complex systems modelling and comparison with dynamical models},
  author={Sun, Yiming and Simpson, Ian and Wei, Hua-Liang and Hanna, Edward},
  journal={Meteorological Applications},
  volume={31},
  number={1},
  pages={e2178},
  year={2024},
  publisher={Wiley Online Library}
}
@inproceedings{wang2021bridging,
  title={Bridging physics-based and data-driven modeling for learning dynamical systems},
  author={Wang, Rui and Maddix, Danielle and Faloutsos, Christos and Wang, Yuyang and Yu, Rose},
  booktitle={Learning for dynamics and control},
  pages={385--398},
  year={2021},
  organization={PMLR}
}
@article{harnish2021multiresolution,
  title={A multiresolution adaptive wavelet method for nonlinear partial differential equations},
  author={Harnish, Cale and Dalessandro, Luke and Matous, Karel and Livescu, Daniel},
  journal={International Journal for Multiscale Computational Engineering},
  volume={19},
  number={2},
  year={2021},
  publisher={Begel House Inc.}
}
@article{mcculloch1943logical,
  title={A logical calculus of the ideas immanent in nervous activity},
  author={McCulloch, Warren S and Pitts, Walter},
  journal={The bulletin of mathematical biophysics},
  volume={5},
  pages={115--133},
  year={1943},
  publisher={Springer}
}
@misc{santner2003design,
  title={The Design and analysis of computer experiments},
  author={Santner, TJ},
  year={2003},
  publisher={Springer}
}
@article{cybenko1989approximation,
  title={Approximation by superpositions of a sigmoidal function},
  author={Cybenko, George},
  journal={Mathematics of control, signals and systems},
  volume={2},
  number={4},
  pages={303--314},
  year={1989},
  publisher={Springer}
}
@article{olivetti2024data,
  title={Do data-driven models beat numerical models in forecasting weather extremes? A comparison of IFS HRES, Pangu-Weather, and GraphCast},
  author={Olivetti, Leonardo and Messori, Gabriele},
  journal={Geoscientific Model Development},
  volume={17},
  number={21},
  pages={7915--7962},
  year={2024},
  publisher={Copernicus Publications G{\"o}ttingen, Germany}
}
@article{pasche2025validating,
  title={Validating Deep Learning Weather Forecast Models on Recent High-Impact Extreme Events},
  author={Pasche, Olivier C and Wider, Jonathan and Zhang, Zhongwei and Zscheischler, Jakob and Engelke, Sebastian},
  journal={Artificial Intelligence for the Earth Systems},
  volume={4},
  number={1},
  pages={e240033},
  year={2025},
  publisher={American Meteorological Society}
}
@article{mahesh2024huge,
  title={Huge ensembles part i: Design of ensemble weather forecasts using spherical fourier neural operators},
  author={Mahesh, Ankur and Collins, William and Bonev, Boris and Brenowitz, Noah and Cohen, Yair and Elms, Joshua and Harrington, Peter and Kashinath, Karthik and Kurth, Thorsten and North, Joshua and others},
  journal={arXiv preprint arXiv:2408.03100},
  year={2024}
}
@article{kochkov2023neural,
  title={Neural general circulation models},
  author={Kochkov, Dmitrii and Yuval, Janni and Langmore, Ian and Norgaard, Peter and Smith, Jamie A and Mooers, Griffin and Lottes, James and Rasp, Stephan and D{\"u}ben, Peter D and Kl{\"o}wer, Milan and others},
  journal={CoRR},
  year={2023}
}
@phdthesis{charlton2012time,
  title={Time series analysis},
  author={Charlton, Martin and Caimo, Alberto},
  year={2012},
  school={ESPON| Inspire Policy Making with Territorial Evidence}
}
@inproceedings{frerix2021variational,
  title={Variational data assimilation with a learned inverse observation operator},
  author={Frerix, Thomas and Kochkov, Dmitrii and Smith, Jamie and Cremers, Daniel and Brenner, Michael and Hoyer, Stephan},
  booktitle={International Conference on Machine Learning},
  pages={3449--3458},
  year={2021},
  organization={PMLR}
}
@article{maulik2019subgrid,
  title={Subgrid modelling for two-dimensional turbulence using neural networks},
  author={Maulik, Romit and San, Omer and Rasheed, Adil and Vedula, Prakash},
  journal={Journal of Fluid Mechanics},
  volume={858},
  pages={122--144},
  year={2019},
  publisher={Cambridge University Press}
}
@article{obukhov1983kolmogorov,
  title={Kolmogorov flow and laboratory simulation of it},
  author={Obukhov, AM},
  journal={Russ. Math. Surv},
  volume={38},
  number={4},
  pages={113--126},
  year={1983}
}
@article{wang2024cvit,
  title={Cvit: Continuous vision transformer for op-erator learning},
  author={Wang, Sifan and Seidman, Jacob H and Sankaran, Shyam and Wang, Hanwen and Paris, George J Pappas},
  journal={arXiv preprint arXiv:2405.13998},
  volume={3},
  year={2024}
}
@article{chattopadhyay2024oceannet,
  title={OceanNet: A principled neural operator-based digital twin for regional oceans},
  author={Chattopadhyay, Ashesh and Gray, Michael and Wu, Tianning and Lowe, Anna B and He, Ruoying},
  journal={Scientific Reports},
  volume={14},
  number={1},
  pages={21181},
  year={2024},
  publisher={Nature Publishing Group UK London}
}

@article{chertkov1999lagrangian,
  title={Lagrangian tetrad dynamics and the phenomenology of turbulence},
  author={Chertkov, Michael and Pumir, Alain and Shraiman, Boris I},
  journal={Physics of fluids},
  volume={11},
  number={8},
  pages={2394--2410},
  year={1999},
  publisher={American Institute of Physics}
}

