@InProceedings{10.1007/3-540-46766-1_29,
author="Bennett, Charles H.
and Brassard, Gilles
and Cr{\'e}peau, Claude
and Skubiszewska, Marie-H{\'e}l{\`e}

@misc{lemus2025performancepracticalquantumoblivious,
      title={Performance of Practical Quantum Oblivious Key Distribution}, 
      author={Mariano Lemus and Peter Schiansky and Manuel Goulão and Mathieu Bozzio and David Elkouss and Nikola Paunković and Paulo Mateus and Philip Walther},
      year={2025},
      eprint={2501.03973},
      archivePrefix={arXiv},
      primaryClass={quant-ph},
      url={https://arxiv.org/abs/2501.03973}, 
}

@article{santos_private_2022,
	title = {Private {Computation} of {Phylogenetic} {Trees} {Based} on {Quantum} {Technologies}},
	volume = {10},
	issn = {2169-3536},
	url = {https://ieeexplore.ieee.org/document/9732453},
	doi = {10.1109/ACCESS.2022.3158416},
	urldate = {2024-10-30},
	journal = {IEEE Access},
	author = {Santos, Manuel B. and Gomes, Ana C. and Pinto, Armando N. and Mateus, Paulo},
	year = {2022},
	keywords = {Bioinformatics, Computer security, Cryptography, Genomics, phylogenetic trees, Phylogeny, privacy, Quantum computing, quantum oblivious transfer, quantum secure multiparty computation, security, Vegetation},
	pages = {38065--38088},
}

@article{santos_quantum_2022,
	title = {Quantum oblivious transfer: a short review},
	volume = {24},
	issn = {1099-4300},
	shorttitle = {Quantum oblivious transfer},
	url = {http://arxiv.org/abs/2206.03313},
	doi = {10.3390/e24070945},
	language = {en},
	number = {7},
	urldate = {2024-04-26},
	journal = {Entropy},
	author = {Santos, Manuel B. and Mateus, Paulo and Pinto, Armando N.},
	month = jul,
	year = {2022},
	note = {arXiv:2206.03313 [quant-ph]},
	keywords = {Quantum Physics},
	pages = {945},
}

@inproceedings{scott_quantum_2002,
author = {Aaronson, Scott},
title = {Quantum lower bound for the collision problem},
year = {2002},
isbn = {1581134959},
address = {New York, NY, USA},
url = {https://doi.org/10.1145/509907.509999},
doi = {10.1145/509907.509999},
booktitle = {Proceedings of the Thiry-Fourth Annual ACM Symposium on Theory of Computing},
pages = {635–642},
numpages = {8},
location = {Montreal, Quebec, Canada},
series = {STOC '02}
}

