@inproceedings{Szegedy2014,
  title={Intriguing properties of neural networks},
  author={Christian Szegedy and Wojciech Zaremba and Ilya Sutskever and Joan Bruna and Dumitru Erhan and Ian Goodfellow and Rob Fergus},
  year={2014},
  booktitle={International Conference on Learning Representations (ICLR)}
}

@inproceedings{augustin2020adversarial,
  title={Adversarial robustness on in-and out-distribution improves explainability},
  author={Augustin, Maximilian and Meinke, Alexander and Hein, Matthias},
  booktitle={European Conference on Computer Vision (ECCV)},
  year={2020},
  organization={Springer}
}

@article{azizmalayeri2022your,
  title={Your out-of-distribution detection method is not robust!},
  author={Azizmalayeri, Mohammad and Soltani Moakhar, Arshia and Zarei, Arman and Zohrabi, Reihaneh and Manzuri, Mohammad and Rohban, Mohammad Hossein},
  journal={Advances in Neural Information Processing Systems (NeurIPS)},
  volume={35},
  year={2022}
}

@article{bai2024improving,
  title={Improving the accuracy-robustness trade-off of classifiers via adaptive smoothing},
  author={Bai, Yatong and Anderson, Brendon G and Kim, Aerin and Sojoudi, Somayeh},
  journal={SIAM Journal on Mathematics of Data Science},
  volume={6},
  number={3},
  year={2024}
}

@inproceedings{bendale2016openmax,
  title={Towards open set deep networks},
  author={Bendale, Abhijit and Boult, Terrance E},
  booktitle={Conference on Computer Vision and Pattern Recognition (CVPR)},
  year={2016}
}

@inproceedings{bethune2023robust,
  title={Robust One-Class Classification with Signed Distance Function using 1-Lipschitz Neural Networks},
  author={B{\'e}thune, Louis and Novello, Paul and Coiffier, Guillaume and Boissin, Thibaut and Serrurier, Mathieu and Vincenot, Quentin and Troya-Galvis, Andres},
  booktitle={International Conference on Machine Learning (ICML)},
  year={2023}
}

@article{carmon2019unlabeled,
  title={Unlabeled data improves adversarial robustness},
  author={Carmon, Yair and Raghunathan, Aditi and Schmidt, Ludwig and Duchi, John C and Liang, Percy S},
  journal={Advances in Neural Information Processing Systems (NeurIPS)},
  volume={32},
  year={2019}
}

@inproceedings{chen2021atom,
  author={Chen, Jiefeng and Li, Yixuan and Wu, Xi and Liang, Yingyu and Jha, Somesh},
  title={Atom: Robustifying out-of-distribution detection using outlier mining},
  booktitle={Joint European Conference on Machine Learning and Knowledge Discovery in Databases},
  year={2021},
  organization={Springer}
}

@inproceedings{chen2022robust,
  title={Robust Out-of-distribution Detection for Neural Networks},
  author={Jiefeng Chen and Yixuan Li and Xi Wu and Yingyu Liang and Somesh Jha},
  booktitle={AAAI Workshop on Adversarial Machine Learning and Beyond},
  year={2022}
}

@inproceedings{croce2020reliable,
  title={Reliable evaluation of adversarial robustness with an ensemble of diverse parameter-free attacks},
  author={Francesco Croce and Matthias Hein},
  booktitle={International Conference on Machine Learning (ICML)},
  year={2020}
}

@inproceedings{duvos,
  title={VOS: Learning What You Don't Know by Virtual Outlier Synthesis},
  author={Du, Xuefeng and Wang, Zhaoning and Cai, Mu and Li, Yixuan},
  year={2022},
  booktitle={International Conference on Learning Representations (ICLR)}
}

@inproceedings{goodfellow2015explaining,
  title={Explaining and Harnessing Adversarial Examples},
  author={Ian Goodfellow and Jonathon Shlens and Christian Szegedy},
  year={2015},
  booktitle={International Conference on Learning Representations (ICLR)}
}

@article{gowal2020uncovering,
  title={Uncovering the limits of adversarial training against norm-bounded adversarial examples},
  author={Gowal, Sven and Qin, Chongli and Uesato, Jonathan and Mann, Timothy and Kohli, Pushmeet},
  journal={arXiv preprint arXiv:2010.03593},
  year={2020}
}

@inproceedings{hein2019relu,
  title={Why relu networks yield high-confidence predictions far away from the training data and how to mitigate the problem},
  author={Hein, Matthias and Andriushchenko, Maksym and Bitterwolf, Julian},
  booktitle={Conference on Computer Vision and Pattern Recognition (CVPR)},
  year={2019}
}

@article{hendrycks17baseline,
  author={Dan Hendrycks and Kevin Gimpel},
  title={A Baseline for Detecting Misclassified and Out-of-Distribution Examples in Neural Networks},
  journal={International Conference on Learning Representations (ICLR)},
  year={2017}
}

@inproceedings{hendrycks2018deep,
  title={Deep Anomaly Detection with Outlier Exposure},
  author={Dan Hendrycks and Mantas Mazeika and Thomas Dietterich},
  booktitle={International Conference on Learning Representations (ICLR)},
  year={2019}
}

@inproceedings{kong2021opengan,
  title={{OpenGAN}: Open-set recognition via open data generation},
  author={Kong, Shu and Ramanan, Deva},
  booktitle={International Conference on Computer Vision (ICCV)},
  year={2021}
}

@article{lee2018simple,
  title={A simple unified framework for detecting out-of-distribution samples and adversarial attacks},
  author={Lee, Kimin and Lee, Kibok and Lee, Honglak and Shin, Jinwoo},
  journal={Advances in Neural Information Processing Systems (NeurIPS)},
  volume={31},
  year={2018}
}

@inproceedings{liang2018enhancing,
  title={Enhancing The Reliability of Out-of-distribution Image Detection in Neural Networks},
  author={Shiyu Liang and Yixuan Li and R. Srikant},
  booktitle={International Conference on Learning Representations (ICLR)},
  year={2018}
}

@article{liu2020energy,
  title={Energy-based out-of-distribution detection},
  author={Liu, Weitang and Wang, Xiaoyun and Owens, John and Li, Yixuan},
  journal={Advances in Neural Information Processing Systems (NeurIPS)},
  volume={33},
  year={2020}
}

@inproceedings{liu2023gen,
  title={Gen: Pushing the limits of softmax-based out-of-distribution detection},
  author={Liu, Xixi and Lochman, Yaroslava and Zach, Christopher},
  booktitle={Conference on Computer Vision and Pattern Recognition (CVPR)},
  year={2023}
}

@inproceedings{madry2018towards,
  title={Towards Deep Learning Models Resistant to Adversarial Attacks},
  author={Aleksander Madry and Aleksandar Makelov and Ludwig Schmidt and Dimitris Tsipras and Adrian Vladu},
  booktitle={International Conference on Learning Representations (ICLR)},
  year={2018}
}

@article{meinke2022provably,
  title={Provably adversarially robust detection of out-of-distribution data},
  author={Meinke, Alexander and Bitterwolf, Julian and Hein, Matthias},
  journal={Advances in Neural Information Processing Systems (NeurIPS)},
  volume={35},
  year={2022}
}

@inproceedings{ming2023how,
  title={How to Exploit Hyperspherical Embeddings for Out-of-Distribution Detection?},
  author={Yifei Ming and Yiyou Sun and Ousmane Dia and Yixuan Li},
  booktitle={International Conference on Learning Representations (ICLR)},
  year={2023}
}

@inproceedings{mirzaeirodeo,
  title={{RODEO}: Robust Outlier Detection via Exposing Adaptive Out-of-Distribution Samples},
  author={Mirzaei, Hossein and Jafari, Mohammad and Dehbashi, Hamid Reza and Ansari, Ali and Ghobadi, Sepehr and Hadi, Masoud and Moakhar, Arshia Soltani and Azizmalayeri, Mohammad and Baghshah, Mahdieh Soleymani and Rohban, Mohammad Hossein},
  year={2024},
  booktitle={International Conference on Machine Learning (ICML)}
}

@inproceedings{nguyen2015deep,
  title={Deep neural networks are easily fooled: High confidence predictions for unrecognizable images},
  author={Nguyen, Anh and Yosinski, Jason and Clune, Jeff},
  booktitle={Conference on Computer Vision and Pattern Recognition (CVPR)},
  year={2015}
}

@inproceedings{rade2022reducing,
  title={Reducing Excessive Margin to Achieve a Better Accuracy vs. Robustness Trade-off},
  author={Rahul Rade and Seyed-Mohsen Moosavi-Dezfooli},
  booktitle={International Conference on Learning Representations (ICLR)},
  year={2022}
}

@inproceedings{raghunathan2020understanding,
  title={Understanding and Mitigating the Tradeoff between Robustness and Accuracy},
  author={Raghunathan, Aditi and Xie, Sang Michael and Yang, Fanny and Duchi, John and Liang, Percy},
  booktitle={International Conference on Machine Learning (ICML)},
  year={2020}
}

@article{ren2021simple,
  title={A simple fix to mahalanobis distance for improving near-ood detection},
  author={Ren, Jie and Fort, Stanislav and Liu, Jeremiah and Roy, Abhijit Guha and Padhy, Shreyas and Lakshminarayanan, Balaji},
  journal={arXiv preprint arXiv:2106.09022},
  year={2021}
}

@article{shao2022open,
  title={Open-Set Adversarial Defense with Clean-Adversarial Mutual Learning},
  author={Shao, Rui and Perera, Pramuditha and Yuen, Pong C and Patel, Vishal M},
  journal={International Journal of Computer Vision},
  volume={130},
  number={4},
  year={2022}
}

@inproceedings{taonon,
  title={Non-parametric Outlier Synthesis},
  author={Tao, Leitian and Du, Xuefeng and Zhu, Jerry and Li, Yixuan},
  year={2023},
  booktitle={International Conference on Learning Representations (ICLR)}
}

@inproceedings{tsipras2018robustness,
  title={Robustness May Be at Odds with Accuracy},
  author={Dimitris Tsipras and Shibani Santurkar and Logan Engstrom and Alexander Turner and Aleksander Madry},
  booktitle={International Conference on Learning Representations (ICLR)},
  year={2019}
}

@inproceedings{wang2022vim,
  title={Vim: Out-of-distribution with virtual-logit matching},
  author={Wang, Haoqi and Li, Zhizhong and Feng, Litong and Zhang, Wayne},
  booktitle={Conference on Computer Vision and Pattern Recognition (CVPR)},
  year={2022}
}

@inproceedings{wang2023better,
  title={Better diffusion models further improve adversarial training},
  author={Wang, Zekai and Pang, Tianyu and Du, Chao and Lin, Min and Liu, Weiwei and Yan, Shuicheng},
  booktitle={International Conference on Machine Learning (ICML)},
  year={2023}
}

@inproceedings{wang2023clipn,
  title={Clipn for zero-shot ood detection: Teaching clip to say no},
  author={Wang, Hualiang and Li, Yi and Yao, Huifeng and Li, Xiaomeng},
  booktitle={International Conference on Computer Vision (ICCV)},
  year={2023}
}

@inproceedings{zhang2019theoretically,
  title={Theoretically principled trade-off between robustness and accuracy},
  author={Zhang, Hongyang and Yu, Yaodong and Jiao, Jiantao and Xing, Eric and El Ghaoui, Laurent and Jordan, Michael},
  booktitle={International Conference on Machine Learning (ICML)},
  year={2019}
}

@inproceedings{zhang2022out,
  title={Out-of-distribution detection based on in-distribution data patterns memorization with modern hopfield energy},
  author={Zhang, Jinsong and Fu, Qiang and Chen, Xu and Du, Lun and Li, Zelin and Wang, Gang and Han, Shi and Zhang, Dongmei and others},
  booktitle={International Conference on Learning Representations (ICLR)},
  year={2022}
}

