@inproceedings{stallkamp2011german,
  title={The German traffic sign recognition benchmark: a multi-class classification competition},
  author={Stallkamp, Johannes and Schlipsing, Marc and Salmen, Jan and Igel, Christian},
  booktitle={The 2011 International Joint Conference on Neural Networks},
  year={2011},
  organization={IEEE}
}

@inproceedings{andriushchenko2020square,
  title={Square attack: a query-efficient black-box adversarial attack via random search},
  author={Andriushchenko, Maksym and Croce, Francesco and Flammarion, Nicolas and Hein, Matthias},
  booktitle={European conference on computer vision},
  year={2020},
}

@inproceedings{nesterov1983method,
  title={A method of solving a convex programming problem with convergence rate $ O\bigl (\frac{1}{k^2}\bigl )$},
  author={Nesterov, Yurii},
  booktitle={Dokl. Akad. Nauk SSSR},
  volume={269},
  number={3},
  year={1983}
}

@article{gowal2020uncovering,
  title={Uncovering the limits of adversarial training against norm-bounded adversarial examples},
  author={Gowal, Sven and Qin, Chongli and Uesato, Jonathan and Mann, Timothy and Kohli, Pushmeet},
  journal={arXiv preprint arXiv:2010.03593},
  year={2020}
}

@inproceedings{mirzaeirodeo,
  title={{RODEO}: Robust Outlier Detection via Exposing Adaptive Out-of-Distribution Samples},
  author={Mirzaei, Hossein and Jafari, Mohammad and Dehbashi, Hamid Reza and Ansari, Ali and Ghobadi, Sepehr and Hadi, Masoud and Moakhar, Arshia Soltani and Azizmalayeri, Mohammad and Baghshah, Mahdieh Soleymani and Rohban, Mohammad Hossein},
  year={2024},
  booktitle={International Conference on Machine Learning (ICML)}
}

@inproceedings{bethune2023robust,
  title={Robust One-Class Classification with Signed Distance Function using 1-Lipschitz Neural Networks},
  author={B{\'e}thune, Louis and Novello, Paul and Coiffier, Guillaume and Boissin, Thibaut and Serrurier, Mathieu and Vincenot, Quentin and Troya-Galvis, Andres},
  booktitle={International Conference on Machine Learning (ICML)},
  year={2023}
}

@article{meinke2022provably,
  title={Provably adversarially robust detection of out-of-distribution data},
  author={Meinke, Alexander and Bitterwolf, Julian and Hein, Matthias},
  journal={Advances in Neural Information Processing Systems (NeurIPS)},
  volume={35},
  year={2022}
}

@inproceedings{taonon,
  title={Non-parametric Outlier Synthesis},
  author={Tao, Leitian and Du, Xuefeng and Zhu, Jerry and Li, Yixuan},
  year={2023},
  booktitle={International Conference on Learning Representations (ICLR)}
}

@inproceedings{duvos,
  title={VOS: Learning What You Don't Know by Virtual Outlier Synthesis},
  author={Du, Xuefeng and Wang, Zhaoning and Cai, Mu and Li, Yixuan},
  year={2022},
  booktitle={International Conference on Learning Representations (ICLR)}
}

@inproceedings{wang2023clipn,
  title={Clipn for zero-shot ood detection: Teaching clip to say no},
  author={Wang, Hualiang and Li, Yi and Yao, Huifeng and Li, Xiaomeng},
  booktitle={International Conference on Computer Vision (ICCV)},
  year={2023}
}

@inproceedings{wang2023better,
  title={Better diffusion models further improve adversarial training},
  author={Wang, Zekai and Pang, Tianyu and Du, Chao and Lin, Min and Liu, Weiwei and Yan, Shuicheng},
  booktitle={International Conference on Machine Learning (ICML)},
  year={2023}
}

@article{bai2024improving,
  title={Improving the accuracy-robustness trade-off of classifiers via adaptive smoothing},
  author={Bai, Yatong and Anderson, Brendon G and Kim, Aerin and Sojoudi, Somayeh},
  journal={SIAM Journal on Mathematics of Data Science},
  volume={6},
  number={3},
  year={2024}
}

@inproceedings{wang2022vim,
  title={Vim: Out-of-distribution with virtual-logit matching},
  author={Wang, Haoqi and Li, Zhizhong and Feng, Litong and Zhang, Wayne},
  booktitle={Conference on Computer Vision and Pattern Recognition (CVPR)},
  year={2022}
}

@inproceedings{nguyen2015deep,
  title={Deep neural networks are easily fooled: High confidence predictions for unrecognizable images},
  author={Nguyen, Anh and Yosinski, Jason and Clune, Jeff},
  booktitle={Conference on Computer Vision and Pattern Recognition (CVPR)},
  year={2015}
}

@article{zagoruyko2016wide,
  title={Wide residual networks},
  author={Zagoruyko, Sergey},
  journal={arXiv preprint arXiv:1605.07146},
  year={2016}
}

@inproceedings{izmailov2018averaging,
  title={Averaging weights leads to wider optima and better generalization},
  author={Izmailov, Pavel and Podoprikhin, Dmitrii and Garipov, Timur and Vetrov, Dmitry and Wilson, Andrew Gordon},
  booktitle={Conference on Uncertainty in Artificial Intelligence (UAI)},
  year={2018}
}

@inproceedings{zhang2022out,
  title={Out-of-distribution detection based on in-distribution data patterns memorization with modern hopfield energy},
  author={Zhang, Jinsong and Fu, Qiang and Chen, Xu and Du, Lun and Li, Zelin and Wang, Gang and Han, Shi and Zhang, Dongmei and others},
  booktitle={International Conference on Learning Representations (ICLR)},
  year={2022}
}

@inproceedings{he2016identity,
  title={Identity mappings in deep residual networks},
  author={He, Kaiming and Zhang, Xiangyu and Ren, Shaoqing and Sun, Jian},
  booktitle={European Conference on Computer Vision (ECCV)},
  year={2016},
  organization={Springer}
}

@inproceedings{demontis2019adversarial,
  title={Why do adversarial attacks transfer? explaining transferability of evasion and poisoning attacks},
  author={Demontis, Ambra and Melis, Marco and Pintor, Maura and Jagielski, Matthew and Biggio, Battista and Oprea, Alina and Nita-Rotaru, Cristina and Roli, Fabio},
  booktitle={USENIX Security Symposium},
  year={2019}
}

@article{papernot2016transferability,
  title={Transferability in machine learning: from phenomena to black-box attacks using adversarial samples},
  author={Papernot, Nicolas and McDaniel, Patrick and Goodfellow, Ian},
  journal={arXiv preprint arXiv:1605.07277},
  year={2016}
}

@inproceedings{raghunathan2020understanding,
  title={Understanding and Mitigating the Tradeoff between Robustness and Accuracy},
  author={Raghunathan, Aditi and Xie, Sang Michael and Yang, Fanny and Duchi, John and Liang, Percy},
  booktitle={International Conference on Machine Learning (ICML)},
  year={2020}
}

@inproceedings{kumar2016learning,
  title={Learning local image descriptors with deep siamese and triplet convolutional networks by minimising global loss functions},
  author={Kumar BG, Vijay and Carneiro, Gustavo and Reid, Ian},
  booktitle={Conference on Computer Vision and Pattern Recognition (CVPR)},
  year={2016}
}

@book{manning1999foundations,
  title={Foundations of statistical natural language processing},
  author={Manning, Christopher D},
  year={1999},
  publisher={The MIT Press}
}

@inproceedings{davis2006relationship,
  title={The relationship between Precision-Recall and ROC curves},
  author={Davis, Jesse and Goadrich, Mark},
  booktitle={International Conference on Machine Learning (ICML)},
  year={2006}
}

@article{amodei2016concrete,
  title={Concrete problems in AI safety},
  author={Amodei, Dario and Olah, Chris and Steinhardt, Jacob and Christiano, Paul and Schulman, John and Man{\'e}, Dan},
  journal={arXiv preprint arXiv:1606.06565},
  year={2016}
}

@article{shen2023improved,
  title={Improved YOLOv3 model with feature map cropping for multi-scale road object detection},
  author={Shen, Lingzhi and Tao, Hongfeng and Ni, Yuanzhi and Wang, Yue and Stojanovic, Vladimir},
  journal={Measurement Science and Technology},
  volume={34},
  number={4},
  year={2023}
}

@article{li2019deep,
  title={Deep learning approaches on pedestrian detection in hazy weather},
  author={Li, Guofa and Yang, Yifan and Qu, Xingda},
  journal={IEEE Transactions on Industrial Electronics},
  volume={67},
  number={10},
  year={2019}
}

@article{bojarski2016end,
  title={End to end learning for self-driving cars},
  author={Bojarski, Mariusz},
  journal={arXiv preprint arXiv:1604.07316},
  year={2016}
}

@article{yadav2019deep,
  title={Deep convolutional neural network based medical image classification for disease diagnosis},
  author={Yadav, Samir S and Jadhav, Shivajirao M},
  journal={Journal of Big Data},
  volume={6},
  number={1},
  year={2019}
}

@article{goyal2020artificial,
  title={Artificial intelligence-based image classification methods for diagnosis of skin cancer: Challenges and opportunities},
  author={Goyal, Manu and Knackstedt, Thomas and Yan, Shaofeng and Hassanpour, Saeed},
  journal={Computers in biology and medicine},
  volume={127},
  year={2020}
}

@inproceedings{li2014medical,
  title={Medical image classification with convolutional neural network},
  author={Li, Qing and Cai, Weidong and Wang, Xiaogang and Zhou, Yun and Feng, David Dagan and Chen, Mei},
  booktitle={International Conference on Control Automation Robotics \& Vision (ICARCV)},
  year={2014},
  organization={IEEE}
}

@article{le2015tiny,
  title={Tiny imagenet visual recognition challenge},
  author={Le, Ya and Yang, Xuan}
}

@inproceedings{bendale2016openmax,
  title={Towards open set deep networks},
  author={Bendale, Abhijit and Boult, Terrance E},
  booktitle={Conference on Computer Vision and Pattern Recognition (CVPR)},
  year={2016}
}

@article{liu2020energy,
  title={Energy-based out-of-distribution detection},
  author={Liu, Weitang and Wang, Xiaoyun and Owens, John and Li, Yixuan},
  journal={Advances in Neural Information Processing Systems (NeurIPS)},
  volume={33},
  year={2020}
}

@article{torralba200880,
  title={80 million tiny images: A large data set for nonparametric object and scene recognition},
  author={Torralba, Antonio and Fergus, Rob and Freeman, William T},
  journal={IEEE Transactions on Pattern Analysis and Machine Intelligence},
  volume={30},
  number={11},
  year={2008}
}

@article{carmon2019unlabeled,
  title={Unlabeled data improves adversarial robustness},
  author={Carmon, Yair and Raghunathan, Aditi and Schmidt, Ludwig and Duchi, John C and Liang, Percy S},
  journal={Advances in Neural Information Processing Systems (NeurIPS)},
  volume={32},
  year={2019}
}

@inproceedings{liu2023gen,
  title={Gen: Pushing the limits of softmax-based out-of-distribution detection},
  author={Liu, Xixi and Lochman, Yaroslava and Zach, Christopher},
  booktitle={Conference on Computer Vision and Pattern Recognition (CVPR)},
  year={2023}
}

@inproceedings{vaze2022openset,
  title={Open-Set Recognition: A Good Closed-Set Classifier is All You Need},
  author={Sagar Vaze and Kai Han and Andrea Vedaldi and Andrew Zisserman},
  booktitle={International Conference on Learning Representations (ICLR)},
  year={2022}
}

@inproceedings{Szegedy2014,
  title={Intriguing properties of neural networks},
  author={Christian Szegedy and Wojciech Zaremba and Ilya Sutskever and Joan Bruna and Dumitru Erhan and Ian Goodfellow and Rob Fergus},
  year={2014},
  booktitle={International Conference on Learning Representations (ICLR)}
}

@inproceedings{goodfellow2015explaining,
  title={Explaining and Harnessing Adversarial Examples},
  author={Ian Goodfellow and Jonathon Shlens and Christian Szegedy},
  year={2015},
  booktitle={International Conference on Learning Representations (ICLR)}
}

@article{yang2022openood,
  title={Openood: Benchmarking generalized out-of-distribution detection},
  author={Yang, Jingkang and Wang, Pengyun and Zou, Dejian and Zhou, Zitang and Ding, Kunyuan and Peng, Wenxuan and Wang, Haoqi and Chen, Guangyao and Li, Bo and Sun, Yiyou and others},
  journal={Advances in Neural Information Processing Systems (NeurIPS)},
  volume={35},
  year={2022}
}

@inproceedings{cimpoi2014describing,
  title={Describing textures in the wild},
  author={Cimpoi, Mircea and Maji, Subhransu and Kokkinos, Iasonas and Mohamed, Sammy and Vedaldi, Andrea},
  booktitle={Conference on Computer Vision and Pattern Recognition (CVPR)},
  year={2014}
}

@inproceedings{smith2019super,
  title={Super-convergence: Very fast training of neural networks using large learning rates},
  author={Smith, Leslie N and Topin, Nicholay},
  booktitle={Artificial Intelligence and Machine Learning for Multi-Domain Operations Applications},
  volume={11006},
  year={2019},
  organization={SPIE}
}

@inproceedings{rice2020overfitting,
  title={Overfitting in adversarially robust deep learning},
  author={Rice, Leslie and Wong, Eric and Kolter, Zico},
  booktitle={International Conference on Machine Learning (ICML)},
  year={2020},
}

@inproceedings{he2016deep,
  title={Deep residual learning for image recognition},
  author={He, Kaiming and Zhang, Xiangyu and Ren, Shaoqing and Sun, Jian},
  booktitle={Conference on Computer Vision and Pattern Recognition (CVPR)},
  year={2016}
}

@article{azizmalayeri2022your,
  title={Your out-of-distribution detection method is not robust!},
  author={Azizmalayeri, Mohammad and Soltani Moakhar, Arshia and Zarei, Arman and Zohrabi, Reihaneh and Manzuri, Mohammad and Rohban, Mohammad Hossein},
  journal={Advances in Neural Information Processing Systems (NeurIPS)},
  volume={35},
  year={2022}
}

@inproceedings{madry2018towards,
  title={Towards Deep Learning Models Resistant to Adversarial Attacks},
  author={Aleksander Madry and Aleksandar Makelov and Ludwig Schmidt and Dimitris Tsipras and Adrian Vladu},
  booktitle={International Conference on Learning Representations (ICLR)},
  year={2018}
}

@inproceedings{zhang2019theoretically,
  title={Theoretically principled trade-off between robustness and accuracy},
  author={Zhang, Hongyang and Yu, Yaodong and Jiao, Jiantao and Xing, Eric and El Ghaoui, Laurent and Jordan, Michael},
  booktitle={International Conference on Machine Learning (ICML)},
  year={2019}
}

@article{fort2022adversarial,
  title={Adversarial vulnerability of powerful near out-of-distribution detection},
  author={Fort, Stanislav},
  journal={arXiv preprint arXiv:2201.07012},
  year={2022}
}

@inproceedings{chen2021atom,
  author={Chen, Jiefeng and Li, Yixuan and Wu, Xi and Liang, Yingyu and Jha, Somesh},
  title={Atom: Robustifying out-of-distribution detection using outlier mining},
  booktitle={Joint European Conference on Machine Learning and Knowledge Discovery in Databases},
  year={2021},
  organization={Springer}
}

@inproceedings{chen2022robust,
  title={Robust Out-of-distribution Detection for Neural Networks},
  author={Jiefeng Chen and Yixuan Li and Xi Wu and Yingyu Liang and Somesh Jha},
  booktitle={AAAI Workshop on Adversarial Machine Learning and Beyond},
  year={2022}
}

@article{shao2022open,
  title={Open-Set Adversarial Defense with Clean-Adversarial Mutual Learning},
  author={Shao, Rui and Perera, Pramuditha and Yuen, Pong C and Patel, Vishal M},
  journal={International Journal of Computer Vision},
  volume={130},
  number={4},
  year={2022}
}

@inproceedings{kong2021opengan,
  title={{OpenGAN}: Open-set recognition via open data generation},
  author={Kong, Shu and Ramanan, Deva},
  booktitle={International Conference on Computer Vision (ICCV)},
  year={2021}
}

@article{hendrycks17baseline,
  author={Dan Hendrycks and Kevin Gimpel},
  title={A Baseline for Detecting Misclassified and Out-of-Distribution Examples in Neural Networks},
  journal={International Conference on Learning Representations (ICLR)},
  year={2017}
}

@inproceedings{liang2018enhancing,
  title={Enhancing The Reliability of Out-of-distribution Image Detection in Neural Networks},
  author={Shiyu Liang and Yixuan Li and R. Srikant},
  booktitle={International Conference on Learning Representations (ICLR)},
  year={2018}
}

@article{bartlett2006convexity,
  title={Convexity, classification, and risk bounds},
  author={Bartlett, Peter L and Jordan, Michael I and McAuliffe, Jon D},
  journal={Journal of the American Statistical Association},
  volume={101},
  number={473},
  year={2006}
}

@inproceedings{ming2023how,
  title={How to Exploit Hyperspherical Embeddings for Out-of-Distribution Detection?},
  author={Yifei Ming and Yiyou Sun and Ousmane Dia and Yixuan Li},
  booktitle={International Conference on Learning Representations (ICLR)},
  year={2023}
}

@article{lee2018simple,
  title={A simple unified framework for detecting out-of-distribution samples and adversarial attacks},
  author={Lee, Kimin and Lee, Kibok and Lee, Honglak and Shin, Jinwoo},
  journal={Advances in Neural Information Processing Systems (NeurIPS)},
  volume={31},
  year={2018}
}

@article{ren2021simple,
  title={A simple fix to mahalanobis distance for improving near-ood detection},
  author={Ren, Jie and Fort, Stanislav and Liu, Jeremiah and Roy, Abhijit Guha and Padhy, Shreyas and Lakshminarayanan, Balaji},
  journal={arXiv preprint arXiv:2106.09022},
  year={2021}
}

@inproceedings{hendrycks2018deep,
  title={Deep Anomaly Detection with Outlier Exposure},
  author={Dan Hendrycks and Mantas Mazeika and Thomas Dietterich},
  booktitle={International Conference on Learning Representations (ICLR)},
  year={2019}
}

@inproceedings{tsipras2018robustness,
  title={Robustness May Be at Odds with Accuracy},
  author={Dimitris Tsipras and Shibani Santurkar and Logan Engstrom and Alexander Turner and Aleksander Madry},
  booktitle={International Conference on Learning Representations (ICLR)},
  year={2019}
}

@inproceedings{rade2022reducing,
  title={Reducing Excessive Margin to Achieve a Better Accuracy vs. Robustness Trade-off},
  author={Rahul Rade and Seyed-Mohsen Moosavi-Dezfooli},
  booktitle={International Conference on Learning Representations (ICLR)},
  year={2022}
}

@article{krizhevsky2009learning,
  title={Learning multiple layers of features from tiny images},
  author={Krizhevsky, Alex and Hinton, Geoffrey and others},
  year={2009}
}

@misc{MNIST,
  author={Yann LeCun and Corinna Cortes},
  title={{MNIST} handwritten digit database},
  year={2010}
}

@article{winkens2020contrastive,
  title={Contrastive training for improved out-of-distribution detection},
  author={Winkens, Jim and Bunel, Rudy and Roy, Abhijit Guha and Stanforth, Robert and Natarajan, Vivek and Ledsam, Joseph R and MacWilliams, Patricia and Kohli, Pushmeet and Karthikesalingam, Alan and Kohl, Simon and others},
  journal={arXiv preprint arXiv:2007.05566},
  year={2020}
}

@article{zhou2017places,
  title={Places: A 10 million image database for scene recognition},
  author={Zhou, Bolei and Lapedriza, Agata and Khosla, Aditya and Oliva, Aude and Torralba, Antonio},
  journal={IEEE Transactions on Pattern Analysis and Machine Intelligence},
  volume={40},
  number={6},
  year={2017}
}

@article{netzer2011reading,
  title={Reading digits in natural images with unsupervised feature learning},
  author={Netzer, Yuval and Wang, Tao and Coates, Adam and Bissacco, Alessandro and Wu, Bo and Ng, Andrew Y},
  year={2011}
}

@inproceedings{athalye2018obfuscated,
  title={Obfuscated gradients give a false sense of security: Circumventing defenses to adversarial examples},
  author={Athalye, Anish and Carlini, Nicholas and Wagner, David},
  booktitle={International Conference on Machine Learning (ICML)},
  year={2018}
}

@inproceedings{croce2020reliable,
  title={Reliable evaluation of adversarial robustness with an ensemble of diverse parameter-free attacks},
  author={Francesco Croce and Matthias Hein},
  booktitle={International Conference on Machine Learning (ICML)},
  year={2020}
}

@inproceedings{hein2019relu,
  title={Why relu networks yield high-confidence predictions far away from the training data and how to mitigate the problem},
  author={Hein, Matthias and Andriushchenko, Maksym and Bitterwolf, Julian},
  booktitle={Conference on Computer Vision and Pattern Recognition (CVPR)},
  year={2019}
}

@inproceedings{augustin2020adversarial,
  title={Adversarial robustness on in-and out-distribution improves explainability},
  author={Augustin, Maximilian and Meinke, Alexander and Hein, Matthias},
  booktitle={European Conference on Computer Vision (ECCV)},
  year={2020},
  organization={Springer}
}