@inproceedings{8237336,
  title={Grad-cam: Visual explanations from deep networks via gradient-based localization},
  author={Selvaraju, Ramprasaath R and Cogswell, Michael and Das, Abhishek and Vedantam, Ramakrishna and Parikh, Devi and Batra, Dhruv},
  booktitle={Proceedings of the IEEE international conference on computer vision},
  pages={618--626},
  year={2017}
}

@inproceedings{8354201,
  title={Grad-cam++: Generalized gradient-based visual explanations for deep convolutional networks},
  author={Chattopadhay, Aditya and Sarkar, Anirban and Howlader, Prantik and Balasubramanian, Vineeth N},
  booktitle={2018 IEEE winter conference on applications of computer vision (WACV)},
  pages={839--847},
  year={2018},
  organization={IEEE}
}

@article{9964439,
  title={Interpretable by design: Learning predictors by composing interpretable queries},
  author={Chattopadhyay, Aditya and Slocum, Stewart and Haeffele, Benjamin D and Vidal, Rene and Geman, Donald},
  journal={IEEE Transactions on Pattern Analysis and Machine Intelligence (TPAMI)},
  volume={45},
  number={6},
  pages={7430--7443},
  year={2022},
  publisher={IEEE}
}

@article{Chen_2020,
  title={Concept whitening for interpretable image recognition},
  author={Chen, Zhi and Bei, Yijie and Rudin, Cynthia},
  journal={Nature Machine Intelligence},
  volume={2},
  number={12},
  pages={772--782},
  year={2020},
  publisher={Nature Publishing Group UK London}
}

@article{LearningConcise,
  title={Learning Concise and Descriptive Attributes for Visual Recognition},
  author={Yan, An and Wang, Yu and Zhong, Yiwu and Dong, Chengyu and He, Zexue and Lu, Yujie and Wang, William and Shang, Jingbo and McAuley, Julian},
  journal={arXiv preprint arXiv:2308.03685},
  year={2023}
}

@article{NIPS2017_0060ef47,
  title={Real time image saliency for black box classifiers},
  author={Dabkowski, Piotr and Gal, Yarin},
  journal={Advances in Neural Information Processing Systems (NeurIPS)},
  volume={30},
  year={2017}
}

@misc{alvarezmelis2018robust,
      title={Towards Robust Interpretability with Self-Explaining Neural Networks}, 
      author={David Alvarez-Melis and Tommi S. Jaakkola},
      year={2018},
      eprint={1806.07538},
      archivePrefix={arXiv},
      primaryClass={cs.LG}
}

@inproceedings{benitez2023ante,
  title={Ante-Hoc Generation of Task-Agnostic Interpretation Maps},
  author={Benitez, Raul and others},
  booktitle={Proceedings of the IEEE/CVF Conference on Computer Vision and Pattern Recognition},
  pages={3763--3768},
  year={2023}
}

@inproceedings{cbms,
  title={Concept bottleneck models},
  author={Koh, Pang Wei and Nguyen, Thao and Tang, Yew Siang and Mussmann, Stephen and Pierson, Emma and Kim, Been and Liang, Percy},
  venue={International Conference on Machine Learning (ICML)},
  pages={5338--5348},
  year={2020},
  organization={PMLR}
}

@inproceedings{chen2020adapting,
  title={Adapting grad-cam for embedding networks},
  author={Chen, Lei and Chen, Jianhui and Hajimirsadeghi, Hossein and Mori, Greg},
  booktitle={proceedings of the IEEE/CVF winter conference on applications of computer vision (CVPR)},
  pages={2794--2803},
  year={2020}
}

@inproceedings{collins2023human,
  title={Human Uncertainty in Concept-Based AI Systems},
  author={Collins, Katherine Maeve and Barker, Matthew and Espinosa Zarlenga, Mateo and Raman, Naveen and Bhatt, Umang and Jamnik, Mateja and Sucholutsky, Ilia and Weller, Adrian and Dvijotham, Krishnamurthy},
  booktitle={Proceedings of the 2023 AAAI/ACM Conference on AI, Ethics, and Society},
  pages={869--889},
  year={2023}
}

@inproceedings{fong2017interpretable,
  title={Interpretable explanations of black boxes by meaningful perturbation},
  author={Fong, Ruth C and Vedaldi, Andrea},
  booktitle={Proceedings of the IEEE international conference on computer vision},
  pages={3429--3437},
  year={2017}
}

@inproceedings{jethani2021fastshap,
  title={Fastshap: Real-time shapley value estimation},
  author={Jethani, Neil and Sudarshan, Mukund and Covert, Ian Connick and Lee, Su-In and Ranganath, Rajesh},
  booktitle={International Conference on Learning Representations (ICLR)},
  year={2021}
}

@article{kazhdan2020cme,
  title={Now you see me (CME): concept-based model extraction},
  author={Kazhdan, Dmitry and Dimanov, Botty and Jamnik, Mateja and Li{\`o}, Pietro and Weller, Adrian},
  journal={arXiv preprint arXiv:2010.13233},
  year={2020}
}

@article{kim2023concept,
  title={Concept Bottleneck with Visual Concept Filtering for Explainable Medical Image Classification},
  author={Kim, Injae and Kim, Jongha and Choi, Joonmyung and Kim, Hyunwoo J},
  journal={arXiv preprint arXiv:2308.11920},
  year={2023}
}

@inproceedings{marconato2022catastrophic,
  title={Catastrophic forgetting in continual concept bottleneck models},
  author={Marconato, Emanuele and Bontempo, Gianpaolo and Teso, Stefano and Ficarra, Elisa and Calderara, Simone and Passerini, Andrea},
  venue={International Conference on Image Analysis and Processing (ICIAP)},
  pages={539--547},
  year={2022},
  organization={Springer}
}

@article{margeloiu2021concept,
  title={Do concept bottleneck models learn as intended?},
  author={Margeloiu, Andrei and Ashman, Matthew and Bhatt, Umang and Chen, Yanzhi and Jamnik, Mateja and Weller, Adrian},
  journal={arXiv preprint arXiv:2105.04289},
  year={2021}
}

@article{montavon2019explainable,
  title={Explainable AI: interpreting, explaining and visualizing deep learning},
  author={Montavon, Gr{\'e}goire and Binder, A and Lapuschkin, S and Samek, W and M{\"u}ller, KR},
  journal={Spring er LNCS},
  volume={11700},
  year={2019},
  publisher={Springer}
}

@article{nauta2023anecdotal,
  title={From anecdotal evidence to quantitative evaluation methods: A systematic review on evaluating explainable ai},
  author={Nauta, Meike and Trienes, Jan and Pathak, Shreyasi and Nguyen, Elisa and Peters, Michelle and Schmitt, Yasmin and Schl{\"o}tterer, J{\"o}rg and van Keulen, Maurice and Seifert, Christin},
  journal={ACM Computing Surveys},
  volume={55},
  number={13s},
  pages={1--42},
  year={2023},
  publisher={ACM New York, NY}
}

@article{petsiuk2018rise,
  title={Rise: Randomized input sampling for explanation of black-box models},
  author={Petsiuk, Vitali and Das, Abir and Saenko, Kate},
  journal={arXiv preprint arXiv:1806.07421},
  year={2018}
}

@inproceedings{rigotti2021attention,
  title={Attention-based interpretability with concept transformers},
  author={Rigotti, Mattia and Miksovic, Christoph and Giurgiu, Ioana and Gschwind, Thomas and Scotton, Paolo},
  booktitle={International Conference on Learning Representations (ICLR)},
  year={2021}
}

@article{rudin2019stop,
  title={Stop explaining black box machine learning models for high stakes decisions and use interpretable models instead},
  author={Rudin, Cynthia},
  journal={Nature machine intelligence},
  volume={1},
  number={5},
  pages={206--215},
  year={2019},
  publisher={Nature Publishing Group UK London}
}

@article{rymarczyk2023icicle,
  title={ICICLE: Interpretable Class Incremental Continual Learning},
  author={Rymarczyk, Dawid and van de Weijer, Joost and Zieli{\'n}ski, Bartosz and Twardowski, Bart{\l}omiej},
  journal={arXiv preprint arXiv:2303.07811},
  year={2023}
}

@inproceedings{sattarzadeh2021integrated,
  title={Integrated grad-cam: Sensitivity-aware visual explanation of deep convolutional networks via integrated gradient-based scoring},
  author={Sattarzadeh, Sam and Sudhakar, Mahesh and Plataniotis, Konstantinos N and Jang, Jongseong and Jeong, Yeonjeong and Kim, Hyunwoo},
  booktitle={ICASSP 2021-2021 IEEE International Conference on Acoustics, Speech and Signal Processing (ICASSP)},
  pages={1775--1779},
  year={2021},
  organization={IEEE}
}

@article{shin2023closer,
  title={A closer look at the intervention procedure of concept bottleneck models},
  author={Shin, Sungbin and Jo, Yohan and Ahn, Sungsoo and Lee, Namhoon},
  journal={arXiv preprint arXiv:2302.14260},
  year={2023}
}

@article{sokol2021explainability,
  title={Explainability is in the mind of the beholder: Establishing the foundations of explainable artificial intelligence},
  author={Sokol, Kacper and Flach, Peter},
  journal={arXiv preprint arXiv:2112.14466},
  year={2021}
}

@misc{steinmann2023learning,
      title={Learning to Intervene on Concept Bottlenecks}, 
      author={David Steinmann and Wolfgang Stammer and Felix Friedrich and Kristian Kersting},
      year={2023},
      eprint={2308.13453},
      archivePrefix={arXiv},
      primaryClass={cs.LG}
}

@inproceedings{sundararajan2020many,
  title={The many Shapley values for model explanation},
  author={Sundararajan, Mukund and Najmi, Amir},
  booktitle={International Conference on Machine Learning (ICML)},
  pages={9269--9278},
  year={2020},
  organization={PMLR}
}

@article{vilone2021notions,
  title={Notions of explainability and evaluation approaches for explainable artificial intelligence},
  author={Vilone, Giulia and Longo, Luca},
  journal={Information Fusion},
  volume={76},
  pages={89--106},
  year={2021},
  publisher={Elsevier}
}

@inproceedings{wang2021shapley,
  title={Shapley Explanation Networks},
  author={Wang, Rui and Wang, Xiaoqian and Inouye, David I},
  booktitle={International Conference on Learning Representations (ICLR)},
  year={2020}
}

@article{wang2023comprehensive,
  title={A comprehensive survey of continual learning: Theory, method and application},
  author={Wang, Liyuan and Zhang, Xingxing and Su, Hang and Zhu, Jun},
  journal={arXiv preprint arXiv:2302.00487},
  year={2023}
}

@article{yvinec2022singe,
  title={Singe: Sparsity via integrated gradients estimation of neuron relevance},
  author={Yvinec, Edouard and Dapogny, Arnaud and Cord, Matthieu and Bailly, Kevin},
  journal={Advances in Neural Information Processing Systems (NeurIPS)},
  volume={35},
  pages={35392--35403},
  year={2022}
}

