% 功能对齐的一些生物期刊
@article{petrerepresentational,
  title={Representational geometry, not topography, best characterizes human neural activity in transmodal brain areas},
  author={Petre, Bogdan and Lindquist, Martin A and Wager, Tor D}
}
@article{rastegarnia2023brain,
  title={Brain decoding of the Human Connectome Project tasks in a dense individual fMRI dataset},
  author={Rastegarnia, Shima and St-Laurent, Marie and DuPre, Elizabeth and Pinsard, Basile and Bellec, Pierre},
  journal={NeuroImage},
  volume={283},
  pages={120395},
  year={2023},
  publisher={Elsevier}
}


% Brain Decoding
@article{mindeyev1,
  title={Reconstructing the mind's eye: fMRI-to-image with contrastive learning and diffusion priors},
  author={Scotti, Paul and Banerjee, Atmadeep and Goode, Jimmie and Shabalin, Stepan and Nguyen, Alex and Dempster, Aidan and Verlinde, Nathalie and Yundler, Elad and Weisberg, David and Norman, Kenneth and others},
  journal={Advances in Neural Information Processing Systems},
  volume={36},
  year={2024}
}


@article{Horikawa2017,
  author = {Horikawa, Tomoyasu and Kamitani, Yukiyasu},
  title = {Generic decoding of seen and imagined objects using hierarchical visual features},
  journal = {Nature communications},
  volume = {8},
  number = {1},
  pages = {15037},
  year = {2017}
}
@article{Schoenmakers2013,
  author = {Schoenmakers, Sanne and Barth, Markus and Heskes, Tom and Van Gerven, Marcel},
  title = {Linear reconstruction of perceived images from human brain activity},
  journal = {NeuroImage},
  volume = {83},
  pages = {951--961},
  year = {2013}
}
@article{VanRullen2019,
  author = {VanRullen, Rufin and Reddy, Leila},
  title = {Reconstructing faces from fMRI patterns using deep generative neural networks},
  journal = {Communications biology},
  volume = {2},
  number = {1},
  pages = {193},
  year = {2019}
}



@article{mindtuner,
  title={MindTuner: Cross-Subject Visual Decoding with Visual Fingerprint and Semantic Correction},
  author={Gong, Zixuan and Zhang, Qi and Bao, Guangyin and Zhu, Lei and Liu, Ke and Hu, Liang and Miao, Duoqian},
  journal={arXiv preprint arXiv:2404.12630},
  year={2024}
}

@article{nsd,
  title={A massive 7T fMRI dataset to bridge cognitive neuroscience and artificial intelligence},
  author={Allen, Emily J and St-Yves, Ghislain and Wu, Yihan and Breedlove, Jesse L and Prince, Jacob S and Dowdle, Logan T and Nau, Matthias and Caron, Brad and Pestilli, Franco and Charest, Ian and others},
  journal={Nature neuroscience},
  volume={25},
  number={1},
  pages={116--126},
  year={2022},
  publisher={Nature Publishing Group US New York}
}

@inproceedings{clip,
  title={Learning transferable visual models from natural language supervision},
  author={Radford, Alec and Kim, Jong Wook and Hallacy, Chris and Ramesh, Aditya and Goh, Gabriel and Agarwal, Sandhini and Sastry, Girish and Askell, Amanda and Mishkin, Pamela and Clark, Jack and others},
  booktitle={ICML},
  pages={8748--8763},
  year={2021},
  organization={PMLR}
}

@article{Shen2019,
  author = {Shen, Guohua and Horikawa, Tomoyasu and Majima, Kei and Kamitani, Yukiyasu},
  title = {Deep image reconstruction from human brain activity},
  journal = {PLoS computational biology},
  volume = {15},
  number = {1},
  pages = {e1006633},
  year = {2019}
}

@article{willsaligner,
  title={Wills Aligner: A Robust Multi-Subject Brain Representation Learner},
  author={Bao, Guangyin and Gong, Zixuan and Zhang, Qi and Zhou, Jialei and Fan, Wei and Yi, Kun and Naseem, Usman and Hu, Liang and Miao, Duoqian},
  journal={arXiv preprint arXiv:2404.13282},
  year={2024}
}

@article{fmri,
  title={Encoding and decoding in fMRI},
  author={Naselaris, Thomas and Kay, Kendrick N and Nishimoto, Shinji and Gallant, Jack L},
  journal={Neuroimage},
  volume={56},
  number={2},
  pages={400--410},
  year={2011},
  publisher={Elsevier}
}

@article{Rombach2022,
  author = {Rombach, Robin and Blattmann, Andreas and Lorenz, Dominik and Esser, Patrick and Ommer, Björn},
  title = {High-resolution image synthesis with latent diffusion models},
  booktitle = {Proceedings of the IEEE/CVF conference on computer vision and pattern recognition},
  pages = {10684--10695},
  year = {2022}
}
@article{Radford2021,
  author = {Radford, Alec and Kim, Jong Wook and Hallacy, Chris and Ramesh, Aditya and Goh, Gabriel and Agarwal, Sandhini and Sastry, Girish and Askell, Amanda and Mishkin, Pamela and Clark, Jack and others},
  title = {Learning transferable visual models from natural language supervision},
  booktitle = {ICML},
  pages = {8748--8763},
  year = {2021},
  organization = {PMLR}
}

@article{Lin2022,
  author = {Lin, Sikun and Sprague, Thomas and Singh, Ambuj K},
  title = {Mind reader: Reconstructing complex images from brain activities},
  journal = {Advances in Neural Information Processing Systems},
  volume = {35},
  pages = {29624--29636},
  year = {2022}
}



@article{Xia2023,
  author = {Xia, Weihao and de Charette, Raoul and Öztireli, Cengiz and Xue, Jing-Hao},
  title = {Dream: Visual decoding from reversing human visual system},
  journal = {arXiv preprint arXiv:2310.02265},
  year = {2023}
}
@article{Mai2023,
  author = {Mai, Weijian and Zhang, Zhijun},
  title = {Unibrain: Unify image reconstruction and captioning all in one diffusion model from human brain activity},
  journal = {arXiv preprint arXiv:2308.07428},
  year = {2023}
}

@inproceedings{film,
  title={Film: Visual reasoning with a general conditioning layer},
  author={Perez, Ethan and Strub, Florian and De Vries, Harm and Dumoulin, Vincent and Courville, Aaron},
  booktitle={Proceedings of the AAAI conference on artificial intelligence},
  volume={32},
  number={1},
  year={2018}
}

@article{diffusion,
  title={Denoising diffusion probabilistic models},
  author={Ho, Jonathan and Jain, Ajay and Abbeel, Pieter},
  journal={Advances in neural information processing systems},
  volume={33},
  pages={6840--6851},
  year={2020}
}

@article{diffusionprior,
  title={Hierarchical text-conditional image generation with clip latents},
  author={Ramesh, Aditya and Dhariwal, Prafulla and Nichol, Alex and Chu, Casey and Chen, Mark},
  journal={arXiv preprint arXiv:2204.06125},
  volume={1},
  number={2},
  pages={3},
  year={2022}
}

@article{horikawa2017generic,
  title={Generic decoding of seen and imagined objects using hierarchical visual features},
  author={Horikawa, Tomoyasu and Kamitani, Yukiyasu},
  journal={Nature communications},
  volume={8},
  number={1},
  pages={15037},
  year={2017},
  publisher={Nature Publishing Group UK London}
}



@article{gan,
  title={Generative adversarial networks},
  author={Goodfellow, Ian and Pouget-Abadie, Jean and Mirza, Mehdi and Xu, Bing and Warde-Farley, David and Ozair, Sherjil and Courville, Aaron and Bengio, Yoshua},
  journal={Communications of the ACM},
  volume={63},
  number={11},
  pages={139--144},
  year={2020},
  publisher={ACM New York, NY, USA}
}



@inproceedings{rombach2022high,
  title={High-resolution image synthesis with latent diffusion models},
  author={Rombach, Robin and Blattmann, Andreas and Lorenz, Dominik and Esser, Patrick and Ommer, Bj{\"o}rn},
  booktitle={Proceedings of the IEEE/CVF conference on computer vision and pattern recognition},
  pages={10684--10695},
  year={2022}
}


@article{dado2022hyperrealistic,
  title={Hyperrealistic neural decoding for reconstructing faces from fMRI activations via the GAN latent space},
  author={Dado, Thirza and G{\"u}{\c{c}}l{\"u}t{\"u}rk, Ya{\u{g}}mur and Ambrogioni, Luca and Ras, Gabri{\"e}lle and Bosch, Sander and van Gerven, Marcel and G{\"u}{\c{c}}l{\"u}, Umut},
  journal={Scientific reports},
  volume={12},
  number={1},
  pages={141},
  year={2022},
  publisher={Nature Publishing Group UK London}
}

@article{vanrullen2019reconstructing,
  title={Reconstructing faces from fMRI patterns using deep generative neural networks},
  author={VanRullen, Rufin and Reddy, Leila},
  journal={Communications biology},
  volume={2},
  number={1},
  pages={193},
  year={2019},
  publisher={Nature Publishing Group UK London}
}

@article{du2020structured,
  title={Structured neural decoding with multitask transfer learning of deep neural network representations},
  author={Du, Changde and Du, Changying and Huang, Lijie and Wang, Haibao and He, Huiguang},
  journal={IEEE Transactions on Neural Networks and Learning Systems},
  volume={33},
  number={2},
  pages={600--614},
  year={2020},
  publisher={IEEE}
}

@article{hjelm2018learning,
  title={Learning deep representations by mutual information estimation and maximization},
  author={Hjelm, R Devon and Fedorov, Alex and Lavoie-Marchildon, Samuel and Grewal, Karan and Bachman, Phil and Trischler, Adam and Bengio, Yoshua},
  journal={arXiv preprint arXiv:1808.06670},
  year={2018}
}

@article{Beliy2019,
  author = {Beliy, Roman and Gaziv, Guy and Hoogi, Assaf and Strappini, Francesca and Golan, Tal and Irani, Michal},
  title = {From voxels to pixels and back: Self-supervision in natural-image reconstruction from fMRI},
  journal = {Advances in Neural Information Processing Systems},
  volume = {32},
  year = {2019}
}



@inproceedings{takagi2023high,
  title={High-resolution image reconstruction with latent diffusion models from human brain activity},
  author={Takagi, Y and Nishimoto, S},
  booktitle={Proceedings of the IEEE/CVF Conference on Computer Vision and Pattern Recognition},
  pages={14453--14463},
  year={2023}
}


@article{Takagi2023,
  author = {Takagi, Yu and Nishimoto, Shinji},
  title = {High-resolution image reconstruction with latent diffusion models from human brain activity},
  booktitle = {Proceedings of the IEEE/CVF Conference on Computer Vision and Pattern Recognition},
  pages = {14453--14463},
  year = {2023}
}
@article{Ozcelik2023,
  author = {Ozcelik, Furkan and VanRullen, Rufin},
  title = {Natural scene reconstruction from fMRI signals using generative latent diffusion},
  journal = {Scientific Reports},
  volume = {13},
  number = {1},
  pages = {15666},
  year = {2023}
}

@article{braindiffuser,
  title={Brain-diffuser: Natural scene reconstruction from fmri signals using generative latent diffusion. arXiv 2023},
  author={Ozcelik, Furkan and VanRullen, Rufin},
  journal={arXiv preprint arXiv:2303.05334}
}

@article{Chen2024,
  author = {Chen, Jiaxuan and Qi, Yu and Wang, Yueming and Pan, Gang},
  title = {Mind artist: Creating artistic snapshots with human thought},
  booktitle = {Proceedings of the IEEE/CVF Conference on Computer Vision and Pattern Recognition},
  pages = {27207--27217},
  year = {2024}
}
@article{Fang2024,
  author = {Fang, Tao and Zheng, Qian and Pan, Gang},
  title = {Alleviating the semantic gap for generalized fMRI-to-image reconstruction},
  journal = {Advances in Neural Information Processing Systems},
  volume = {36},
  year = {2024}
}
@article{Luo2024,
  author = {Luo, Andrew and Henderson, Maggie and Wehbe, Leila and Tarr, Michael},
  title = {Brain diffusion for visual exploration: Cortical discovery using large scale generative models},
  journal = {Advances in Neural Information Processing Systems},
  volume = {36},
  year = {2024}
}
@article{Zeng2024,
  author = {Zeng, Bohan and Li, Shanglin and Liu, Xuhui and Gao, Sicheng and Jiang, Xiaolong and Tang, Xu and Hu, Yao and Liu, Jianzhuang and Zhang, Baochang},
  title = {Controllable mind visual diffusion model},
  booktitle = {Proceedings of the AAAI Conference on Artificial Intelligence},
  pages = {6935--6943},
  year = {2024}
}
@article{Miyawaki2008,
  author = {Miyawaki, Yoichi and Uchida, Hajime and Yamashita, Okito and Sato, Masaaki and Morito, Yusuke and Tanabe, Hiroki C and Sadato, Norihiro and Kamitani, Yukiyasu},
  title = {Visual image reconstruction from human brain activity using a combination of multiscale local image decoders},
  journal = {Neuron},
  volume = {60},
  number = {5},
  pages = {915--929},
  year = {2008}
}
@article{Kay2008,
  author = {Kay, Kendrick N and Naselaris, Thomas and Prenger, Ryan J and Gallant, Jack L},
  title = {Identifying natural images from human brain activity},
  journal = {Nature},
  volume = {452},
  number = {7185},
  pages = {352--355},
  year = {2008}
}
@article{Naselaris2011,
  author = {Naselaris, Thomas and Kay, Kendrick N and Nishimoto, Shinji and Gallant, Jack L},
  title = {Encoding and decoding in fMRI},
  journal = {Neuroimage},
  volume = {56},
  number = {2},
  pages = {400--410},
  year = {2011}
}
@article{Nishimoto2011,
  author = {Nishimoto, Shinji and Vu, An T and Naselaris, Thomas and Benjamini, Yuval and Yu, Bin and Gallant, Jack L},
  title = {Reconstructing visual experiences from brain activity evoked by natural movies},
  journal = {Current Biology},
  volume = {21},
  number = {19},
  pages = {1641--1646},
  year = {2011}
}
@article{Shen2019a,
  author = {Shen, Guohua and Dwivedi, Kshitij and Majima, Kei and Horikawa, Tomoyasu and Kamitani, Yukiyasu},
  title = {End-to-end deep image reconstruction from human brain activity},
  journal = {Frontiers in computational neuroscience},
  volume = {13},
  pages = {432276},
  year = {2019}
}
@article{Shen2019b,
  author = {Shen, Guohua and Horikawa, Tomoyasu and Majima, Kei and Kamitani, Yukiyasu},
  title = {Deep image reconstruction from human brain activity},
  journal = {PLoS computational biology},
  volume = {15},
  number = {1},
  pages = {e1006633},
  year = {2019}
}
@article{Shirakawa2024,
  author = {Shirakawa, Ken and Nagano, Yoshihiro and Tanaka, Misato and Aoki, Shuntaro C and Majima, Kei and Muraki, Yusuke and Kamitani, Yukiyasu},
  title = {Spurious reconstruction from brain activity},
  journal = {arXiv preprint arXiv:2405.10078},
  year = {2024}
}

@article{unibrain,
  title={Unibrain: Universal brain mri diagnosis with hierarchical knowledge-enhanced pre-training},
  author={Lei, Jiayu and Dai, Lisong and Jiang, Haoyun and Wu, Chaoyi and Zhang, Xiaoman and Zhang, Yao and Yao, Jiangchao and Xie, Weidi and Zhang, Yanyong and Li, Yuehua and others},
  journal={arXiv preprint arXiv:2309.06828},
  year={2023}
}

@article{gao2023mind,
  title={MinD-3D: Reconstruct High-quality 3D objects in Human Brain},
  author={Gao, Jianxiong and Fu, Yuqian and Wang, Yun and Qian, Xuelin and Feng, Jianfeng and Fu, Yanwei},
  journal={arXiv preprint arXiv:2312.07485},
  year={2023}
}

@article{gao2024fmri,
  title={fMRI-3D: A Comprehensive Dataset for Enhancing fMRI-based 3D Reconstruction},
  author={Gao, Jianxiong and Fu, Yuqian and Wang, Yun and Qian, Xuelin and Feng, Jianfeng and Fu, Yanwei},
  journal={arXiv preprint arXiv:2409.11315},
  year={2024}
}

@article{maisurvey,
  title={Brain-conditional multimodal synthesis: A survey and taxonomy},
  author={Mai, Weijian and Zhang, Jian and Fang, Pengfei and Zhang, Zhijun},
  journal={IEEE Transactions on Artificial Intelligence},
  year={2024},
  publisher={IEEE}
}

@inproceedings{sd,
  title={High-resolution image synthesis with latent diffusion models},
  author={Rombach, Robin and Blattmann, Andreas and Lorenz, Dominik and Esser, Patrick and Ommer, Bj{\"o}rn},
  booktitle={Proceedings of the IEEE/CVF conference on computer vision and pattern recognition},
  pages={10684--10695},
  year={2022}
}

@article{maiunibrain,
  title={Unibrain: Unify image reconstruction and captioning all in one diffusion model from human brain activity},
  author={Mai, Weijian and Zhang, Zhijun},
  journal={arXiv preprint arXiv:2308.07428},
  year={2023}
}

@article{difumo,
  title={Fine-grain atlases of functional modes for fMRI analysis},
  author={Dadi, Kamalaker and Varoquaux, Ga{\"e}l and Machlouzarides-Shalit, Antonia and Gorgolewski, Krzysztof J and Wassermann, Demian and Thirion, Bertrand and Mensch, Arthur},
  journal={NeuroImage},
  volume={221},
  pages={117126},
  year={2020},
  publisher={Elsevier}
}

@article{mindshot,
  title={MindShot: Brain Decoding Framework Using Only One Image},
  author={Jiang, Shuai and Meng, Zhu and Liu, Delong and Li, Haiwen and Su, Fei and Zhao, Zhicheng},
  journal={arXiv preprint arXiv:2405.15278},
  year={2024}
}

@article{Wen2018,
  title={Neural encoding and decoding with deep learning for dynamic natural vision},
  author={Wen, H. and Shi, J. and Zhang, Y. and Lu, K.-H. and Cao, J. and Liu, Z.},
  journal={Cerebral cortex},
  volume={28},
  number={12},
  pages={4136--4160},
  year={2018}
}

@article{Kietzmann2019,
  title={Recurrence is required to capture the representational dynamics of the human visual system},
  author={Kietzmann, T.C. and Spoerer, C.J. and Sörensen, L.K. and Cichy, R.M. and Hauk, O. and Kriegeskorte, N.},
  journal={Proceedings of the National Academy of Sciences},
  volume={116},
  number={43},
  pages={21854--21863},
  year={2019}
}

@article{Qian2020,
  title={Binless kernel machine: Modeling spike train transformation for cognitive neural prostheses},
  author={Qian, C. and Sun, X. and Wang, Y. and Zheng, X. and Wang, Y. and Pan, G.},
  journal={Neural Computation},
  volume={32},
  number={10},
  pages={1863--1900},
  year={2020}
}


@article{finn2017brain,
  title={Can brain state be manipulated to emphasize individual differences in functional connectivity?},
  author={Finn, Emily S and Scheinost, Dustin and Finn, Daniel M and Shen, Xilin and Papademetris, Xenophon and Constable, R Todd},
  journal={NeuroImage},
  volume={160},
  pages={140--151},
  year={2017}
}

@article{ruffle2024computational,
  title={Computational limits to the legibility of the imaged human brain},
  author={Ruffle, James K and Gray, Robert J and Mohinta, Samia and Pombo, Guilherme and Kaul, Chaitanya and Hyare, Harpreet and Rees, Geraint and Nachev, Parashkev},
  journal={NeuroImage},
  volume={291},
  pages={120600},
  year={2024}
}

@article{Thual2023,
  author = {Thual, A. and Benchetrit, Y. and Geilert, F. and Rapin, J. and Makarov, I. and Banville, H. and King, J.-R.},
  title = {Aligning brain functions boosts the decoding of visual semantics in novel subjects},
  journal = {arXiv preprint arXiv:2312.06467},
  year = {2023}
}

@article{Qian2023,
  author = {Qian, X. and Wang, Y. and Huo, J. and Feng, J. and Fu, Y.},
  title = {fmri-pte: A large-scale fmri pretrained transformer encoder for multi-subject brain activity decoding},
  journal = {arXiv preprint arXiv:2311.00342},
  year = {2023}
}
@article{Bao2024,
  author = {Bao, G. and Gong, Z. and Zhang, Q. and Zhou, J. and Fan, W. and Yi, K. and Naseem, U. and Hu, L. and Miao, D.},
  title = {Wills Aligner: A Robust Multi-Subject Brain Representation Learner},
  journal = {arXiv preprint arXiv:2404.13282},
  year = {2024}
}
@inproceedings{mindeyev2,
  title = {MindEye2: Shared-Subject Models Enable fMRI-To-Image With 1 Hour of Data},
  author = {Scotti, P. S. and Tripathy, M. and Villanueva, C. K. T. and Kneeland, R. and Chen, T. and Narang, A. and Santhirasegaran, C. and Xu, J. and Naselaris, T. and Norman, K. A. et al.},
  booktitle = {ICML},
  year = {2024}
}

@article{ssmi,
  title={Image quality assessment: from error visibility to structural similarity},
  author={Wang, Zhou and Bovik, Alan C and Sheikh, Hamid R and Simoncelli, Eero P},
  journal={IEEE transactions on image processing},
  volume={13},
  number={4},
  pages={600--612},
  year={2004},
  publisher={IEEE}
}

@article{corr,
  title={fMRI-based inter-subject cortical alignment using functional connectivity},
  author={Conroy, Bryan and Singer, Ben and Haxby, James and Ramadge, Peter J},
  journal={Advances in neural information processing systems},
  volume={22},
  year={2009}
}

@article{alex,
  title={Imagenet classification with deep convolutional neural networks},
  author={Krizhevsky, Alex and Sutskever, Ilya and Hinton, Geoffrey E},
  journal={Advances in neural information processing systems},
  volume={25},
  year={2012}
}

@article{swav,
  title={Unsupervised learning of visual features by contrasting cluster assignments},
  author={Caron, Mathilde and Misra, Ishan and Mairal, Julien and Goyal, Priya and Bojanowski, Piotr and Joulin, Armand},
  journal={Advances in neural information processing systems},
  volume={33},
  pages={9912--9924},
  year={2020}
}

@inproceedings{effi,
  title={Efficientnet: Rethinking model scaling for convolutional neural networks},
  author={Tan, Mingxing and Le, Quoc},
  booktitle={ICML},
  pages={6105--6114},
  year={2019},
  organization={PMLR}
}

@inproceedings{inception,
  title={Rethinking the inception architecture for computer vision},
  author={Szegedy, Christian and Vanhoucke, Vincent and Ioffe, Sergey and Shlens, Jon and Wojna, Zbigniew},
  booktitle={Proceedings of the IEEE conference on computer vision and pattern recognition},
  pages={2818--2826},
  year={2016}
}

@inproceedings{coco,
  title={Microsoft coco: Common objects in context},
  author={Lin, Tsung-Yi and Maire, Michael and Belongie, Serge and Hays, James and Perona, Pietro and Ramanan, Deva and Doll{\'a}r, Piotr and Zitnick, C Lawrence},
  booktitle={Computer Vision--ECCV 2014: 13th European Conference, Zurich, Switzerland, September 6-12, 2014, Proceedings, Part V 13},
  pages={740--755},
  year={2014},
  organization={Springer}
}

@article{clipmused,
  title={CLIP-MUSED: CLIP-Guided Multi-Subject Visual Neural Information Semantic Decoding},
  author={Zhou, Qiongyi and Du, Changde and Wang, Shengpei and He, Huiguang},
  journal={ICLR},
  year={2024}
}

@article{mixco,
  title={Mixco: Mix-up contrastive learning for visual representation},
  author={Kim, Sungnyun and Lee, Gihun and Bae, Sangmin and Yun, Se-Young},
  journal={arXiv preprint arXiv:2010.06300},
  year={2020}
}

@article{ridgeregression,
  title={Ridge regression in practice},
  author={Marquardt, Donald W and Snee, Ronald D},
  journal={The American Statistician},
  volume={29},
  number={1},
  pages={3--20},
  year={1975},
  publisher={Taylor \& Francis}
}

@article{mindbridge,
  author = {Wang, S. and Liu, S. and Tan, Z. and Wang, X.},
  title = {Mindbridge: A cross-subject brain decoding framework},
  booktitle = {Proceedings of the IEEE/CVF Conference on Computer Vision and Pattern Recognition},
  pages = {11333--11342},
  year = {2024}
}

@inproceedings{umbrae,
  title={UMBRAE: Unified Multimodal Brain Decoding},
  author={Xia, Weihao and de Charette, Raoul and Öztireli, Cengiz and Xue, Jing-Hao},
  booktitle={European Conference on Computer Vision (ECCV)},
  year={2024}
}

@inproceedings{shenneuro,
  title={Neuro-Vision to Language: Enhancing Brain Recording-based Visual Reconstruction and Language Interaction},
  author={Shen, Guobin and Zhao, Dongcheng and He, Xiang and Feng, Linghao and Dong, Yiting and Wang, Jihang and Zhang, Qian and Zeng, Yi},
  booktitle={The Thirty-eighth Annual Conference on Neural Information Processing Systems}
}

@article{fgwu,
  title={Aligning individual brains with fused unbalanced Gromov Wasserstein},
  author={Thual, Alexis and Tran, Quang Huy and Zemskova, Tatiana and Courty, Nicolas and Flamary, R{\'e}mi and Dehaene, Stanislas and Thirion, Bertrand},
  journal={Advances in neural information processing systems},
  volume={35},
  pages={21792--21804},
  year={2022}
}
@inproceedings{eccv25,
  title={Enhancing Cross-Subject fMRI-to-Video Decoding with Global-Local Functional Alignment},
  author={Li, Chong and Qian, Xuelin and Wang, Yun and Huo, Jingyang and Xue, Xiangyang and Fu, Yanwei and Feng, Jianfeng},
  booktitle={European Conference on Computer Vision},
  pages={353--369},
  year={2025},
  organization={Springer}
}
@article{througtheireye,
  title={Through their eyes: multi-subject Brain Decoding with simple alignment techniques},
  author={Ferrante, Matteo and Boccato, Tommaso and Ozcelik, Furkan and VanRullen, Rufin and Toschi, Nicola},
  journal={Imaging Neuroscience},
  volume={2},
  pages={1--21},
  year={2024},
  publisher={MIT Press 255 Main Street, 9th Floor, Cambridge, Massachusetts 02142, USA~…}
}

@article{Bazeille2021,
  title={An empirical evaluation of functional alignment using inter-subject decoding},
  author={Bazeille, T. and DuPre, E. and Richard, H. and Poline, J.B. and Thirion, B.},
  journal={NeuroImage},
  volume={245},
  pages={118683},
  year={2021},
  doi={10.1016/j.neuroimage.2021.118683},
  url={https://www.sciencedirect.com/science/article/pii/S1053811921009563}
}
@article{Conroy2009,
  title={fMRI-based inter-subject cortical alignment using functional connectivity},
  author={Conroy, B. and Singer, B. and Haxby, J. and Ramadge, P.J.},
  journal={Advances in neural information processing systems},
  volume={22},
  year={2009}
}
@article{Sabuncu2009,
  title={Function-based Intersubject Alignment of Human Cortical Anatomy},
  author={Sabuncu, M.R. and Singer, B.D. and Conroy, B. and Bryan, R.E. and Ramadge, P.J. and Haxby, J.V.},
  journal={Cerebral Cortex},
  volume={20},
  number={1},
  pages={130--140},
  year={2009},
  doi={10.1093/cercor/bhp085}
}
@article{Bazeille2019,
  title={Local optimal transport for functional brain template estimation},
  author={Bazeille, T. and Richard, H. and Janati, H. and Thirion, B.},
  booktitle={Information Processing in Medical Imaging},
  year={2019},
  note={CorpusID:162169103}
}
@article{Haxby2011,
  title={A common, high-dimensional model of the representational space in human ventral temporal cortex},
  author={Haxby, J. and Guntupalli, J. and Connolly, A. and Halchenko, Y. and Conroy, B. and Gobbini, M. and Hanke, M. and Ramadge, P.},
  journal={Neuron},
  volume={72},
  number={2},
  pages={404--416},
  year={2011},
  doi={10.1016/j.neuron.2011.08.026},
  url={https://www.sciencedirect.com/science/article/pii/S0896627311007811}
}
@article{Gao2020,
  title={Decoding brain states from fMRI signals by using unsupervised domain adaptation},
  author={Gao, Y. and Zhang, Y. and Cao, Z. and Guo, X. and Zhang, J.},
  journal={IEEE Journal of Biomedical and Health Informatics},
  volume={24},
  number={6},
  pages={1677--1685},
  year={2020},
  doi={10.1109/JBHI.2019.2940695}
}
@InProceedings{psychomery,
    author    = {Quan, Ruijie and Wang, Wenguan and Tian, Zhibo and Ma, Fan and Yang, Yi},
    title     = {Psychometry: An Omnifit Model for Image Reconstruction from Human Brain Activity},
    booktitle = {Proceedings of the IEEE/CVF Conference on Computer Vision and Pattern Recognition (CVPR)},
    month     = {June},
    year      = {2024},
    pages     = {233-243}
}

% singel-subject
@article{gu2022decoding,
  title={Decoding natural image stimuli from fmri data with a surface-based convolutional network},
  author={Gu, Z and Jamison, K and Kuceyeski, A and Sabuncu, M},
  journal={arXiv preprint arXiv:2212.02409},
  year={2022}
}
@inproceedings{ozcelik2022reconstruction,
  title={Reconstruction of perceived images from fmri patterns and semantic brain exploration using instance-conditioned gans},
  author={Ozcelik, F and Choksi, B and Mozafari, M and Reddy, L and VanRullen, R},
  booktitle={2022 International Joint Conference on Neural Networks (IJCNN)},
  pages={1--8},
  year={2022},
  organization={IEEE}
}
@article{seeliger2018generative,
  title={Generative adversarial networks for reconstructing natural images from brain activity},
  author={Seeliger, K and Güçlü, U and Ambrogioni, L and Güçlütürk, Y and Van Gerven, MA},
  journal={NeuroImage},
  volume={181},
  pages={775--785},
  year={2018}
}


@inproceedings{chen2023seeing,
  title={Seeing beyond the brain: Conditional diffusion model with sparse masked modeling for vision decoding},
  author={Chen, Z and Qing, J and Xiang, T and Yue, WL and Zhou, JH},
  booktitle={Proceedings of the IEEE/CVF Conference on Computer Vision and Pattern Recognition},
  pages={22710--22720},
  year={2023}
}


@inproceedings{Minddiffuser,
  title={Minddiffuser: Controlled image reconstruction from human brain activity with semantic and structural diffusion},
  author={Lu, Y and Du, C and Zhou, Q and Wang, D and He, H},
  booktitle={Proceedings of the 31st ACM International Conference on Multimedia},
  pages={5899--5908},
  year={2023}
}