@article{Bao2024,
  author = {Bao, G. and Gong, Z. and Zhang, Q. and Zhou, J. and Fan, W. and Yi, K. and Naseem, U. and Hu, L. and Miao, D.},
  title = {Wills Aligner: A Robust Multi-Subject Brain Representation Learner},
  journal = {arXiv preprint arXiv:2404.13282},
  year = {2024}
}

@article{Bazeille2019,
  title={Local optimal transport for functional brain template estimation},
  author={Bazeille, T. and Richard, H. and Janati, H. and Thirion, B.},
  booktitle={Information Processing in Medical Imaging},
  year={2019},
  note={CorpusID:162169103}
}

@article{Horikawa2017,
  author = {Horikawa, Tomoyasu and Kamitani, Yukiyasu},
  title = {Generic decoding of seen and imagined objects using hierarchical visual features},
  journal = {Nature communications},
  volume = {8},
  number = {1},
  pages = {15037},
  year = {2017}
}

@article{Lin2022,
  author = {Lin, Sikun and Sprague, Thomas and Singh, Ambuj K},
  title = {Mind reader: Reconstructing complex images from brain activities},
  journal = {Advances in Neural Information Processing Systems},
  volume = {35},
  pages = {29624--29636},
  year = {2022}
}

@article{Naselaris2011,
  author = {Naselaris, Thomas and Kay, Kendrick N and Nishimoto, Shinji and Gallant, Jack L},
  title = {Encoding and decoding in fMRI},
  journal = {Neuroimage},
  volume = {56},
  number = {2},
  pages = {400--410},
  year = {2011}
}

@article{Shen2019,
  author = {Shen, Guohua and Horikawa, Tomoyasu and Majima, Kei and Kamitani, Yukiyasu},
  title = {Deep image reconstruction from human brain activity},
  journal = {PLoS computational biology},
  volume = {15},
  number = {1},
  pages = {e1006633},
  year = {2019}
}

@article{Takagi2023,
  author = {Takagi, Yu and Nishimoto, Shinji},
  title = {High-resolution image reconstruction with latent diffusion models from human brain activity},
  booktitle = {Proceedings of the IEEE/CVF Conference on Computer Vision and Pattern Recognition},
  pages = {14453--14463},
  year = {2023}
}

@article{Thual2023,
  author = {Thual, A. and Benchetrit, Y. and Geilert, F. and Rapin, J. and Makarov, I. and Banville, H. and King, J.-R.},
  title = {Aligning brain functions boosts the decoding of visual semantics in novel subjects},
  journal = {arXiv preprint arXiv:2312.06467},
  year = {2023}
}

@inproceedings{chen2023seeing,
  title={Seeing beyond the brain: Conditional diffusion model with sparse masked modeling for vision decoding},
  author={Chen, Z and Qing, J and Xiang, T and Yue, WL and Zhou, JH},
  booktitle={Proceedings of the IEEE/CVF Conference on Computer Vision and Pattern Recognition},
  pages={22710--22720},
  year={2023}
}

@article{diffusion,
  title={Denoising diffusion probabilistic models},
  author={Ho, Jonathan and Jain, Ajay and Abbeel, Pieter},
  journal={Advances in neural information processing systems},
  volume={33},
  pages={6840--6851},
  year={2020}
}

@article{difumo,
  title={Fine-grain atlases of functional modes for fMRI analysis},
  author={Dadi, Kamalaker and Varoquaux, Ga{\"e}l and Machlouzarides-Shalit, Antonia and Gorgolewski, Krzysztof J and Wassermann, Demian and Thirion, Bertrand and Mensch, Arthur},
  journal={NeuroImage},
  volume={221},
  pages={117126},
  year={2020},
  publisher={Elsevier}
}

@article{fgwu,
  title={Aligning individual brains with fused unbalanced Gromov Wasserstein},
  author={Thual, Alexis and Tran, Quang Huy and Zemskova, Tatiana and Courty, Nicolas and Flamary, R{\'e}mi and Dehaene, Stanislas and Thirion, Bertrand},
  journal={Advances in neural information processing systems},
  volume={35},
  pages={21792--21804},
  year={2022}
}

@article{finn2017brain,
  title={Can brain state be manipulated to emphasize individual differences in functional connectivity?},
  author={Finn, Emily S and Scheinost, Dustin and Finn, Daniel M and Shen, Xilin and Papademetris, Xenophon and Constable, R Todd},
  journal={NeuroImage},
  volume={160},
  pages={140--151},
  year={2017}
}

@article{gan,
  title={Generative adversarial networks},
  author={Goodfellow, Ian and Pouget-Abadie, Jean and Mirza, Mehdi and Xu, Bing and Warde-Farley, David and Ozair, Sherjil and Courville, Aaron and Bengio, Yoshua},
  journal={Communications of the ACM},
  volume={63},
  number={11},
  pages={139--144},
  year={2020},
  publisher={ACM New York, NY, USA}
}

@article{gao2023mind,
  title={MinD-3D: Reconstruct High-quality 3D objects in Human Brain},
  author={Gao, Jianxiong and Fu, Yuqian and Wang, Yun and Qian, Xuelin and Feng, Jianfeng and Fu, Yanwei},
  journal={arXiv preprint arXiv:2312.07485},
  year={2023}
}

@article{gao2024fmri,
  title={fMRI-3D: A Comprehensive Dataset for Enhancing fMRI-based 3D Reconstruction},
  author={Gao, Jianxiong and Fu, Yuqian and Wang, Yun and Qian, Xuelin and Feng, Jianfeng and Fu, Yanwei},
  journal={arXiv preprint arXiv:2409.11315},
  year={2024}
}

@article{gu2022decoding,
  title={Decoding natural image stimuli from fmri data with a surface-based convolutional network},
  author={Gu, Z and Jamison, K and Kuceyeski, A and Sabuncu, M},
  journal={arXiv preprint arXiv:2212.02409},
  year={2022}
}

@article{maisurvey,
  title={Brain-conditional multimodal synthesis: A survey and taxonomy},
  author={Mai, Weijian and Zhang, Jian and Fang, Pengfei and Zhang, Zhijun},
  journal={IEEE Transactions on Artificial Intelligence},
  year={2024},
  publisher={IEEE}
}

@article{maiunibrain,
  title={Unibrain: Unify image reconstruction and captioning all in one diffusion model from human brain activity},
  author={Mai, Weijian and Zhang, Zhijun},
  journal={arXiv preprint arXiv:2308.07428},
  year={2023}
}

@article{mindbridge,
  author = {Wang, S. and Liu, S. and Tan, Z. and Wang, X.},
  title = {Mindbridge: A cross-subject brain decoding framework},
  booktitle = {Proceedings of the IEEE/CVF Conference on Computer Vision and Pattern Recognition},
  pages = {11333--11342},
  year = {2024}
}

@article{mindeyev1,
  title={Reconstructing the mind's eye: fMRI-to-image with contrastive learning and diffusion priors},
  author={Scotti, Paul and Banerjee, Atmadeep and Goode, Jimmie and Shabalin, Stepan and Nguyen, Alex and Dempster, Aidan and Verlinde, Nathalie and Yundler, Elad and Weisberg, David and Norman, Kenneth and others},
  journal={Advances in Neural Information Processing Systems},
  volume={36},
  year={2024}
}

@inproceedings{mindeyev2,
  title = {MindEye2: Shared-Subject Models Enable fMRI-To-Image With 1 Hour of Data},
  author = {Scotti, P. S. and Tripathy, M. and Villanueva, C. K. T. and Kneeland, R. and Chen, T. and Narang, A. and Santhirasegaran, C. and Xu, J. and Naselaris, T. and Norman, K. A. et al.},
  booktitle = {ICML},
  year = {2024}
}

@article{mindshot,
  title={MindShot: Brain Decoding Framework Using Only One Image},
  author={Jiang, Shuai and Meng, Zhu and Liu, Delong and Li, Haiwen and Su, Fei and Zhao, Zhicheng},
  journal={arXiv preprint arXiv:2405.15278},
  year={2024}
}

@article{mindtuner,
  title={MindTuner: Cross-Subject Visual Decoding with Visual Fingerprint and Semantic Correction},
  author={Gong, Zixuan and Zhang, Qi and Bao, Guangyin and Zhu, Lei and Liu, Ke and Hu, Liang and Miao, Duoqian},
  journal={arXiv preprint arXiv:2404.12630},
  year={2024}
}

@article{nsd,
  title={A massive 7T fMRI dataset to bridge cognitive neuroscience and artificial intelligence},
  author={Allen, Emily J and St-Yves, Ghislain and Wu, Yihan and Breedlove, Jesse L and Prince, Jacob S and Dowdle, Logan T and Nau, Matthias and Caron, Brad and Pestilli, Franco and Charest, Ian and others},
  journal={Nature neuroscience},
  volume={25},
  number={1},
  pages={116--126},
  year={2022},
  publisher={Nature Publishing Group US New York}
}

@inproceedings{ozcelik2022reconstruction,
  title={Reconstruction of perceived images from fmri patterns and semantic brain exploration using instance-conditioned gans},
  author={Ozcelik, F and Choksi, B and Mozafari, M and Reddy, L and VanRullen, R},
  booktitle={2022 International Joint Conference on Neural Networks (IJCNN)},
  pages={1--8},
  year={2022},
  organization={IEEE}
}

@article{rastegarnia2023brain,
  title={Brain decoding of the Human Connectome Project tasks in a dense individual fMRI dataset},
  author={Rastegarnia, Shima and St-Laurent, Marie and DuPre, Elizabeth and Pinsard, Basile and Bellec, Pierre},
  journal={NeuroImage},
  volume={283},
  pages={120395},
  year={2023},
  publisher={Elsevier}
}

@inproceedings{shenneuro,
  title={Neuro-Vision to Language: Enhancing Brain Recording-based Visual Reconstruction and Language Interaction},
  author={Shen, Guobin and Zhao, Dongcheng and He, Xiang and Feng, Linghao and Dong, Yiting and Wang, Jihang and Zhang, Qian and Zeng, Yi},
  booktitle={The Thirty-eighth Annual Conference on Neural Information Processing Systems}
}

@article{througtheireye,
  title={Through their eyes: multi-subject Brain Decoding with simple alignment techniques},
  author={Ferrante, Matteo and Boccato, Tommaso and Ozcelik, Furkan and VanRullen, Rufin and Toschi, Nicola},
  journal={Imaging Neuroscience},
  volume={2},
  pages={1--21},
  year={2024},
  publisher={MIT Press 255 Main Street, 9th Floor, Cambridge, Massachusetts 02142, USA~â€¦}
}

