% Use this file for citations not found in the ACL Anthology (contained in "anthology.bib").

@article{brown2020language,
  title={Language models are few-shot learners},
  author={Brown, Tom and Mann, Benjamin and Ryder, Nick and Subbiah, Melanie and Kaplan, Jared D and Dhariwal, Prafulla and Neelakantan, Arvind and Shyam, Pranav and Sastry, Girish and Askell, Amanda and others},
  journal={Advances in neural information processing systems},
  volume={33},
  pages={1877--1901},
  year={2020}
}

@article{ouyang2022training,
  title={Training language models to follow instructions with human feedback},
  author={Ouyang, Long and Wu, Jeffrey and Jiang, Xu and Almeida, Diogo and Wainwright, Carroll and Mishkin, Pamela and Zhang, Chong and Agarwal, Sandhini and Slama, Katarina and Ray, Alex and others},
  journal={Advances in neural information processing systems},
  volume={35},
  pages={27730--27744},
  year={2022}
}

@article{wang2023chatgpt,
  title={Is chatgpt a good nlg evaluator? a preliminary study},
  author={Wang, Jiaan and Liang, Yunlong and Meng, Fandong and Sun, Zengkui and Shi, Haoxiang and Li, Zhixu and Xu, Jinan and Qu, Jianfeng and Zhou, Jie},
  journal={arXiv preprint arXiv:2303.04048},
  year={2023}
}

@article{
    deepseekr1lite,
    title={deepseekr1lite},
    author={deepseek},
    journal={website},
    url={https://www.deepseek.com/},
    year={2024}
}

@article{
    Openo1,
    title={OpenO1},
    author={OpenO1 Team},
    journal={Github},
    url={https://github.com/Open-Source-O1/Open-O1},
    year={2024}
}


@article{hinton2015distilling,
  title={Distilling the Knowledge in a Neural Network},
  author={Hinton, Geoffrey},
  journal={arXiv preprint arXiv:1503.02531},
  year={2015}
}

@article{zhou2023lima,
  title={LIMA: Less Is More for Alignment. arXiv, Article},
  author={Zhou, C and Liu, P and Xu, P and Iyer, S and Sun, J and Mao, Y and Ma, X and Efrat, A and Yu, P and Yu, L and others},
  journal={arXiv preprint arXiv:2305.11206},
  year={2023}
}

@article{gunasekar2023textbooks,
  title={Textbooks are all you need},
  author={Gunasekar, Suriya and Zhang, Yi and Aneja, Jyoti and Mendes, Caio C{\'e}sar Teodoro and Del Giorno, Allie and Gopi, Sivakanth and Javaheripi, Mojan and Kauffmann, Piero and de Rosa, Gustavo and Saarikivi, Olli and others},
  journal={arXiv preprint arXiv:2306.11644},
  year={2023}
}

@article{chen2021evaluating,
  title={Evaluating large language models trained on code},
  author={Chen, Mark and Tworek, Jerry and Jun, Heewoo and Yuan, Qiming and Pinto, Henrique Ponde De Oliveira and Kaplan, Jared and Edwards, Harri and Burda, Yuri and Joseph, Nicholas and Brockman, Greg and others},
  journal={arXiv preprint arXiv:2107.03374},
  year={2021}
}

@article{zelikman2022star,
  title={Star: Bootstrapping reasoning with reasoning},
  author={Zelikman, Eric and Wu, Yuhuai and Mu, Jesse and Goodman, Noah},
  journal={Advances in Neural Information Processing Systems},
  volume={35},
  pages={15476--15488},
  year={2022}
}

@article{yu2023metamath,
  title={Metamath: Bootstrap your own mathematical questions for large language models},
  author={Yu, Longhui and Jiang, Weisen and Shi, Han and Yu, Jincheng and Liu, Zhengying and Zhang, Yu and Kwok, James T and Li, Zhenguo and Weller, Adrian and Liu, Weiyang},
  journal={arXiv preprint arXiv:2309.12284},
  year={2023}
}

@article{huang2024o1,
  title={O1 Replication Journey--Part 2: Surpassing O1-preview through Simple Distillation, Big Progress or Bitter Lesson?},
  author={Huang, Zhen and Zou, Haoyang and Li, Xuefeng and Liu, Yixiu and Zheng, Yuxiang and Chern, Ethan and Xia, Shijie and Qin, Yiwei and Yuan, Weizhe and Liu, Pengfei},
  journal={arXiv preprint arXiv:2411.16489},
  year={2024}
}

@misc{deepseekai2025deepseekr1incentivizingreasoningcapability,
      title={DeepSeek-R1: Incentivizing Reasoning Capability in LLMs via Reinforcement Learning}, 
      author={DeepSeek-AI and Daya Guo and Dejian Yang and Haowei Zhang and Junxiao Song and Ruoyu Zhang and Runxin Xu and Qihao Zhu and Shirong Ma and Peiyi Wang and Xiao Bi and Xiaokang Zhang and Xingkai Yu and Yu Wu and Z. F. Wu and Zhibin Gou and Zhihong Shao and Zhuoshu Li and Ziyi Gao and Aixin Liu and Bing Xue and Bingxuan Wang and Bochao Wu and Bei Feng and Chengda Lu and Chenggang Zhao and Chengqi Deng and Chenyu Zhang and Chong Ruan and Damai Dai and Deli Chen and Dongjie Ji and Erhang Li and Fangyun Lin and Fucong Dai and Fuli Luo and Guangbo Hao and Guanting Chen and Guowei Li and H. Zhang and Han Bao and Hanwei Xu and Haocheng Wang and Honghui Ding and Huajian Xin and Huazuo Gao and Hui Qu and Hui Li and Jianzhong Guo and Jiashi Li and Jiawei Wang and Jingchang Chen and Jingyang Yuan and Junjie Qiu and Junlong Li and J. L. Cai and Jiaqi Ni and Jian Liang and Jin Chen and Kai Dong and Kai Hu and Kaige Gao and Kang Guan and Kexin Huang and Kuai Yu and Lean Wang and Lecong Zhang and Liang Zhao and Litong Wang and Liyue Zhang and Lei Xu and Leyi Xia and Mingchuan Zhang and Minghua Zhang and Minghui Tang and Meng Li and Miaojun Wang and Mingming Li and Ning Tian and Panpan Huang and Peng Zhang and Qiancheng Wang and Qinyu Chen and Qiushi Du and Ruiqi Ge and Ruisong Zhang and Ruizhe Pan and Runji Wang and R. J. Chen and R. L. Jin and Ruyi Chen and Shanghao Lu and Shangyan Zhou and Shanhuang Chen and Shengfeng Ye and Shiyu Wang and Shuiping Yu and Shunfeng Zhou and Shuting Pan and S. S. Li and Shuang Zhou and Shaoqing Wu and Shengfeng Ye and Tao Yun and Tian Pei and Tianyu Sun and T. Wang and Wangding Zeng and Wanjia Zhao and Wen Liu and Wenfeng Liang and Wenjun Gao and Wenqin Yu and Wentao Zhang and W. L. Xiao and Wei An and Xiaodong Liu and Xiaohan Wang and Xiaokang Chen and Xiaotao Nie and Xin Cheng and Xin Liu and Xin Xie and Xingchao Liu and Xinyu Yang and Xinyuan Li and Xuecheng Su and Xuheng Lin and X. Q. Li and Xiangyue Jin and Xiaojin Shen and Xiaosha Chen and Xiaowen Sun and Xiaoxiang Wang and Xinnan Song and Xinyi Zhou and Xianzu Wang and Xinxia Shan and Y. K. Li and Y. Q. Wang and Y. X. Wei and Yang Zhang and Yanhong Xu and Yao Li and Yao Zhao and Yaofeng Sun and Yaohui Wang and Yi Yu and Yichao Zhang and Yifan Shi and Yiliang Xiong and Ying He and Yishi Piao and Yisong Wang and Yixuan Tan and Yiyang Ma and Yiyuan Liu and Yongqiang Guo and Yuan Ou and Yuduan Wang and Yue Gong and Yuheng Zou and Yujia He and Yunfan Xiong and Yuxiang Luo and Yuxiang You and Yuxuan Liu and Yuyang Zhou and Y. X. Zhu and Yanhong Xu and Yanping Huang and Yaohui Li and Yi Zheng and Yuchen Zhu and Yunxian Ma and Ying Tang and Yukun Zha and Yuting Yan and Z. Z. Ren and Zehui Ren and Zhangli Sha and Zhe Fu and Zhean Xu and Zhenda Xie and Zhengyan Zhang and Zhewen Hao and Zhicheng Ma and Zhigang Yan and Zhiyu Wu and Zihui Gu and Zijia Zhu and Zijun Liu and Zilin Li and Ziwei Xie and Ziyang Song and Zizheng Pan and Zhen Huang and Zhipeng Xu and Zhongyu Zhang and Zhen Zhang},
      year={2025},
      eprint={2501.12948},
      archivePrefix={arXiv},
      primaryClass={cs.CL},
      url={https://arxiv.org/abs/2501.12948}, 
}

@article{kim2016sequence,
  title={Sequence-level knowledge distillation},
  author={Kim, Yoon and Rush, Alexander M},
  journal={arXiv preprint arXiv:1606.07947},
  year={2016}
}

@inproceedings{fu2023specializing,
  title={Specializing smaller language models towards multi-step reasoning},
  author={Fu, Yao and Peng, Hao and Ou, Litu and Sabharwal, Ashish and Khot, Tushar},
  booktitle={International Conference on Machine Learning},
  pages={10421--10430},
  year={2023},
  organization={PMLR}
}

@article{li2023symbolic,
  title={Symbolic chain-of-thought distillation: Small models can also" think" step-by-step},
  author={Li, Liunian Harold and Hessel, Jack and Yu, Youngjae and Ren, Xiang and Chang, Kai-Wei and Choi, Yejin},
  journal={arXiv preprint arXiv:2306.14050},
  year={2023}
}

@article{wen2023f,
  title={f-Divergence Minimization for Sequence-Level Knowledge Distillation},
  author={Wen, Yuqiao and Li, Zichao and Du, Wenyu and Mou, Lili},
  journal={arXiv preprint arXiv:2307.15190},
  year={2023}
}

@inproceedings{gu2024minillm,
  title={MiniLLM: Knowledge distillation of large language models},
  author={Gu, Yuxian and Dong, Li and Wei, Furu and Huang, Minlie},
  booktitle={The Twelfth International Conference on Learning Representations},
  year={2024}
}

@article{zhang2024dual,
  title={Dual-Space Knowledge Distillation for Large Language Models},
  author={Zhang, Songming and Zhang, Xue and Sun, Zengkui and Chen, Yufeng and Xu, Jinan},
  journal={arXiv preprint arXiv:2406.17328},
  year={2024}
}

@article{li2022asymmetric,
  title={Asymmetric temperature scaling makes larger networks teach well again},
  author={Li, Xin-Chun and Fan, Wen-Shu and Song, Shaoming and Li, Yinchuan and Yunfeng, Shao and Zhan, De-Chuan and others},
  journal={Advances in neural information processing systems},
  volume={35},
  pages={3830--3842},
  year={2022}
}

@article{huang2022knowledge,
  title={Knowledge distillation from a stronger teacher},
  author={Huang, Tao and You, Shan and Wang, Fei and Qian, Chen and Xu, Chang},
  journal={Advances in Neural Information Processing Systems},
  volume={35},
  pages={33716--33727},
  year={2022}
}

@article{niu2024efficient,
  title={Efficient and Robust Knowledge Distillation from A Stronger Teacher Based on Correlation Matching},
  author={Niu, Wenqi and Wang, Yingchao and Cai, Guohui and Hou, Hanpo},
  journal={arXiv preprint arXiv:2410.06561},
  year={2024}
}

@article{qiu2022better,
  title={Better teacher better student: Dynamic prior knowledge for knowledge distillation},
  author={Qiu, Zengyu and Ma, Xinzhu and Yang, Kunlin and Liu, Chunya and Hou, Jun and Yi, Shuai and Ouyang, Wanli},
  journal={arXiv preprint arXiv:2206.06067},
  year={2022}
}

@article{cui2024sinkhorn,
  title={Sinkhorn Distance Minimization for Knowledge Distillation},
  author={Cui, Xiao and Qin, Yulei and Gao, Yuting and Zhang, Enwei and Xu, Zihan and Wu, Tong and Li, Ke and Sun, Xing and Zhou, Wengang and Li, Houqiang},
  journal={arXiv preprint arXiv:2402.17110},
  year={2024}
}

@article{zhang2024plad,
  title={PLaD: Preference-based Large Language Model Distillation with Pseudo-Preference Pairs},
  author={Zhang, Rongzhi and Shen, Jiaming and Liu, Tianqi and Wang, Haorui and Qin, Zhen and Han, Feng and Liu, Jialu and Baumgartner, Simon and Bendersky, Michael and Zhang, Chao},
  journal={arXiv preprint arXiv:2406.02886},
  year={2024}
}

@article{zhang2023not,
  title={Do not blindly imitate the teacher: Using perturbed loss for knowledge distillation},
  author={Zhang, Rongzhi and Shen, Jiaming and Liu, Tianqi and Liu, Jialu and Bendersky, Michael and Najork, Marc and Zhang, Chao},
  journal={arXiv preprint arXiv:2305.05010},
  year={2023}
}

@article{agarwal2023gkd,
  title={Gkd: Generalized knowledge distillation for auto-regressive sequence models},
  author={Agarwal, Rishabh and Vieillard, Nino and Stanczyk, Piotr and Ramos, Sabela and Geist, Matthieu and Bachem, Olivier},
  journal={arXiv preprint arXiv:2306.13649},
  year={2023}
}

@article{li2024direct,
  title={Direct preference knowledge distillation for large language models},
  author={Li, Yixing and Gu, Yuxian and Dong, Li and Wang, Dequan and Cheng, Yu and Wei, Furu},
  journal={arXiv preprint arXiv:2406.19774},
  year={2024}
}

@article{mirzadeh2019improved,
  title={Improved Knowledge Distillation via Teacher Assistant: Bridging the Gap Between Student and Teacher. CoRR abs/1902.03393 (2019)},
  author={Mirzadeh, Seyed-Iman and Farajtabar, Mehrdad and Li, Ang and Ghasemzadeh, Hassan},
  journal={arXiv preprint arXiv:1902.03393},
  year={2019}
}

@article{tu2020engine,
  title={ENGINE: Energy-based inference networks for non-autoregressive machine translation},
  author={Tu, Lifu and Pang, Richard Yuanzhe and Wiseman, Sam and Gimpel, Kevin},
  journal={arXiv preprint arXiv:2005.00850},
  year={2020}
}

@inproceedings{buciluǎ2006model,
  title={Model compression},
  author={Buciluǎ, Cristian and Caruana, Rich and Niculescu-Mizil, Alexandru},
  booktitle={Proceedings of the 12th ACM SIGKDD international conference on Knowledge discovery and data mining},
  pages={535--541},
  year={2006}
}

@article{zhang2023lifting,
  title={Lifting the curse of capacity gap in distilling language models},
  author={Zhang, Chen and Yang, Yang and Liu, Jiahao and Wang, Jingang and Xian, Yunsen and Wang, Benyou and Song, Dawei},
  journal={arXiv preprint arXiv:2305.12129},
  year={2023}
}

@article{zhang2023towards,
  title={Towards the law of capacity gap in distilling language models},
  author={Zhang, Chen and Song, Dawei and Ye, Zheyu and Gao, Yan},
  journal={arXiv preprint arXiv:2311.07052},
  year={2023}
}

@inproceedings{liang2023less,
  title={Less is more: Task-aware layer-wise distillation for language model compression},
  author={Liang, Chen and Zuo, Simiao and Zhang, Qingru and He, Pengcheng and Chen, Weizhu and Zhao, Tuo},
  booktitle={International Conference on Machine Learning},
  pages={20852--20867},
  year={2023},
  organization={PMLR}
}

@article{taori2023alpaca,
  title={Alpaca: A strong, replicable instruction-following model},
  author={Taori, Rohan and Gulrajani, Ishaan and Zhang, Tianyi and Dubois, Yann and Li, Xuechen and Guestrin, Carlos and Liang, Percy and Hashimoto, Tatsunori B},
  journal={Stanford Center for Research on Foundation Models. https://crfm. stanford. edu/2023/03/13/alpaca. html},
  volume={3},
  number={6},
  pages={7},
  year={2023}
}

@article{tian2019contrastive,
  title={Contrastive representation distillation},
  author={Tian, Yonglong and Krishnan, Dilip and Isola, Phillip},
  journal={arXiv preprint arXiv:1910.10699},
  year={2019}
}

@article{sun2019patient,
  title={Patient knowledge distillation for bert model compression},
  author={Sun, Siqi and Cheng, Yu and Gan, Zhe and Liu, Jingjing},
  journal={arXiv preprint arXiv:1908.09355},
  year={2019}
}

@article{sanh2019distilbert,
  title={DistilBERT, a distilled version of BERT: smaller, faster, cheaper and lighter},
  author={Sanh, V},
  journal={arXiv preprint arXiv:1910.01108},
  year={2019}
}

@article{yuan2024advancing,
  title={Advancing llm reasoning generalists with preference trees},
  author={Yuan, Lifan and Cui, Ganqu and Wang, Hanbin and Ding, Ning and Wang, Xingyao and Deng, Jia and Shan, Boji and Chen, Huimin and Xie, Ruobing and Lin, Yankai and others},
  journal={arXiv preprint arXiv:2404.02078},
  year={2024}
}

@article{zhang2025best,
  title={The Best Instruction-Tuning Data are Those That Fit},
  author={Zhang, Dylan and Dai, Qirun and Peng, Hao Peng},
  journal={arXiv preprint arXiv:2502.04194},
  year={2025}
}

@article{hendrycks2021measuring,
  title={Measuring mathematical problem solving with the math dataset},
  author={Hendrycks, Dan and Burns, Collin and Kadavath, Saurav and Arora, Akul and Basart, Steven and Tang, Eric and Song, Dawn and Steinhardt, Jacob},
  journal={arXiv preprint arXiv:2103.03874},
  year={2021}
}

@article{qwen2.5,
    title   = {Qwen2.5 Technical Report}, 
    author  = {An Yang and Baosong Yang and Beichen Zhang and Binyuan Hui and Bo Zheng and Bowen Yu and Chengyuan Li and Dayiheng Liu and Fei Huang and Haoran Wei and Huan Lin and Jian Yang and Jianhong Tu and Jianwei Zhang and Jianxin Yang and Jiaxi Yang and Jingren Zhou and Junyang Lin and Kai Dang and Keming Lu and Keqin Bao and Kexin Yang and Le Yu and Mei Li and Mingfeng Xue and Pei Zhang and Qin Zhu and Rui Men and Runji Lin and Tianhao Li and Tingyu Xia and Xingzhang Ren and Xuancheng Ren and Yang Fan and Yang Su and Yichang Zhang and Yu Wan and Yuqiong Liu and Zeyu Cui and Zhenru Zhang and Zihan Qiu},
    journal = {arXiv preprint arXiv:2412.15115},
    year    = {2024}
}


@article{cobbe2021training,
  title={Training verifiers to solve math word problems},
  author={Cobbe, Karl and Kosaraju, Vineet and Bavarian, Mohammad and Chen, Mark and Jun, Heewoo and Kaiser, Lukasz and Plappert, Matthias and Tworek, Jerry and Hilton, Jacob and Nakano, Reiichiro and others},
  journal={arXiv preprint arXiv:2110.14168},
  year={2021}
}

@article{rafailov2024direct,
  title={Direct preference optimization: Your language model is secretly a reward model},
  author={Rafailov, Rafael and Sharma, Archit and Mitchell, Eric and Manning, Christopher D and Ermon, Stefano and Finn, Chelsea},
  journal={Advances in Neural Information Processing Systems},
  volume={36},
  year={2024}
}

@article{bradley1952rank,
  title={Rank analysis of incomplete block designs: I. The method of paired comparisons},
  author={Bradley, Ralph Allan and Terry, Milton E},
  journal={Biometrika},
  volume={39},
  number={3/4},
  pages={324--345},
  year={1952},
  publisher={JSTOR}
}

@article{lai2024step,
  title={Step-dpo: Step-wise preference optimization for long-chain reasoning of llms},
  author={Lai, Xin and Tian, Zhuotao and Chen, Yukang and Yang, Senqiao and Peng, Xiangru and Jia, Jiaya},
  journal={arXiv preprint arXiv:2406.18629},
  year={2024}
}

@article{meta2024introducing,
  title={Introducing meta llama 3: The most capable openly available llm to date},
  author={Meta, AI},
  journal={Meta AI},
  year={2024}
}

@article{lightman2023let,
  title={Let's verify step by step},
  author={Lightman, Hunter and Kosaraju, Vineet and Burda, Yura and Edwards, Harri and Baker, Bowen and Lee, Teddy and Leike, Jan and Schulman, John and Sutskever, Ilya and Cobbe, Karl},
  journal={arXiv preprint arXiv:2305.20050},
  year={2023}
}

@article{hu2024openrlhf,
  title={OpenRLHF: An Easy-to-use, Scalable and High-performance RLHF Framework},
  author={Jian Hu and Xibin Wu and Zilin Zhu and Xianyu and Weixun Wang and Dehao Zhang and Yu Cao},
  journal={arXiv preprint arXiv:2405.11143},
  year={2024}
}

@inproceedings{lin2004rouge,
  title={Rouge: A package for automatic evaluation of summaries},
  author={Lin, Chin-Yew},
  booktitle={Text summarization branches out},
  pages={74--81},
  year={2004}
}

@article{wang2022super,
  title={Super-naturalinstructions: Generalization via declarative instructions on 1600+ nlp tasks},
  author={Wang, Yizhong and Mishra, Swaroop and Alipoormolabashi, Pegah and Kordi, Yeganeh and Mirzaei, Amirreza and Arunkumar, Anjana and Ashok, Arjun and Dhanasekaran, Arut Selvan and Naik, Atharva and Stap, David and others},
  journal={arXiv preprint arXiv:2204.07705},
  year={2022}
}

@article{yang2024qwen2,
  title={Qwen2 technical report},
  author={Yang, An and Yang, Baosong and Hui, Binyuan and Zheng, Bo and Yu, Bowen and Zhou, Chang and Li, Chengpeng and Li, Chengyuan and Liu, Dayiheng and Huang, Fei and others},
  journal={arXiv preprint arXiv:2407.10671},
  year={2024}
}
@article{jiao2019tinybert,
  title={Tinybert: Distilling bert for natural language understanding},
  author={Jiao, Xiaoqi and Yin, Yichun and Shang, Lifeng and Jiang, Xin and Chen, Xiao and Li, Linlin and Wang, Fang and Liu, Qun},
  journal={arXiv preprint arXiv:1909.10351},
  year={2019}
}
@article{ko2024distillm,
  title={Distillm: Towards streamlined distillation for large language models},
  author={Ko, Jongwoo and Kim, Sungnyun and Chen, Tianyi and Yun, Se-Young},
  journal={arXiv preprint arXiv:2402.03898},
  year={2024}
}


@article{christiano2017deep,
  title={Deep reinforcement learning from human preferences},
  author={Christiano, Paul F and Leike, Jan and Brown, Tom and Martic, Miljan and Legg, Shane and Amodei, Dario},
  journal={Advances in neural information processing systems},
  volume={30},
  year={2017}
}

@article{liu2024lipo,
  title={Lipo: Listwise preference optimization through learning-to-rank},
  author={Liu, Tianqi and Qin, Zhen and Wu, Junru and Shen, Jiaming and Khalman, Misha and Joshi, Rishabh and Zhao, Yao and Saleh, Mohammad and Baumgartner, Simon and Liu, Jialu and others},
  journal={arXiv preprint arXiv:2402.01878},
  year={2024}
}

@article{zhao2023slic,
  title={Slic-hf: Sequence likelihood calibration with human feedback},
  author={Zhao, Yao and Joshi, Rishabh and Liu, Tianqi and Khalman, Misha and Saleh, Mohammad and Liu, Peter J},
  journal={arXiv preprint arXiv:2305.10425},
  year={2023}
}

@article{yuan2024rrhf,
  title={RRHF: Rank responses to align language models with human feedback},
  author={Yuan, Hongyi and Yuan, Zheng and Tan, Chuanqi and Wang, Wei and Huang, Songfang and Huang, Fei},
  journal={Advances in Neural Information Processing Systems},
  volume={36},
  year={2024}
}

@article{liu2023statistical,
  title={Statistical rejection sampling improves preference optimization},
  author={Liu, Tianqi and Zhao, Yao and Joshi, Rishabh and Khalman, Misha and Saleh, Mohammad and Liu, Peter J and Liu, Jialu},
  journal={arXiv preprint arXiv:2309.06657},
  year={2023}
}

@article{meng2024simpo,
  title={Simpo: Simple preference optimization with a reference-free reward},
  author={Meng, Yu and Xia, Mengzhou and Chen, Danqi},
  journal={arXiv preprint arXiv:2405.14734},
  year={2024}
}

@inproceedings{lin2024mitigating,
  title={Mitigating the alignment tax of rlhf},
  author={Lin, Yong and Lin, Hangyu and Xiong, Wei and Diao, Shizhe and Liu, Jianmeng and Zhang, Jipeng and Pan, Rui and Wang, Haoxiang and Hu, Wenbin and Zhang, Hanning and others},
  booktitle={Proceedings of the 2024 Conference on Empirical Methods in Natural Language Processing},
  pages={580--606},
  year={2024}
}

@article{lu2024online,
  title={Online merging optimizers for boosting rewards and mitigating tax in alignment},
  author={Lu, Keming and Yu, Bowen and Huang, Fei and Fan, Yang and Lin, Runji and Zhou, Chang},
  journal={arXiv preprint arXiv:2405.17931},
  year={2024}
}


@article{xu2024speculative,
  title={Speculative Knowledge Distillation: Bridging the Teacher-Student Gap Through Interleaved Sampling},
  author={Xu, Wenda and Han, Rujun and Wang, Zifeng and Le, Long T and Madeka, Dhruv and Li, Lei and Wang, William Yang and Agarwal, Rishabh and Lee, Chen-Yu and Pfister, Tomas},
  journal={arXiv preprint arXiv:2410.11325},
  year={2024}
}

@article{wu2024rethinking,
  title={Rethinking kullback-leibler divergence in knowledge distillation for large language models},
  author={Wu, Taiqiang and Tao, Chaofan and Wang, Jiahao and Yang, Runming and Zhao, Zhe and Wong, Ngai},
  journal={arXiv preprint arXiv:2404.02657},
  year={2024}
}

@article{wang2022self,
  title={Self-instruct: Aligning language models with self-generated instructions},
  author={Wang, Yizhong and Kordi, Yeganeh and Mishra, Swaroop and Liu, Alisa and Smith, Noah A and Khashabi, Daniel and Hajishirzi, Hannaneh},
  journal={arXiv preprint arXiv:2212.10560},
  year={2022}
}

@misc{vicuna2023,
    title = {Vicuna: An Open-Source Chatbot Impressing GPT-4 with 90\%* ChatGPT Quality},
    url = {https://lmsys.org/blog/2023-03-30-vicuna/},
    author = {Chiang, Wei-Lin and Li, Zhuohan and Lin, Zi and Sheng, Ying and Wu, Zhanghao and Zhang, Hao and Zheng, Lianmin and Zhuang, Siyuan and Zhuang, Yonghao and Gonzalez, Joseph E. and Stoica, Ion and Xing, Eric P.},
    month = {March},
    year = {2023}
}

@article{honovich2022unnatural,
  title={Unnatural instructions: Tuning language models with (almost) no human labor},
  author={Honovich, Or and Scialom, Thomas and Levy, Omer and Schick, Timo},
  journal={arXiv preprint arXiv:2212.09689},
  year={2022}
}

@inproceedings{kwon2023efficient,
  title={Efficient Memory Management for Large Language Model Serving with PagedAttention},
  author={Woosuk Kwon and Zhuohan Li and Siyuan Zhuang and Ying Sheng and Lianmin Zheng and Cody Hao Yu and Joseph E. Gonzalez and Hao Zhang and Ion Stoica},
  booktitle={Proceedings of the ACM SIGOPS 29th Symposium on Operating Systems Principles},
  year={2023}
}