@inproceedings{buciluǎ2006model,
  title={Model compression},
  author={Buciluǎ, Cristian and Caruana, Rich and Niculescu-Mizil, Alexandru},
  booktitle={Proceedings of the 12th ACM SIGKDD international conference on Knowledge discovery and data mining},
  pages={535--541},
  year={2006}
}

@article{christiano2017deep,
  title={Deep reinforcement learning from human preferences},
  author={Christiano, Paul F and Leike, Jan and Brown, Tom and Martic, Miljan and Legg, Shane and Amodei, Dario},
  journal={Advances in neural information processing systems},
  volume={30},
  year={2017}
}

@inproceedings{gu2024minillm,
  title={MiniLLM: Knowledge distillation of large language models},
  author={Gu, Yuxian and Dong, Li and Wei, Furu and Huang, Minlie},
  booktitle={The Twelfth International Conference on Learning Representations},
  year={2024}
}

@article{hinton2015distilling,
  title={Distilling the Knowledge in a Neural Network},
  author={Hinton, Geoffrey},
  journal={arXiv preprint arXiv:1503.02531},
  year={2015}
}

@article{jiao2019tinybert,
  title={Tinybert: Distilling bert for natural language understanding},
  author={Jiao, Xiaoqi and Yin, Yichun and Shang, Lifeng and Jiang, Xin and Chen, Xiao and Li, Linlin and Wang, Fang and Liu, Qun},
  journal={arXiv preprint arXiv:1909.10351},
  year={2019}
}

@article{kim2016sequence,
  title={Sequence-level knowledge distillation},
  author={Kim, Yoon and Rush, Alexander M},
  journal={arXiv preprint arXiv:1606.07947},
  year={2016}
}

@article{ko2024distillm,
  title={Distillm: Towards streamlined distillation for large language models},
  author={Ko, Jongwoo and Kim, Sungnyun and Chen, Tianyi and Yun, Se-Young},
  journal={arXiv preprint arXiv:2402.03898},
  year={2024}
}

@inproceedings{liang2023less,
  title={Less is more: Task-aware layer-wise distillation for language model compression},
  author={Liang, Chen and Zuo, Simiao and Zhang, Qingru and He, Pengcheng and Chen, Weizhu and Zhao, Tuo},
  booktitle={International Conference on Machine Learning},
  pages={20852--20867},
  year={2023},
  organization={PMLR}
}

@article{liu2023statistical,
  title={Statistical rejection sampling improves preference optimization},
  author={Liu, Tianqi and Zhao, Yao and Joshi, Rishabh and Khalman, Misha and Saleh, Mohammad and Liu, Peter J and Liu, Jialu},
  journal={arXiv preprint arXiv:2309.06657},
  year={2023}
}

@article{meng2024simpo,
  title={Simpo: Simple preference optimization with a reference-free reward},
  author={Meng, Yu and Xia, Mengzhou and Chen, Danqi},
  journal={arXiv preprint arXiv:2405.14734},
  year={2024}
}

@article{rafailov2024direct,
  title={Direct preference optimization: Your language model is secretly a reward model},
  author={Rafailov, Rafael and Sharma, Archit and Mitchell, Eric and Manning, Christopher D and Ermon, Stefano and Finn, Chelsea},
  journal={Advances in Neural Information Processing Systems},
  volume={36},
  year={2024}
}

@article{sanh2019distilbert,
  title={DistilBERT, a distilled version of BERT: smaller, faster, cheaper and lighter},
  author={Sanh, V},
  journal={arXiv preprint arXiv:1910.01108},
  year={2019}
}

@article{sun2019patient,
  title={Patient knowledge distillation for bert model compression},
  author={Sun, Siqi and Cheng, Yu and Gan, Zhe and Liu, Jingjing},
  journal={arXiv preprint arXiv:1908.09355},
  year={2019}
}

@article{wen2023f,
  title={f-Divergence Minimization for Sequence-Level Knowledge Distillation},
  author={Wen, Yuqiao and Li, Zichao and Du, Wenyu and Mou, Lili},
  journal={arXiv preprint arXiv:2307.15190},
  year={2023}
}

@article{wu2024rethinking,
  title={Rethinking kullback-leibler divergence in knowledge distillation for large language models},
  author={Wu, Taiqiang and Tao, Chaofan and Wang, Jiahao and Yang, Runming and Zhao, Zhe and Wong, Ngai},
  journal={arXiv preprint arXiv:2404.02657},
  year={2024}
}

@article{xu2024speculative,
  title={Speculative Knowledge Distillation: Bridging the Teacher-Student Gap Through Interleaved Sampling},
  author={Xu, Wenda and Han, Rujun and Wang, Zifeng and Le, Long T and Madeka, Dhruv and Li, Lei and Wang, William Yang and Agarwal, Rishabh and Lee, Chen-Yu and Pfister, Tomas},
  journal={arXiv preprint arXiv:2410.11325},
  year={2024}
}

@article{zhang2024dual,
  title={Dual-Space Knowledge Distillation for Large Language Models},
  author={Zhang, Songming and Zhang, Xue and Sun, Zengkui and Chen, Yufeng and Xu, Jinan},
  journal={arXiv preprint arXiv:2406.17328},
  year={2024}
}

@article{zhao2023slic,
  title={Slic-hf: Sequence likelihood calibration with human feedback},
  author={Zhao, Yao and Joshi, Rishabh and Liu, Tianqi and Khalman, Misha and Saleh, Mohammad and Liu, Peter J},
  journal={arXiv preprint arXiv:2305.10425},
  year={2023}
}

