@inproceedings{AshokHKM20,
  author    = {Pranav Ashok and
               Vahid Hashemi and
               Jan Kret{\'{\i}}nsk{\'{y}} and
               Stefanie Mohr},
  title     = {DeepAbstract: Neural Network Abstraction for Accelerating Verification},
  booktitle = {Proceedings of the 18th International Symposium on Automated Technology for Verification and Analysis},
  pages     = {92--107},
  year      = {2020}
}

@inproceedings{BDD4BNN,
  author    = {Yedi Zhang and
               Zhe Zhao and
               Guangke Chen and
               Fu Song and
               Taolue Chen},
  title     = {{BDD4BNN:} {A} BDD-Based Quantitative Analysis Framework for Binarized
               Neural Networks},
  booktitle = {Proceedings of the 33rd International Conference on Computer Aided Verification (CAV)},
  pages     = {175--200},
doi          = {10.1007/978-3-030-81685-8\_8},
  year      = {2021}
}

@inproceedings{ChengNR17,
  author    = {Chih{-}Hong Cheng and
               Georg N{\"{u}}hrenberg and
               Harald Ruess},
  title     = {Maximum Resilience of Artificial Neural Networks},
  booktitle = {Proceedings of the  15th International Symposium on Automated Technology for Verification and Analysis (ATVA)},
  pages     = {251--268},
  year      = {2017}
}

@inproceedings{ElboherGK20,
  author    = {Yizhak Yisrael Elboher and
               Justin Gottschlich and
               Guy Katz},
  title     = {An Abstraction-Based Framework for Neural Network Verification},
  booktitle = {Proceedings of the 32nd International Conference on Computer Aided Verification},
  pages     = {43--65},
  year      = {2020}
}

@inproceedings{GMDTCV18,
  author    = {Timon Gehr and
               Matthew Mirman and
               Dana Drachsler{-}Cohen and
               Petar Tsankov and
               Swarat Chaudhuri and
               Martin T. Vechev},
  title     = {{AI$^2$:} Safety and Robustness Certification of Neural Networks with Abstract Interpretation},
  booktitle = {Proceedings of the 2018 {IEEE} Symposium on Security and Privacy},
  pages     = {3--18},
  year      = {2018}
}

@inproceedings{GiacobbeHL20,
  author    = {Mirco Giacobbe and
               Thomas A. Henzinger and
               Mathias Lechner},
  title     = {How Many Bits Does it Take to Quantize Your Neural Network?},
  booktitle = {Proceedings of the 26th International Conference on Tools and Algorithms for the Construction and Analysis of Systems (TACAS)},
  pages     = {79--97},
doi          = {10.1007/978-3-030-45237-7\_5},
  year      = {2020}
}

@inproceedings{GuoWZZSW21,
  author    = {Xingwu Guo and
               Wenjie Wan and
               Zhaodi Zhang and
               Min Zhang and
               Fu Song and
               Xuejun Wen},
  title     = {Eager Falsification for Accelerating Robustness Verification of Deep
               Neural Networks},
  booktitle = {Proceedings of the 32nd {IEEE} International Symposium on Software Reliability Engineering},
  pages     = {345--356},
  year      = {2021}
}

@inproceedings{KBDJK17,
  author    = {Guy Katz and
               Clark W. Barrett and
               David L. Dill and
               Kyle Julian and
               Mykel J. Kochenderfer},
  title     = {Reluplex: An Efficient {SMT} Solver for Verifying Deep Neural Networks},
  booktitle = {Proceedings of the 29th International Conference on Computer Aided Verification},
  pages     = {97--117},
  year      = {2017}
}

@inproceedings{KatzHIJLLSTWZDK19,
  author    = {Guy Katz and
               Derek A. Huang and
               Duligur Ibeling and
               Kyle Julian and
               Christopher Lazarus and
               Rachel Lim and
               Parth Shah and
               Shantanu Thakoor and
               Haoze Wu and
               Aleksandar Zeljic and
               David L. Dill and
               Mykel J. Kochenderfer and
               Clark W. Barrett},
  title     = {The Marabou Framework for Verification and Analysis of Deep Neural
               Networks},
  booktitle = {Proceedings of the 31st International Conference on Computer Aided Verification},
  pages     = {443--452},
  year      = {2019}
}

@article{LXSSXM22,
  author       = {Jiaxiang Liu and
                  Yunhan Xing and
                  Xiaomu Shi and
                  Fu Song and
                  Zhiwu Xu and
                  Zhong Ming},
  title        = {Abstraction and Refinement: Towards Scalable and Exact Verification
                  of Neural Networks},
  journal      = {{ACM} Trans. Softw. Eng. Methodol.},
  volume       = {33},
  number       = {5},
  pages        = {129:1--129:35},
  year         = {2024},
  doi          = {10.1145/3644387}
}

@inproceedings{LiLHY0ZXH20,
  author    = {Renjue Li and
               Jianlin Li and
               Cheng{-}Chao Huang and
               Pengfei Yang and
               Xiaowei Huang and
               Lijun Zhang and
               Bai Xue and
               Holger Hermanns},
  title     = {PRODeep: a platform for robustness verification of deep neural networks},
  booktitle = {Proceedings of the 28th {ACM} Joint European Software Engineering Conference
               and Symposium on the Foundations of Software Engineering},
  pages     = {1630--1634},
  year      = {2020}
}

@article{OBKatz22,
  author    = {Matan Ostrovsky and
               Clark W. Barrett and
               Guy Katz},
  title     = {An Abstraction-Refinement Approach to Verifying Convolutional Neural
               Networks},
  journal   = {CoRR},
  volume    = {abs/2201.01978},
  year      = {2022}
}

@inproceedings{PrabhakarA19,
  author    = {Pavithra Prabhakar and
               Zahra Rahimi Afzal},
  editor    = {Hanna M. Wallach and
               Hugo Larochelle and
               Alina Beygelzimer and
               Florence d'Alch{\'{e}}{-}Buc and
               Emily B. Fox and
               Roman Garnett},
  title     = {Abstraction based Output Range Analysis for Neural Networks},
  booktitle = {Proceedings of the Annual Conference on Neural Information Processing Systems},
  pages     = {15762--15772},
  year      = {2019}
}

@inproceedings{SGMPV18,
  author    = {Gagandeep Singh and
               Timon Gehr and
               Matthew Mirman and
               Markus P{\"{u}}schel and
               Martin T. Vechev},
  title     = {Fast and Effective Robustness Certification},
  booktitle = {Proceedings of the Annual Conference on Neural Information Processing Systems},
  pages     = {10825--10836},
  year      = {2018}
}

@article{SGPV19,
  author    = {Gagandeep Singh and
               Timon Gehr and
               Markus P{\"{u}}schel and
               Martin T. Vechev},
  title     = {An abstract domain for certifying neural networks},
  journal   = {Proceedings of the ACM on Programming Languages (POPL)},
  volume    = {3},
  pages     = {41:1--41:30},
doi = {10.1145/3290354},
  year      = {2019}
}

@inproceedings{ZZCSCL22, 
  author       = {Zhe Zhao and
                  Yedi Zhang and
                  Guangke Chen and
                  Fu Song and
                  Taolue Chen and
                  Jiaxiang Liu},
  title        = {{CLEVEREST:} Accelerating CEGAR-based Neural Network Verification
                  via Adversarial Attacks},
  booktitle    = {Proceedings of the 29th International Symposium on Static Analysis}, 
  pages        = {449--473},
  year         = {2022},
  doi          = {10.1007/978-3-031-22308-2\_20}
}

@inproceedings{backVerify22,
  title={Verifying Neural Networks Against Backdoor Attacks},
  author={Pham, Long H and Sun, Jun},
  booktitle={Proceedings of the 34th International Conference on Computer Aided Verification ({CAV})},
  pages={171--192},
doi          = {10.1007/978-3-031-13185-1\_9},
  year={2022}
}

@article{betaCrown,
  title={Beta-crown: Efficient bound propagation with per-neuron split constraints for neural network robustness verification},
  author={Wang, Shiqi and Zhang, Huan and Xu, Kaidi and Lin, Xue and Jana, Suman and Hsieh, Cho-Jui and Kolter, J Zico},
  journal={Advances in Neural Information Processing Systems},
  volume={34},
  year={2021}
}

@article{fischetti2018deep,
  title={Deep neural networks and mixed integer linear optimization},
  author={Fischetti, Matteo and Jo, Jason},
  journal={Constraints},
  volume={23},
  number={3},
  pages={296--309},
  year={2018},
  publisher={Springer}
}

@incollection{gholami2021survey,
  title={A survey of quantization methods for efficient neural network inference},
  author={Gholami, Amir and Kim, Sehoon and Dong, Zhen and Yao, Zhewei and Mahoney, Michael W and Keutzer, Kurt},
  booktitle={Low-Power Computer Vision},
  pages={291--326},
  year={2022},
  publisher={Chapman and Hall/CRC}
}

@article{huang2023towards,
  title={Towards Efficient Verification of Quantized Neural Networks},
  author={Huang, Pei and Wu, Haoze and Yang, Yuting and Daukantas, Ieva and Wu, Min and Zhang, Yedi and Barrett, Clark},
  journal={arXiv preprint arXiv:2312.12679},
  year={2023}
}

@inproceedings{scaleQNN21,
  author       = {Thomas A. Henzinger and
                  Mathias Lechner and
                  Dorde Zikelic},
  title        = {Scalable Verification of Quantized Neural Networks},
  booktitle    = {Proceedings of the 35th {AAAI} Conference on Artificial Intelligence ({AAAI})},
  pages        = {3787--3795},
  year         = {2021},
  doi          = {10.1609/AAAI.V35I5.16496}
}

@article{zhang2023precise,
  title={Precise Quantitative Analysis of Binarized Neural Networks: A {BDD}-based Approach},
  author={Zhang, Yedi and Zhao, Zhe and Chen, Guangke and Song, Fu and Chen, Taolue},
  journal={ACM Transactions on Software Engineering and Methodology},
  volume={32},
  number={3},
  pages={1--51},
  year={2023},
doi          = {10.1145/3563212},
  publisher={ACM New York, NY}
}

@inproceedings{zhang2023qebverif,
  title={QEBVerif: Quantization error bound verification of neural networks},
  author={Zhang, Yedi and Song, Fu and Sun, Jun},
  booktitle={International Conference on Computer Aided Verification},
  pages={413--437},
  year={2023},
  organization={Springer}
}

