@string{JACM = "Journal of the {ACM}"}
@string{BBMS = "Bulletin of the Belgian Mathematical Society"}
@string{IPL= "Information Processing Letters"}
@string{ACMTCL = "{ACM} Transtations on Computational Logic"}
@string{JCSS = "J. Comput. Syst. Sci."} %Journal of Computer and System Science"}
@string{FMSD = "Formal Methods in System Design"}
@string{LMCS = "Logical Methods in Computer Science"}
@string{KBS = "Knowledge-Based Systems"}
@string{ACMTPLS = "ACM Transactions on Programming Languages and Systems"}
@string{TCS = "Theor. Comput. Sci."} %Theoretical Computer Scicence"}

@string{AAMAS02 = "Proceedings of the 1st International Joint Conference on Autonomous Agents and Multiagent Systems"}
@string{AAMAS03 = "Proceedings of the 2nd International Joint Conference on Autonomous Agents and Multiagent Systems"}
@string{AAMAS04 = "Proceedings of the 3rd International Joint Conference on Autonomous Agents and Multiagent Systems"}
@string{AAMAS05 = "Proceedings of the 4th International Joint Conference on Autonomous Agents and Multiagent Systems"}
@string{AAMAS06 = "Proceedings of the 5th International Joint Conference on Autonomous Agents and Multiagent Systems"}
@string{AAMAS07 = "Proceedings of the 6th International Joint Conference on Autonomous Agents and Multiagent Systems"}
@string{AAMAS08 = "Proceedings of the 7th International Joint Conference on Autonomous Agents and Multiagent Systems"}
@string{AAMAS09 = "Proceedings of the 8th International Joint Conference on Autonomous Agents and Multiagent Systems"}
@string{AAMAS10= "Proceedings of the 9th International Joint Conference on Autonomous Agents and Multiagent Systems"}
@string{AAMAS11 = "Proceedings of the 10th International Joint Conference on Autonomous Agents and Multiagent Systems"}
@string{AAMAS12 = "Proceedings of the 11th International Joint Conference on Autonomous Agents and Multiagent Systems"}
@string{AAMAS13 = "Proceedings of the 12th International Joint Conference on Autonomous Agents and Multiagent Systems"}
@string{AAMAS14 = "Proceedings of the 13th International Joint Conference on Autonomous Agents and Multiagent Systems"}
@string{AAMAS15 = "Proceedings of the 14th International Joint Conference on Autonomous Agents and Multiagent Systems"}


@string{CAV90 = "Proceedings of the 2nd International Conference on Computer Aided Verification"}
@string{CAV91 = "Proceedings of the 3rd International Conference on Computer Aided Verification"}
@string{CAV92 = "Proceedings of the 4th International Conference on Computer Aided Verification"}
@string{CAV93 = "Proceedings of the 5th International Conference on Computer Aided Verification"}
@string{CAV94 = "Proceedings of the 6th International Conference on Computer Aided Verification"}
@string{CAV95 = "Proceedings of the 7th International Conference on Computer Aided Verification"}
@string{CAV96 = "Proceedings of the 8th International Conference on Computer Aided Verification"}
@string{CAV97 = "Proceedings of the 9th International Conference on Computer Aided Verification"}
@string{CAV98 = "Proceedings of the 10th International Conference on Computer Aided Verification"}
@string{CAV99 = "Proceedings of the 11th International Conference on Computer Aided Verification"}
@string{CAV00 = "Proceedings of the 12th International Conference on Computer Aided Verification"}
@string{CAV01 = "Proceedings of the 13th International Conference on Computer Aided Verification"}
@string{CAV02 = "Proceedings of the 14th International Conference on Computer Aided Verification"}
@string{CAV03 = "Proceedings of the 15th International Conference on Computer Aided Verification"}
@string{CAV04 = "Proceedings of the 16th International Conference on Computer Aided Verification"}
@string{CAV05 = "Proceedings of the 17th International Conference on Computer Aided Verification"}
@string{CAV06 = "Proceedings of the 18th International Conference on Computer Aided Verification"}
@string{CAV07 = "Proceedings of the 19th International Conference on Computer Aided Verification"}
@string{CAV08 = "Proceedings of the 20th International Conference on Computer Aided Verification"}
@string{CAV09 = "Proceedings of the 21st International Conference on Computer Aided Verification"}
@string{CAV10 = "Proceedings of the 22nd International Conference on Computer Aided Verification"}
@string{CAV11 = "Proceedings of the 23rd International Conference on Computer Aided Verification"}
@string{CAV12 = "Proceedings of the 24th International Conference on Computer Aided Verification"}
@string{CAV13 = "Proceedings of the 25th International Conference on Computer Aided Verification"}
@string{CAV14 = "Proceedings of the 26th International Conference on Computer Aided Verification"}
@string{CAV15 = "Proceedings of the 27th International Conference on Computer Aided Verification"}
@string{CAV16 = "Proceedings of the 28th International Conference on Computer Aided Verification"}

@string{FOCS75 = "Proceedings of the 16th IEEE Symposium on Foundations of Computer Science"}
@string{FOCS76 = "Proceedings of the 17th IEEE Symposium on Foundations of Computer Science"}
@string{FOCS77 = "Proceedings of the 18th IEEE Symposium on Foundations of Computer Science"}
@string{FOCS78 = "Proceedings of the 19th IEEE Symposium on Foundations of Computer  Science"}
@string{FOCS79 = "Proceedings of the 20th IEEE Symposium on Foundations of Computer Science"}
@string{FOCS80 = "Proceedings of the 21st IEEE Symposium on Foundations of Computer Science"}
@string{FOCS81 = "Proceedings of the 22nd IEEE Symposium on Foundations of Computer Science"}
@string{FOCS82 = "Proceedings of the 23rd IEEE Symposium on Foundations of Computer Science"}
@string{FOCS83 = "Proceedings of the 24th IEEE Symposium on Foundations of Computer Science"}
@string{FOCS84 = "Proceedings of the 25th IEEE Symposium on Foundations of Computer Science"}
@string{FOCS85 = "Proceedings of the 26th IEEE Symposium on Foundations of Computer Science"}
@string{FOCS86 = "Proceedings of the 27th IEEE Symposium on Foundations of Computer Science"}
@string{FOCS87 = "Proceedings of the 28th IEEE Symposium on Foundations of Computer Science"}
@string{FOCS88 = "Proceedings of the 29th IEEE Symposium on Foundations of Computer Science"}
@string{FOCS89 = "Proceedings of the 30th IEEE Symposium on Foundations of Computer Science"}
@string{FOCS90 = "Proceedings of the 31st IEEE Symposium on Foundations of Computer Science"}
@string{FOCS91 = "Proceedings of the 32nd IEEE Symposium on Foundations of Computer Science"}
@string{FOCS92 = "Proceedings of the 33rd IEEE Symposium on Foundations of Computer Science"}
@string{FOCS93 = "Proceedings of the 34th IEEE Symposium on Foundations of Computer Science"}
@string{FOCS94 = "Proceedings of the 35th IEEE Symposium on Foundations of Computer Science"}
@string{FOCS95 = "Proceedings of the 36th IEEE Symposium on Foundations of Computer Science"}
@string{FOCS96 = "Proceedings of the 37th IEEE Symposium on Foundations of Computer Science"}
@string{FOCS97 = "Proceedings of the 38th IEEE Symposium on Foundations of Computer Science"}
@string{FOCS98 = "Proceedings of the 39th IEEE Symposium on Foundations of Computer Science"}
@string{FOCS99 = "Proceedings of the 40th IEEE Symposium on Foundations of Computer Science"}
@string{FOCS00 = "Proceedings of the 41st IEEE Symposium on Foundations of Computer Science"}
@string{FOCS01 = "Proceedings of the 42nd IEEE Symposium on Foundations of Computer Science"}
@string{FOCS02 = "Proceedings of the 43rd IEEE Symposium on Foundations of Computer Science"}
@string{FOCS03 = "Proceedings of the 44th IEEE Symposium on Foundations of Computer Science"}
@string{FOCS04 = "Proceedings of the 45th IEEE Symposium on Foundations of Computer Science"}
@string{FOCS05 = "Proceedings of the 46th IEEE Symposium on Foundations of Computer Science"}
@string{FOCS06 = "Proceedings of the 47th IEEE Symposium on Foundations of Computer Science"}
@string{FOCS07 = "Proceedings of the 48th IEEE Symposium on Foundations of Computer Science"}
@string{FOCS08 = "Proceedings of the 49th IEEE Symposium on Foundations of Computer Science"}
@string{FOCS09 = "Proceedings of the 50th IEEE Symposium on Foundations of Computer Science"}
@string{FOCS10 = "Proceedings of the 51st IEEE Symposium on Foundations of Computer Science"}
@string{FOCS11 = "Proceedings of the 52nd IEEE Symposium on Foundations of Computer Science"}
@string{FOCS12 = "Proceedings of the 53rd IEEE Symposium on Foundations of Computer Science"}
@string{FOCS13 = "Proceedings of the 54th IEEE Symposium on Foundations of Computer Science"}
@string{FOCS14 = "Proceedings of the 55th IEEE Symposium on Foundations of Computer Science"}
@string{FOCS15 = "Proceedings of the 56th IEEE Symposium on Foundations of Computer Science"}
@string{FOCS16 = "Proceedings of the 57th IEEE Symposium on Foundations of Computer Science"}



@string{FOSSACS98 = "Proceedings of the 1st International Conference on Foundations of Software Science and Computational Structures"}
@string{FOSSACS99 = "Proceedings of the 2nd International Conference on Foundations of Software Science and Computational Structures"}
@string{FOSSACS00 = "Proceedings of the 3rd International Conference on Foundations of Software Science and Computational Structures"}
@string{FOSSACS01 = "Proceedings of the 4th International Conference on Foundations of Software Science and Computational Structures"}
@string{FOSSACS02 = "Proceedings of the 5th International Conference on Foundations of Software Science and Computational Structures"}
@string{FOSSACS03 = "Proceedings of the 6th International Conference on Foundations of Software Science and Computational Structures"}
@string{FOSSACS04 = "Proceedings of the 7th International Conference on Foundations of Software Science and Computational Structures"}
@string{FOSSACS05 = "Proceedings of the 8th International Conference on Foundations of Software Science and Computational Structures"}
@string{FOSSACS06 = "Proceedings of the 9th International Conference on Foundations of Software Science and Computational Structures"}

@string{FOSSACS07 = "Proceedings of the 10th International Conference on Foundations of Software Science and Computational Structures"}
@string{FOSSACS08 = "Proceedings of the 11th International Conference on Foundations of Software Science and Computational Structures"}
@string{FOSSACS09 = "Proceedings of the 12th International Conference on Foundations of Software Science and Computational Structures"}
@string{FOSSACS10 = "Proceedings of the 13th International Conference on Foundations of Software Science and Computational Structures"}
@string{FOSSACS11 = "Proceedings of the 14th International Conference on Foundations of Software Science and Computational Structures"}
@string{FOSSACS12 = "Proceedings of the 15th International Conference on Foundations of Software Science and Computational Structures"}
@string{FOSSACS13 = "Proceedings of the 16th International Conference on Foundations of Software Science and Computational Structures"}
@string{FOSSACS14 = "Proceedings of the 17th International Conference on Foundations of Software Science and Computational Structures"}
@string{FOSSACS15 = "Proceedings of the 18th International Conference on Foundations of Software Science and Computational Structures"}
@string{FOSSACS16 = "Proceedings of the 19th International Conference on Foundations of Software Science and Computational Structures"}


@string{TACAS95 = "Proceedings of the 1st International Conference on Tools and Algorithms for the Construction and Analysis of Systems"}
@string{TACAS96 = "Proceedings of the 2nd International Conference on Tools and Algorithms for the Construction and Analysis of Systems"}
@string{TACAS97 = "Proceedings of the 3rd International Conference on Tools and Algorithms for the Construction and Analysis of Systems"}
@string{TACAS98 = "Proceedings of the 4th International Conference on Tools and Algorithms for the Construction and Analysis of Systems"}
@string{TACAS99 = "Proceedings of the 5th International Conference on Tools and Algorithms for the Construction and Analysis of Systems"}
@string{TACAS00 = "Proceedings of the 6th International Conference on Tools and Algorithms for the Construction and Analysis of Systems"}
@string{TACAS01 = "Proceedings of the 7th International Conference on Tools and Algorithms for the Construction and Analysis of Systems"}
@string{TACAS02 = "Proceedings of the 8th International Conference on Tools and Algorithms for the Construction and Analysis of Systems"}
@string{TACAS03 = "Proceedings of the 9th International Conference on Tools and Algorithms for the Construction and Analysis of Systems"}
@string{TACAS04 = "Proceedings of the 10th International Conference on Tools and Algorithms for the Construction and Analysis of Systems"}
@string{TACAS05 = "Proceedings of the 11th International Conference on Tools and Algorithms for the Construction and Analysis of Systems"}
@string{TACAS06 = "Proceedings of the 12th International Conference on Tools and Algorithms for the Construction and Analysis of Systems"}
@string{TACAS07 = "Proceedings of the 13th International Conference on Tools and Algorithms for the Construction and Analysis of Systems"}
@string{TACAS08 = "Proceedings of the 14th International Conference on Tools and Algorithms for the Construction and Analysis of Systems"}
@string{TACAS09 = "Proceedings of the 15th International Conference on Tools and Algorithms for the Construction and Analysis of Systems"}
@string{TACAS10 = "Proceedings of the 16th International Conference on Tools and Algorithms for the Construction and Analysis of Systems"}
@string{TACAS11 = "Proceedings of the 17th International Conference on Tools and Algorithms for the Construction and Analysis of Systems"}
@string{TACAS12 = "Proceedings of the 18th International Conference on Tools and Algorithms for the Construction and Analysis of Systems"}
@string{TACAS13 = "Proceedings of the 19th International Conference on Tools and Algorithms for the Construction and Analysis of Systems"}
@string{TACAS14 = "Proceedings of the 20th International Conference on Tools and Algorithms for the Construction and Analysis of Systems"}
@string{TACAS15 = "Proceedings of the 21st International Conference on Tools and Algorithms for the Construction and Analysis of Systems"}
@string{TACAS16 = "Proceedings of the 22nd International Conference on Tools and Algorithms for the Construction and Analysis of Systems"}


@string{FSKD02 = "Proceedings of the 1st International Conference on Fuzzy Systems and Knowledge Discovery"}
@string{FSKD05 = "Proceedings of the 2nd International Conference on Fuzzy Systems and Knowledge Discovery"}
@string{FSKD06 = "Proceedings of the 3rd International Conference on Fuzzy Systems and Knowledge Discovery"}
@string{FSKD07 = "Proceedings of the 4th International Conference on Fuzzy Systems and Knowledge Discovery"}
@string{FSKD08 = "Proceedings of the 5th International Conference on Fuzzy Systems and Knowledge Discovery"}
@string{FSKD09 = "Proceedings of the 6th International Conference on Fuzzy Systems and Knowledge Discovery"}
@string{FSKD10 = "Proceedings of the 7th International Conference on Fuzzy Systems and Knowledge Discovery"}
@string{FSKD11 = "Proceedings of the 8th International Conference on Fuzzy Systems and Knowledge Discovery"}
@string{FSKD12 = "Proceedings of the 9th International Conference on Fuzzy Systems and Knowledge Discovery"}
@string{FSKD13 = "Proceedings of the 10th International Conference on Fuzzy Systems and Knowledge Discovery"}
@string{FSKD14 = "Proceedings of the 11th International Conference on Fuzzy Systems and Knowledge Discovery"}
@string{FSKD15 = "Proceedings of the 12th International Conference on Fuzzy Systems and Knowledge Discovery"}



@string{LICS86 = "Proceedings of the 1st IEEE Symposium on Logic in Computer Science"}
@string{LICS87 = "Proceedings of the 2nd IEEE Symposium on Logic in Computer Science"}
@string{LICS88 = "Proceedings of the 3rd IEEE Symposium on Logic in Computer Science"}
@string{LICS89 = "Proceedings of the 4th IEEE Symposium on Logic in Computer Science"}
@string{LICS90 = "Proceedings of the 5th IEEE Symposium on Logic in Computer Science"}
@string{LICS91 = "Proceedings of the 6th IEEE Symposium on Logic in Computer Science"}
@string{LICS92 = "Proceedings of the 7th IEEE Symposium on Logic in Computer Science"}
@string{LICS93 = "Proceedings of the 8th IEEE Symposium on Logic in Computer Science"}
@string{LICS94 = "Proceedings of the 9th IEEE Symposium on Logic in Computer Science"}
@string{LICS95 = "Proceedings of the 10th IEEE Symposium on Logic in Computer Science"}
@string{LICS96 = "Proceedings of the 11th IEEE Symposium on Logic in Computer Science"}
@string{LICS97 = "Proceedings of the 12th IEEE Symposium on Logic in Computer Science"}
@string{LICS98 = "Proceedings of the 13th IEEE Symposium on Logic in Computer Science"}
@string{LICS99 = "Proceedings of the 14th IEEE Symposium on Logic in Computer Science"}
@string{LICS00 = "Proceedings of the 15th IEEE Symposium on Logic in Computer Science"}
@string{LICS01 = "Proceedings of the 16th IEEE Symposium on Logic in Computer Science"}
@string{LICS02 = "Proceedings of the 17th IEEE Symposium on Logic in Computer Science"}
@string{LICS03 = "Proceedings of the 18th IEEE Symposium on Logic in Computer Science"}
@string{LICS04 = "Proceedings of the 19th IEEE Symposium on Logic in Computer Science"}
@string{LICS05 = "Proceedings of the 20th IEEE Symposium on Logic in Computer Science"}
@string{LICS06 = "Proceedings of the 21st IEEE Symposium on Logic in Computer Science"}
@string{LICS07 = "Proceedings of the 22nd IEEE Symposium on Logic in Computer Science"}
@string{LICS08 = "Proceedings of the 23rd IEEE Symposium on Logic in Computer Science"}
@string{LICS09 = "Proceedings of the 24th IEEE Symposium on Logic in Computer Science"}
@string{LICS10 = "Proceedings of the 25th IEEE Symposium on Logic in Computer Science"}
@string{LICS11 = "Proceedings of the 26th IEEE Symposium on Logic in Computer Science"}
@string{LICS12 = "Proceedings of the 27th IEEE Symposium on Logic in Computer Science"}
@string{LICS13 = "Proceedings of the 28th IEEE Symposium on Logic in Computer Science"}
@string{LICS-CSL14 = "Joint Meeting of the 23rd EACSL Annual Conference on Computer Science Logic and the 29t Annual ACM/IEEE Symposium on Logic in Computer Science"}
@string{LICS15 = "Proceedings of the 30th IEEE Symposium on Logic in Computer Science"}
@string{LICS16 = "Proceedings of the 31st IEEE Symposium on Logic in Computer Science"}


@string{ICALP72 = "Proceedings of the 1st International Colloquium  on Automata, Languages, and Programming"}
@string{ICALP74 = "Proceedings of the 2nd International Colloquium  on Automata, Languages, and Programming"}
@string{ICALP76 = "Proceedings of the 3rd International Colloquium  on Automata, Languages, and Programming"}
@string{ICALP77 = "Proceedings of the 4th International Colloquium  on Automata, Languages, and Programming"}
@string{ICALP79 = "Proceedings of the 6th International Colloquium  on Automata, Languages, and Programming"}
@string{ICALP80 = "Proceedings of the 7th International Colloquium  on Automata, Languages, and Programming"}
@string{ICALP81 = "Proceedings of the 8th International Colloquium  on Automata, Languages, and Programming"}
@string{ICALP83 = "Proceedings of the 10th International Colloquium  on Automata, Languages, and Programming"}
@string{ICALP84 = "Proceedings of the 11th International Colloquium  on Automata, Languages, and Programming"}
@string{ICALP85 = "Proceedings of the 12th International Colloquium  on Automata, Languages, and Programming"}
@string{ICALP86 = "Proceedings of the 13th International Colloquium  on Automata, Languages, and Programming"}
@string{ICALP87 = "Proceedings of the 14th International Colloquium  on Automata, Languages, and Programming"}
@string{ICALP89 = "Proceedings of the 16th International Colloquium  on Automata, Languages, and Programming"}
@string{ICALP90 = "Proceedings of the 17th International Colloquium  on Automata, Languages, and Programming"}
@string{ICALP91 = "Proceedings of the 18th International Colloquium  on Automata, Languages, and Programming"}
@string{ICALP92 = "Proceedings of the 19th International Colloquium  on Automata, Languages, and Programming"}
@string{ICALP94 = "Proceedings of the 21st International Colloquium  on Automata, Languages, and Programming"}
@string{ICALP96 = "Proceedings of the 23rd International Colloquium  on Automata, Languages, and Programming"}
@string{ICALP97 = "Proceedings of the 24th International Colloquium  on Automata, Languages, and Programming"}
@string{ICALP98 = "Proceedings of the 25th International Colloquium  on Automata, Languages, and Programming"}
@string{ICALP99 = "Proceedings of the 26th International Colloquium  on Automata, Languages, and Programming"}
@string{ICALP00 = "Proceedings of the 27th International Colloquium  on Automata, Languages, and Programming"}
@string{ICALP01 = "Proceedings of the 28th International Colloquium  on Automata, Languages, and Programming"}
@string{ICALP02 = "Proceedings of the 29th International Colloquium  on Automata, Languages, and Programming"}
@string{ICALP03 = "Proceedings of the 30th International Colloquium  on Automata, Languages, and Programming"}
@string{ICALP04 = "Proceedings of the 31st International Colloquium  on Automata, Languages, and Programming"}
@string{ICALP05 = "Proceedings of the 32nd International Colloquium  on Automata, Languages, and Programming"}
@string{ICALP06 = "Proceedings of the 33rd International Colloquium  on Automata, Languages, and Programming"}
@string{ICALP07 = "Proceedings of the 34th International Colloquium  on Automata, Languages, and Programming"}
@string{ICALP08 = "Proceedings of the 35th International Colloquium  on Automata, Languages, and Programming"}
@string{ICALP09 = "Proceedings of the 36th International Colloquium  on Automata, Languages, and Programming"}
@string{ICALP10 = "Proceedings of the 37th International Colloquium  on Automata, Languages, and Programming"}
@string{ICALP11 = "Proceedings of the 38th International Colloquium  on Automata, Languages, and Programming"}
@string{ICALP12 = "Proceedings of the 39th International Colloquium  on Automata, Languages, and Programming"}
@string{ICALP13 = "Proceedings of the 40th International Colloquium  on Automata, Languages, and Programming"}
@string{ICALP14 = "Proceedings of the 41st International Colloquium  on Automata, Languages, and Programming"}
@string{ICALP15 = "Proceedings of the 42nd International Colloquium  on Automata, Languages, and Programming"}
@string{ICALP16 = "Proceedings of the 43rd International Colloquium  on Automata, Languages, and Programming"}



@string{IJCAI69 = "Proceedings of the 1st International Joint Conference on Artificial Intelligence"}
@string{IJCAI71 = "Proceedings of the 2nd International Joint Conference on Artificial Intelligence"}
@string{IJCAI73 = "Proceedings of the 3rd International Joint Conference on Artificial Intelligence"}
@string{IJCAI75 = "Proceedings of the 4th International Joint Conference on Artificial Intelligence"}
@string{IJCAI77 = "Proceedings of the 5th International Joint Conference on Artificial Intelligence"}
@string{IJCAI79 = "Proceedings of the 6th International Joint Conference on Artificial Intelligence"}
@string{IJCAI81 = "Proceedings of the 7th International Joint Conference on Artificial Intelligence"}
@string{IJCAI83 = "Proceedings of the 8th International Joint Conference on Artificial Intelligence"}
@string{IJCAI83 = "Proceedings of the 9th International Joint Conference on Artificial Intelligence"}
@string{IJCAI87 = "Proceedings of the 10th International Joint Conference on Artificial Intelligence"}
@string{IJCAI89 = "Proceedings of the 11th International Joint Conference on Artificial Intelligence"}
@string{IJCAI91 = "Proceedings of the 12th International Joint Conference on Artificial Intelligence"}
@string{IJCAI93 = "Proceedings of the 13th International Joint Conference on Artificial Intelligence"}
@string{IJCAI95 = "Proceedings of the 14th International Joint Conference on Artificial Intelligence"}
@string{IJCAI97 = "Proceedings of the 15th International Joint Conference on Artificial Intelligence"}
@string{IJCAI99 = "Proceedings of the 16th International Joint Conference on Artificial Intelligence"}
@string{IJCAI01 = "Proceedings of the 17th International Joint Conference on Artificial Intelligence"}
@string{IJCAI03 = "Proceedings of the 18th International Joint Conference on Artificial Intelligence"}
@string{IJCAI05 = "Proceedings of the 19th International Joint Conference on Artificial Intelligence"}
@string{IJCAI07 = "Proceedings of the 20th International Joint Conference on Artificial Intelligence"}
@string{IJCAI09 = "Proceedings of the 21st International Joint Conference on Artificial Intelligence"}
@string{IJCAI11 = "Proceedings of the 22rd International Joint Conference on Artificial Intelligence"}
@string{IJCAI13 = "Proceedings of the 23th International Joint Conference on Artificial Intelligence"}
@string{IJCAI15 = "Proceedings of the 24th International Joint Conference on Artificial Intelligence"}
@string{IJCAI16 = "Proceedings of the 25th International Joint Conference on Artificial Intelligence"}


@string{CLIMA14 = "Proceedings of the 15th International Workshop on Computational Logic in Multi-Agent Systems"}
@string{CLIMA13 = "Proceedings of the 14th International Workshop on Computational Logic in Multi-Agent Systems"}
@string{CLIMA12 = "Proceedings of the 13th International Workshop on Computational Logic in Multi-Agent Systems"}
@string{CLIMA11 = "Proceedings of the 12th International Workshop on Computational Logic in Multi-Agent Systems"}
@string{CLIMA10 = "Proceedings of the 11th International Workshop on Computational Logic in Multi-Agent Systems"}
@string{CLIMA09 = "Proceedings of the 10th International Workshop on Computational Logic in Multi-Agent Systems"}
@string{CLIMA08 = "Proceedings of the 9th International Workshop on Computational Logic in Multi-Agent Systems"}
@string{CLIMA07 = "Proceedings of the 8th International Workshop on Computational Logic in Multi-Agent Systems"}
@string{CLIMA06 = "Proceedings of the 7th International Workshop on Computational Logic in Multi-Agent Systems"}
@string{CLIMA05 = "Proceedings of the 6th International Workshop on Computational Logic in Multi-Agent Systems"}
@string{CLIMA04 = "Proceedings of the 5th International Workshop on Computational Logic in Multi-Agent Systems"}
@string{CLIMA03 = "Proceedings of the 4th International Workshop on Computational Logic in Multi-Agent Systems"}
@string{CLIMA02 = "Proceedings of the 3rd International Workshop on Computational Logic in Multi-Agent Systems"}
@string{CLIMA01 = "Proceedings of the 2nd International Workshop on Computational Logic in Multi-Agent Systems"}
@string{CLIMA00 = "Proceedings of the 1st International Workshop on Computational Logic in Multi-Agent Systems"}


@string{FSTTCS98 = "Proceedings of the  18th Conference on Foundations of Software Technology and Theoretical Computer Science"}
@string{FSTTCS99 = "Proceedings of the  19th Conference on Foundations of Software Technology and Theoretical Computer Science"}
@string{FSTTCS00 = "Proceedings of the  20th Conference on Foundations of Software Technology and Theoretical Computer Science"}
@string{FSTTCS01 = "Proceedings of the  21st Conference on Foundations of Software Technology and Theoretical Computer Science"}
@string{FSTTCS02 = "Proceedings of the  22nd Conference on Foundations of Software Technology and Theoretical Computer Science"}
@string{FSTTCS03 = "Proceedings of the   23rd Conference on Foundations of Software Technology and Theoretical Computer Science"}
@string{FSTTCS04 = "Proceedings of the  24th Conference on Foundations of Software Technology and Theoretical Computer Science"}
@string{FSTTCS05 = "Proceedings of the  25th Conference on Foundations of Software Technology and Theoretical Computer Science"}
@string{FSTTCS06 = "Proceedings of the  26th Conference on Foundations of Software Technology and Theoretical Computer Science"}
@string{FSTTCS07 = "Proceedings of the  27th Conference on Foundations of Software Technology and Theoretical Computer Science"}
@string{FSTTCS08 = "Proceedings of the  28th Conference on Foundations of Software Technology and Theoretical Computer Science"}
@string{FSTTCS09 = "Proceedings of the  29th Conference on Foundations of Software Technology and Theoretical Computer Science"}
@string{FSTTCS10 = "Proceedings of the  30th Conference on Foundations of Software Technology and Theoretical Computer Science"}
@string{FSTTCS11 = "Proceedings of the  31th Conference on Foundations of Software Technology and Theoretical Computer Science"}
@string{FSTTCS12 = "Proceedings of the  32nd Conference on Foundations of Software Technology and Theoretical Computer Science"}
@string{FSTTCS13 = "Proceedings of the  33rd Conference on Foundations of Software Technology and Theoretical Computer Science"}
@string{FSTTCS14 = "Proceedings of the  34th Conference on Foundations of Software Technology and Theoretical Computer Science"}
@string{FSTTCS15 = "Proceedings of the  35th Conference on Foundations of Software Technology and Theoretical Computer Science"}


@string{AAAI80 = "Proceedings of the 1st National Conference on Artificial Intelligence"}
@string{AAAI82 = "Proceedings of the 2nd National Conference on Artificial Intelligence"}
@string{AAAI83 = "Proceedings of the 3rd National Conference on Artificial Intelligence"}
@string{AAAI84 = "Proceedings of the 4th National Conference on Artificial Intelligence"}
@string{AAAI86 = "Proceedings of the 5th National Conference on Artificial Intelligence"}
@string{AAAI87 = "Proceedings of the 6th National Conference on Artificial Intelligence"}
@string{AAAI88 = "Proceedings of the 7th National Conference on Artificial Intelligence"}
@string{AAAI90 = "Proceedings of the 8th National Conference on Artificial Intelligence"}
@string{AAAI91 = "Proceedings of the 9th National Conference on Artificial Intelligence"}
@string{AAAI92 = "Proceedings of the 10th National Conference on Artificial Intelligence"}
@string{AAAI93 = "Proceedings of the 11th National Conference on Artificial Intelligence"}
@string{AAAI94 = "Proceedings of the 12th National Conference on Artificial Intelligence"}
@string{AAAI96 = "Proceedings of the 13th National Conference on Artificial Intelligence and 8th Innovative Applications of Artificial Intelligence Conference"}
@string{AAAI97 = "Proceedings of the 14th National Conference on Artificial Intelligence and 9th Innovative Applications of Artificial Intelligence Conference"}
@string{AAAI98 = "Proceedings of the 15th National Conference on Artificial Intelligence and 10th Innovative Applications of Artificial Intelligence Conference"}
@string{AAAI99 = "Proceedings of the 16th National Conference on Artificial Intelligence and 11th Innovative Applications of Artificial Intelligence Conference"}
@string{AAAI00 = "Proceedings of the 17th National Conference on Artificial Intelligence and 12th Innovative Applications of Artificial Intelligence Conference"}
@string{AAAI02 = "Proceedings of the 18th National Conference on Artificial Intelligence and 14th Innovative Applications of Artificial Intelligence Conference"}
@string{AAAI04 = "Proceedings of the 19th National Conference on Artificial Intelligence and 16th Innovative Applications of Artificial Intelligence Conference"}
@string{AAAI05 = "Proceedings of the 20th National Conference on Artificial Intelligence and 17th Innovative Applications of Artificial Intelligence Conference"}
@string{AAAI06 = "Proceedings of the 21st National Conference on Artificial Intelligence and 18th Innovative Applications of Artificial Intelligence Conference"}
@string{AAAI07 = "Proceedings of the 22nd {AAAI} Conference on Artificial Intelligence"}
@string{AAAI08 = "Proceedings of the 23rd {AAAI} Conference on Artificial Intelligence"}
@string{AAAI10 = "Proceedings of the 24th {AAAI} Conference on Artificial Intelligence"}
@string{AAAI11 = "Proceedings of the 25th {AAAI} Conference on Artificial Intelligence"}
@string{AAAI12 = "Proceedings of the 26th {AAAI} Conference on Artificial Intelligence"}
@string{AAAI13 = "Proceedings of the 27th {AAAI} Conference on Artificial Intelligence"}
@string{AAAI14 = "Proceedings of the 28th {AAAI} Conference on Artificial Intelligence"}
@string{AAAI15 = "Proceedings of the 29th {AAAI} Conference on Artificial Intelligence"}
@string{AAAI16 = "Proceedings of the 30th {AAAI} Conference on Artificial Intelligence"}



@string{SODA90 = "Proceedings of the 1st Annual ACM-SIAM Symposium on Discrete Algorithms"}
@string{SODA91 = "Proceedings of the 2nd Annual ACM-SIAM Symposium on Discrete Algorithms"}
@string{SODA92 = "Proceedings of the 3rd Annual ACM-SIAM Symposium on Discrete Algorithms"}
@string{SODA93 = "Proceedings of the 4th Annual ACM-SIAM Symposium on Discrete Algorithms"}
@string{SODA94 = "Proceedings of the 5th Annual ACM-SIAM Symposium on Discrete Algorithms"}
@string{SODA95 = "Proceedings of the 6th Annual ACM-SIAM Symposium on Discrete Algorithms"}
@string{SODA96 = "Proceedings of the 7th Annual ACM-SIAM Symposium on Discrete Algorithms"}
@string{SODA97 = "Proceedings of the 8th Annual ACM-SIAM Symposium on Discrete Algorithms"}
@string{SODA98 = "Proceedings of the 9th Annual ACM-SIAM Symposium on Discrete Algorithms"}
@string{SODA99 = "Proceedings of the 10th Annual ACM-SIAM Symposium on Discrete Algorithms"}
@string{SODA00 = "Proceedings of the 11th Annual ACM-SIAM Symposium on Discrete Algorithms"}
@string{SODA01 = "Proceedings of the 12th Annual ACM-SIAM Symposium on Discrete Algorithms"}
@string{SODA02 = "Proceedings of the 13th Annual ACM-SIAM Symposium on Discrete Algorithms"}
@string{SODA03 = "Proceedings of the 14th Annual ACM-SIAM Symposium on Discrete Algorithms"}
@string{SODA04 = "Proceedings of the 15th Annual ACM-SIAM Symposium on Discrete Algorithms"}
@string{SODA05 = "Proceedings of the 16th Annual ACM-SIAM Symposium on Discrete Algorithms"}
@string{SODA06 = "Proceedings of the 17th Annual ACM-SIAM Symposium on Discrete Algorithms"}
@string{SODA07 = "Proceedings of the 18th Annual ACM-SIAM Symposium on Discrete Algorithms"}
@string{SODA08 = "Proceedings of the 19th Annual ACM-SIAM Symposium on Discrete Algorithms"}
@string{SODA09 = "Proceedings of the 20th Annual ACM-SIAM Symposium on Discrete Algorithms"}
@string{SODA10 = "Proceedings of the 21st Annual ACM-SIAM Symposium on Discrete Algorithms"}
@string{SODA11 = "Proceedings of the 22nd Annual ACM-SIAM Symposium on Discrete Algorithms"}
@string{SODA12 = "Proceedings of the 23rd Annual ACM-SIAM Symposium on Discrete Algorithms"}
@string{SODA13 = "Proceedings of the 24th Annual ACM-SIAM Symposium on Discrete Algorithms"}
@string{SODA14 = "Proceedings of the 25th Annual ACM-SIAM Symposium on Discrete Algorithms"}
@string{SODA15 = "Proceedings of the 26th Annual ACM-SIAM Symposium on Discrete Algorithms"}
@string{SODA16 = "Proceedings of the 27th Annual ACM-SIAM Symposium on Discrete Algorithms"}


@string{STACS94 = "Proceedings of the 11th Symposium on Theoretical Aspects of Computer Science"}
@string{STACS95 = "Proceedings of the 12th Symposium on Theoretical Aspects of Computer Science"}
@string{STACS96 = "Proceedings of the 13th Symposium on Theoretical Aspects of Computer Science"}
@string{STACS97 = "Proceedings of the 14th Symposium on Theoretical Aspects of Computer Science"}
@string{STACS98 = "Proceedings of the 15th Symposium on Theoretical Aspects of Computer Science"}
@string{STACS99 = "Proceedings of the 16th Symposium on Theoretical Aspects of Computer Science"}
@string{STACS00 = "Proceedings of the 17th Symposium on Theoretical Aspects of Computer Science"}
@string{STACS01 = "Proceedings of the 18th Symposium on Theoretical Aspects of Computer Science"}
@string{STACS02 = "Proceedings of the 19th Symposium on Theoretical Aspects of Computer Science"}
@string{STACS03 = "Proceedings of the 20th Symposium on Theoretical Aspects of Computer Science"}
@string{STACS04 = "Proceedings of the 21st Symposium on Theoretical Aspects of Computer Science"}
@string{STACS05 = "Proceedings of the 22nd Symposium on Theoretical Aspects of Computer Science"}
@string{STACS06 = "Proceedings of the 23rd Symposium on Theoretical Aspects of Computer Science"}
@string{STACS07 = "Proceedings of the 24th Symposium on Theoretical Aspects of Computer Science"}
@string{STACS08 = "Proceedings of the 25th Symposium on Theoretical Aspects of Computer Science"}
@string{STACS09 = "Proceedings of the 26th Symposium on Theoretical Aspects of Computer Science"}
@string{STACS10 = "Proceedings of the 27th Symposium on Theoretical Aspects of Computer Science"}
@string{STACS11 = "Proceedings of the 28th Symposium on Theoretical Aspects of Computer Science"}
@string{STACS12 = "Proceedings of the 29th Symposium on Theoretical Aspects of Computer Science"}
@string{STACS13 = "Proceedings of the 30th Symposium on Theoretical Aspects of Computer Science"}
@string{STACS14 = "Proceedings of the 31st Symposium on Theoretical Aspects of Computer Science"}
@string{STACS15 = "Proceedings of the 32nd Symposium on Theoretical Aspects of Computer Science"}
@string{STACS16 = "Proceedings of the 33rd Symposium on Theoretical Aspects of Computer Science"}


@string{MFCS88 = "Proceedings of the 13th International Symposium on Mathematical Foundations of Computer Science"}
@string{MFCS89 = "Proceedings of the 14th International Symposium on Mathematical Foundations of Computer Science"}
@string{MFCS95 = "Proceedings of the 20th International Symposium on Mathematical Foundations of Computer Science"}
@string{MFCS98 = "Proceedings of the 23th International Symposium on Mathematical Foundations of Computer Science"}
@string{MFCS00 = "Proceedings of the 25th International Symposium on Mathematical Foundations of Computer Science"}
@string{MFCS01 = "Proceedings of the 26th International Symposium on Mathematical Foundations of Computer Science"}
@string{MFCS02 = "Proceedings of the 27th International Symposium on Mathematical Foundations of Computer Science"}
@string{MFCS03 = "Proceedings of the 28th International Symposium on Mathematical Foundations of Computer Science"}
@string{MFCS04 = "Proceedings of the 29th International Symposium on Mathematical Foundations of Computer Science"}
@string{MFCS05 = "Proceedings of the 30th International Symposium on Mathematical Foundations of Computer Science"}
@string{MFCS06 = "Proceedings of the 31st International Symposium on Mathematical Foundations of Computer Science"}
@string{MFCS07 = "Proceedings of the 32nd International Symposium on Mathematical Foundations of Computer Science"}
@string{MFCS08 = "Proceedings of the 33th International Symposium on Mathematical Foundations of Computer Science"}
@string{MFCS09 = "Proceedings of the 34th International Symposium on Mathematical Foundations of Computer Science"}
@string{MFCS10 = "Proceedings of the 35th International Symposium on Mathematical Foundations of Computer Science"}
@string{MFCS11 = "Proceedings of the 36th International Symposium on Mathematical Foundations of Computer Science"}
@string{MFCS12 = "Proceedings of the 37th International Symposium on Mathematical Foundations of Computer Science"}
@string{MFCS13 = "Proceedings of the 38th International Symposium on Mathematical Foundations of Computer Science"}
@string{MFCS14 = "Proceedings of the 39th International Symposium on Mathematical Foundations of Computer Science"}
@string{MFCS15 = "Proceedings of the 40th International Symposium on Mathematical Foundations of Computer Science"}
@string{MFCS16 = "Proceedings of the 41st International Symposium on Mathematical Foundations of Computer Science"}


@string{FORMATS03 = "Proceedings of the 1st International Conference on Formal Modeling and Analysis of Timed Systems"}
@string{FORMATS04 = "Proceedings of the 2nd International Conference on Formal Modeling and Analysis of Timed Systems"}
@string{FORMATS05 = "Proceedings of the 3rd International Conference on Formal Modeling and Analysis of Timed Systems"}
@string{FORMATS06 = "Proceedings of the 4th International Conference on Formal Modeling and Analysis of Timed Systems"}
@string{FORMATS07 = "Proceedings of the 5th International Conference on Formal Modeling and Analysis of Timed Systems"}
@string{FORMATS08 = "Proceedings of the 6th International Conference on Formal Modeling and Analysis of Timed Systems"}
@string{FORMATS09 = "Proceedings of the 7th International Conference on Formal Modeling and Analysis of Timed Systems"}
@string{FORMATS10 = "Proceedings of the 8th International Conference on Formal Modeling and Analysis of Timed Systems"}
@string{FORMATS11 = "Proceedings of the 9th International Conference on Formal Modeling and Analysis of Timed Systems"}
@string{FORMATS12 = "Proceedings of the 10th International Conference on Formal Modeling and Analysis of Timed Systems"}
@string{FORMATS13 = "Proceedings of the 11th International Conference on Formal Modeling and Analysis of Timed Systems"}
@string{FORMATS14 = "Proceedings of the 12th International Conference on Formal Modeling and Analysis of Timed Systems"}
@string{FORMATS15 = "Proceedings of the 13th International Conference on Formal Modeling and Analysis of Timed Systems"}
@string{FORMATS16 = "Proceedings of the 14th International Conference on Formal Modeling and Analysis of Timed Systems"}

@string{CONCUR90 = "Proceedings of the 1st International Conference on Theories of Concurrency: Unification and Extension"}
@string{CONCUR91 = "Proceedings of the 2nd International Conference on Concurrency Theory"}
@string{CONCUR92 = "Proceedings of the 3rd International Conference on Concurrency Theory"}
@string{CONCUR93 = "Proceedings of the 4th International Conference on Concurrency Theory"}
@string{CONCUR94 = "Proceedings of the 5th International Conference on Concurrency Theory"}
@string{CONCUR95 = "Proceedings of the 6th International Conference on Concurrency Theory"}
@string{CONCUR96 = "Proceedings of the 7th International Conference on Concurrency Theory"}
@string{CONCUR97 = "Proceedings of the 8th International Conference on Concurrency Theory"}
@string{CONCUR98 = "Proceedings of the 9th International Conference on Concurrency Theory"}
@string{CONCUR99 = "Proceedings of the 10th International Conference on Concurrency Theory"}
@string{CONCUR00 = "Proceedings of the 11th International Conference on Concurrency Theory"}
@string{CONCUR01 = "Proceedings of the 12th International Conference on Concurrency Theory"}
@string{CONCUR02 = "Proceedings of the 13th International Conference on Concurrency Theory"}
@string{CONCUR03 = "Proceedings of the 14th International Conference on Concurrency Theory"}
@string{CONCUR04 = "Proceedings of the 15th International Conference on Concurrency Theory"}
@string{CONCUR05 = "Proceedings of the 16th International Conference on Concurrency Theory"}
@string{CONCUR06 = "Proceedings of the 17th International Conference on Concurrency Theory"}
@string{CONCUR07 = "Proceedings of the 18th International Conference on Concurrency Theory"}
@string{CONCUR08 = "Proceedings of the 19th International Conference on Concurrency Theory"}
@string{CONCUR09 = "Proceedings of the 20th International Conference on Concurrency Theory"}
@string{CONCUR10 = "Proceedings of the 21st International Conference on Concurrency Theory"}
@string{CONCUR11 = "Proceedings of the 22nd International Conference on Concurrency Theory"}
@string{CONCUR12 = "Proceedings of the 23rd International Conference on Concurrency Theory"}
@string{CONCUR13 = "Proceedings of the 24th International Conference on Concurrency Theory"}
@string{CONCUR14 = "Proceedings of the 25th International Conference on Concurrency Theory"}
@string{CONCUR15 = "Proceedings of the 26th International Conference on Concurrency Theory"}
@string{CONCUR16 = "Proceedings of the 27th International Conference on Concurrency Theory"}


@string{STOC82 = "Proceedings of the 14th Annual {{ACM}} Symposium on Theory of Computing"}
@string{STOC83 = "Proceedings of the 15th Annual {{ACM}} Symposium on Theory of Computing"}
@string{STOC84 = "Proceedings of the 16th Annual {{ACM}} Symposium on Theory of Computing"}
@string{STOC85 = "Proceedings of the 17th Annual {{ACM}} Symposium on Theory of Computing"}
@string{STOC86 = "Proceedings of the 18th Annual {{ACM}} Symposium on Theory of Computing"}
@string{STOC87 = "Proceedings of the 19th Annual {{ACM}} Symposium on Theory of Computing"}
@string{STOC88 = "Proceedings of the 20th Annual {{ACM}} Symposium on Theory of Computing"}
@string{STOC89 = "Proceedings of the 21st Annual {{ACM}} Symposium on Theory of Computing"}
@string{STOC90 = "Proceedings of the 22nd Annual {{ACM}} Symposium on Theory of Computing"}
@string{STOC91 = "Proceedings of the 23rd Annual {{ACM}} Symposium on Theory of Computing"}
@string{STOC92 = "Proceedings of the 24th Annual {{ACM}} Symposium on Theory of Computing"}
@string{STOC93 = "Proceedings of the 25th Annual {{ACM}} Symposium on Theory of Computing"}
@string{STOC94 = "Proceedings of the 26th Annual {{ACM}} Symposium on Theory of Computing"}
@string{STOC95 = "Proceedings of the 27th Annual {{ACM}} Symposium on Theory of Computing"}
@string{STOC96 = "Proceedings of the 28th Annual {{ACM}} Symposium on Theory of Computing"}
@string{STOC97 = "Proceedings of the 29th Annual {{ACM}} Symposium on Theory of Computing"}
@string{STOC98 = "Proceedings of the 30th Annual {{ACM}} Symposium on Theory of Computing"}
@string{STOC99 = "Proceedings of the 31th Annual {{ACM}} Symposium on Theory of Computing"}


@article{LPKIQ18,
  author    = {Sergey Levine and
               Peter Pastor and
               Alex Krizhevsky and
               Julian Ibarz and
               Deirdre Quillen},
  title     = {Learning hand-eye coordination for robotic grasping with deep learning
               and large-scale data collection},
  journal   = {International Journal of Robotics Research},
  volume    = {37},
  number    = {4-5},
  pages     = {421--436},
  year      = {2018}
}
@inproceedings{PCG15,
  author    = {Toufiq Parag and
               Dan C. Ciresan and
               Alessandro Giusti},
  title     = {Efficient Classifier Training to Minimize False Merges in Electron
               Microscopy Segmentation},
  booktitle = {Proceedings of the {IEEE} International Conference on Computer Vision},
  pages     = {657--665},
  year      = {2015}
}
@inproceedings{BRB18,
  author    = {Wieland Brendel and Jonas Rauber and Matthias Bethge},
  title     = {Decision-Based Adversarial Attacks: Reliable Attacks Against Black-Box Machine Learning Models},
booktitle	= {Proceedings of the International Conference on Learning Representations},
  year      = {2018}
}

@inproceedings{CGGS12,
  author    = {Dan C. Ciresan and
               Alessandro Giusti and
               Luca Maria Gambardella and
               J{\"{u}}rgen Schmidhuber},
  title     = {Deep Neural Networks Segment Neuronal Membranes in Electron Microscopy Images},
  booktitle = {Proceedings of Annual Conference on Neural Information Processing Systems},
  pages     = {2852--2860},
  year      = {2012}
}
@ARTICLE{SWS17,
  author =       {Dinggang Shen and Guorong Wu and Heung-Il Suk},
  title =        {Deep learning in medical image analysis},
  journal =      {Annual Review of Biomedical Engineering},
  year =         {2017},
  volume =       {19},
  pages =        {221--248}
}


@MISC{CUDD,
	author =       {Fabio Somenzi},
	title =        {CUDD: CU Decision Diagram Package},
	year =         {2015}
}



@MISC{MNIST,
	author =       {Yann LeCun and Corinna Cortes},
	title =        {MNIST handwritten digit database},
	year =         {2010}
}

@inproceedings{HanMD15,
  author    = {Song Han and
               Huizi Mao and
               William J. Dally},
  title     = {Deep Compression: Compressing Deep Neural Network with Pruning, Trained
               Quantization and Huffman Coding},
  booktitle = {Proceedings of the 4th International Conference on Learning Representations},
  year      = {2016}
}

@article{Fashion-MNIST,
  author    = {Han Xiao and
               Kashif Rasul and
               Roland Vollgraf},
  title     = {{Fashion-MNIST}: a Novel Image Dataset for Benchmarking Machine Learning Algorithms},
  journal   = {CoRR},
  volume    = {abs/1708.07747},
  year      = {2017}
}
@MISC{UCI,
	author =       {},
	title =        {{UCI} Machine Learnig Repository},
	howpublished = {\url{http://archive.ics.uci.edu/ml}},
	year =         {2017}
}



@inproceedings{HardtPNS16,
  author    = {Moritz Hardt and
               Eric Price and
               Nati Srebro},
  title     = {Equality of Opportunity in Supervised Learning},
  booktitle = {Proceedings of the Annual Conference on Neural Information Processing Systems},
  pages     = {3315--3323},
  year      = {2016}
}
@inproceedings{DattaFKMS17,
  author    = {Anupam Datta and
               Matthew Fredrikson and
               Gihyuk Ko and
               Piotr Mardziel and
               Shayak Sen},
  title     = {Use Privacy in Data-Driven Systems: Theory and Experiments with Machine
               Learnt Programs},
  booktitle = {Proceedings of the 2017 {ACM} {SIGSAC} Conference on Computer and
               Communications Security},
  pages     = {1193--1210},
  year      = {2017}
}
@inproceedings{ZhangW0D0WDD20,
  author    = {Peixin Zhang and
               Jingyi Wang and
               Jun Sun and
               Guoliang Dong and
               Xinyu Wang and
               Xingen Wang and
               Jin Song Dong and
               Ting Dai},
  title     = {White-box fairness testing through adversarial sampling},
  booktitle = {Proceedings of the 42nd International Conference on Software Engineering (ICSE)},
  pages     = {949--960},
  year      = {2020}
}
@inproceedings{UdeshiAC18,
  author    = {Sakshi Udeshi and
               Pryanshu Arora and
               Sudipta Chattopadhyay},
  title     = {Automated directed fairness testing},
  booktitle = {Proceedings of the 33rd {ACM/IEEE} International Conference on Automated Software Engineering},
  pages     = {98--108},
  year      = {2018}
}
@inproceedings{LinXL020,
  author    = {Junyu Lin and
               Lei Xu and
               Yingqi Liu and
               Xiangyu Zhang},
  title     = {Composite Backdoor Attack for Deep Neural Network by Mixing Existing
               Benign Features},
  booktitle = {Proceedings of the {ACM} {SIGSAC} Conference on Computer and Communications  Security},
  pages     = {113--131},
  year      = {2020}
}

@inproceedings{backVerify22,
  title={Verifying Neural Networks Against Backdoor Attacks},
  author={Pham, Long H and Sun, Jun},
  booktitle={Proceedings of the 34th International Conference on Computer Aided Verification ({CAV})},
  pages={171--192},
doi          = {10.1007/978-3-031-13185-1\_9},
  year={2022}
}

@inproceedings{LiuMALZW018,
  author    = {Yingqi Liu and
               Shiqing Ma and
               Yousra Aafer and
               Wen{-}Chuan Lee and
               Juan Zhai and
               Weihang Wang and
               Xiangyu Zhang},
  title     = {Trojaning Attack on Neural Networks},
  booktitle = {Proceedings of the 25th Annual Network and Distributed System Security Symposium},
  year      = {2018}
}

@inproceedings{FrosstH17,
  author    = {Nicholas Frosst and
               Geoffrey E. Hinton},
  title     = {Distilling a Neural Network Into a Soft Decision Tree},
  booktitle = {Proceedings of the 1st International Workshop on Comprehensibility
               and Explanation in {AI} and {ML}},
  year      = {2017}
}
@inproceedings{ZhangYMW19,
  author    = {Quanshi Zhang and
               Yu Yang and
               Haotian Ma and
               Ying Nian Wu},
  title     = {Interpreting {CNNs} via Decision Trees},
  booktitle = {Proceedings of the {IEEE} Conference on Computer Vision and Pattern Recognition},
  pages     = {6261--6270},
  year      = {2019}
}
@article{HuangKRSSTWY20,
  author    = {Xiaowei Huang and
               Daniel Kroening and
               Wenjie Ruan and
               James Sharp and
               Youcheng Sun and
               Emese Thamo and
               Min Wu and
               Xinping Yi},
  title     = {A survey of safety and trustworthiness of deep neural networks: Verification, testing, adversarial attack and defence, and interpretability},
  journal   = {Computer Science Review},
  volume    = {37},
doi          = {10.1145/3158668},
  pages     = {100270},
  year      = {2020}
}
@inproceedings{SunWRHKK18,
  author    = {Youcheng Sun and
               Min Wu and
               Wenjie Ruan and
               Xiaowei Huang and
               Marta Kwiatkowska and
               Daniel Kroening},
  title     = {Concolic testing for deep neural networks},
  booktitle = {Proceedings of the 33rd {ACM/IEEE} International Conference on Automated
               Software Engineering},
  pages     = {109--119},
  year      = {2018}
}
@inproceedings{XieMJXCLZLYS19,
  author    = {Xiaofei Xie and
               Lei Ma and
               Felix Juefei{-}Xu and
               Minhui Xue and
               Hongxu Chen and
               Yang Liu and
               Jianjun Zhao and
               Bo Li and
               Jianxiong Yin and
               Simon See},
  title     = {DeepHunter: a coverage-guided fuzz testing framework for deep neural
               networks},
  booktitle = {Proceedings of the 28th {ACM} {SIGSOFT} International Symposium on
               Software Testing and Analysis},
  pages     = {146--157},
  year      = {2019}
}
@inproceedings{XieMWLLL19,
  author    = {Xiaofei Xie and
               Lei Ma and
               Haijun Wang and
               Yuekang Li and
               Yang Liu and
               Xiaohong Li},
  title     = {DiffChaser: Detecting Disagreements for Deep Neural Networks},
  booktitle = {Proceedings of the Twenty-Eighth International Joint Conference on
               Artificial Intelligence},
  pages     = {5772--5778},
  year      = {2019}
}
@article{Nakamura05,
  author    = {Atsuyoshi Nakamura},
  title     = {An efficient query learning algorithm for ordered binary decision
               diagrams},
  journal   = {Inf. Comput.},
  volume    = {201},
  number    = {2},
  pages     = {178--198},
  year      = {2005}
}
@inproceedings{PaulsenWWW20,
  author    = {Brandon Paulsen and
               Jingbo Wang and
               Jiawei Wang and
               Chao Wang},
  title     = {{NeuroDiff:} Scalable Differential Verification of Neural Networks
               using Fine-Grained Approximation},
  booktitle = {Proceedings of the 35th {IEEE/ACM} International Conference on Automated Software Engineering},
  pages     = {784--796},
  year      = {2020}
}

@inproceedings{paulsen2020reludiff,
  title={Reludiff: Differential verification of deep neural networks},
  author={Paulsen, Brandon and Wang, Jingbo and Wang, Chao},
  booktitle={2020 IEEE/ACM 42nd International Conference on Software Engineering (ICSE)},
  pages={714--726},
  year={2020},
  organization={IEEE}
}

@inproceedings{JacobKCZTHAK18,
  author    = {Benoit Jacob and
               Skirmantas Kligys and
               Bo Chen and
               Menglong Zhu and
               Matthew Tang and
               Andrew G. Howard and
               Hartwig Adam and
               Dmitry Kalenichenko},
  title     = {Quantization and Training of Neural Networks for Efficient Integer-Arithmetic-Only
               Inference},
  booktitle = {Proceedings of the {IEEE} Conference on Computer Vision and Pattern Recognition ({CVPR})},
  pages     = {2704--2713},
  year      = {2018}
}
@inproceedings{LahiriMSH13,
  author    = {Shuvendu K. Lahiri and
               Kenneth L. McMillan and
               Rahul Sharma and
               Chris Hawblitzel},
  title     = {Differential assertion checking},
  booktitle = {Proceedings of the Joint Meeting of the European Software Engineering Conference and
               the {ACM} {SIGSOFT} Symposium on the Foundations of Software Engineering},
  pages     = {345--355},
  year      = {2013}
}
@inproceedings{MohammadinejadP21,
  author    = {Sara Mohammadinejad and
               Brandon Paulsen and
               Jyotirmoy V. Deshmukh and
               Chao Wang},
  title     = {{DiffRNN}: Differential Verification of Recurrent Neural Networks},
  booktitle = {Proceedings of the 19th International
               Conference on Formal Modeling and Analysis of Timed Systems},
  pages     = {117--134},
  year      = {2021}
}

@inproceedings{OdenaOAG19,
  author    = {Augustus Odena and
               Catherine Olsson and
               David G. Andersen and
               Ian J. Goodfellow},
  title     = {TensorFuzz: Debugging Neural Networks with Coverage-Guided Fuzzing},
  booktitle = {Proceedings of the 36th International Conference on Machine Learning},
  pages     = {4901--4911},
  year      = {2019}
}
@article{ZhangHML22,
  author    = {Jie M. Zhang and
               Mark Harman and
               Lei Ma and
               Yang Liu},
  title     = {Machine Learning Testing: Survey, Landscapes and Horizons},
  journal   = {{IEEE} Trans. Software Eng.},
  volume    = {48},
  number    = {2},
  pages     = {1--36},
  year      = {2022}
}
@inproceedings{TianPJR18,
  author    = {Yuchi Tian and
               Kexin Pei and
               Suman Jana and
               Baishakhi Ray},
  title     = {DeepTest: automated testing of deep-neural-network-driven autonomous
               cars},
  booktitle = {Proceedings of the 40th International Conference on Software Engineering},
  pages     = {303--314},
  year      = {2018}
}
@inproceedings{PCYJ17,
  author    = {Kexin Pei and
               Yinzhi Cao and
               Junfeng Yang and
               Suman Jana},
  title     = {DeepXplore: Automated Whitebox Testing of Deep Learning Systems},
  booktitle = {Proceedings of the 26th Symposium on Operating Systems Principles},
  pages     = {1--18},
  year      = {2017}
}
@inproceedings{Ehl17,
  author    = {R{\"{u}}diger Ehlers},
  title     = {Formal Verification of Piece-Wise Linear Feed-Forward Neural Networks},
  booktitle = {Proceedings of the 15th International Symposium on Automated Technology for Verification and Analysis},
  pages     = {269--286},
  year      = {2017}
}
@inproceedings{ChengNR17,
  author    = {Chih{-}Hong Cheng and
               Georg N{\"{u}}hrenberg and
               Harald Ruess},
  title     = {Maximum Resilience of Artificial Neural Networks},
  booktitle = {Proceedings of the  15th International Symposium on Automated Technology for Verification and Analysis (ATVA)},
  pages     = {251--268},
  year      = {2017}
}

@inproceedings{LinYCZLLH19,
  author    = {Wang Lin and
               Zhengfeng Yang and
               Xin Chen and
               Qingye Zhao and
               Xiangkun Li and
               Zhiming Liu and
               Jifeng He},
  title     = {Robustness Verification of Classification Deep Neural Networks via
               Linear Programming},
  booktitle = {{IEEE} Conference on Computer Vision and Pattern Recognition},
  pages     = {11418--11427},
  year      = {2019}
}
@inproceedings{TXT18,
  author    = {Vincent Tjeng and Kai Xiao and
               Russ Tedrake},
  title     = {Evaluating Robustness Of Neural Networks With Mixed Integer Programming},
  booktitle   = {Proceedings of the 7th International Conference on Learning Representations},
  year      = {2019}
}
@inproceedings{SGMPV18,
  author    = {Gagandeep Singh and
               Timon Gehr and
               Matthew Mirman and
               Markus P{\"{u}}schel and
               Martin T. Vechev},
  title     = {Fast and Effective Robustness Certification},
  booktitle = {Proceedings of the Annual Conference on Neural Information Processing Systems},
  pages     = {10825--10836},
  year      = {2018}
}
@inproceedings{RHK18,
  author    = {Wenjie Ruan and
               Xiaowei Huang and
               Marta Kwiatkowska},
  title     = {Reachability Analysis of Deep Neural Networks with Provable Guarantees},
  booktitle = {Proceedings of the Twenty-Seventh International Joint Conference on
               Artificial Intelligence},
  pages     = {2651--2659},
  year      = {2018}
}
@article{XiangTJ18,
  author    = {Weiming Xiang and
               Hoang{-}Dung Tran and
               Taylor T. Johnson},
  title     = {Output Reachable Set Estimation and Verification for Multilayer Neural
               Networks},
  journal   = {{IEEE} Transactions on Neural Networks and Learning Systems},
  volume    = {29},
  number    = {11},
  pages     = {5777--5783},
  year      = {2018}
}
@inproceedings{HKWW17,
  author    = {Xiaowei Huang and
               Marta Kwiatkowska and
               Sen Wang and
               Min Wu},
  title     = {Safety Verification of Deep Neural Networks},
  booktitle = {Proceedings of the  29th International Conference on Computer Aided Verification},
  pages     = {3--29},
  year      = {2017}
}
@inproceedings{WPWYJ18,
  author    = {Shiqi Wang and
               Kexin Pei and
               Justin Whitehouse and
               Junfeng Yang and
               Suman Jana},
  title     = {Formal Security Analysis of Neural Networks using Symbolic Intervals},
  booktitle = {Proceedings of the 27th {USENIX} Security Symposium},
  pages     = {1599--1614},
  year      = {2018}
}
@inproceedings{TranBXJ20,
  author    = {Hoang{-}Dung Tran and
               Stanley Bak and
               Weiming Xiang and
               Taylor T. Johnson},
  title     = {Verification of Deep Convolutional Neural Networks Using ImageStars},
  booktitle = {Proceedings of the International Conference on Computer Aided Verification},
  pages     = {18--42},
  year      = {2020}
}
@inproceedings{HeinA17,
  author    = {Matthias Hein and
               Maksym Andriushchenko},
  title     = {Formal Guarantees on the Robustness of a Classifier against Adversarial
               Manipulation},
  booktitle = {Proceedings of the Annual Conference on Neural Information Processing Systems},
  pages     = {2266--2276},
  year      = {2017}
}

@inproceedings{BCMS20,
  title={Scalable quantitative verification for deep neural networks},
  author={Baluta, Teodora and Chua, Zheng Leong and Meel, Kuldeep S and Saxena, Prateek},
  booktitle={2021 IEEE/ACM 43rd International Conference on Software Engineering},
  pages={312--323},
  year={2021},
  organization={IEEE}
}
@inproceedings{WebbRTK19,
  author    = {Stefan Webb and
               Tom Rainforth and
               Yee Whye Teh and
               M. Pawan Kumar},
  title     = {A Statistical Approach to Assessing Neural Network Robustness},
  booktitle = {Proceedings of the 7th International Conference on Learning Representations},
  year      = {2019},
}
@inproceedings{ZhangSGGLN20,
  author    = {Hongce Zhang and
               Maxwell Shinn and
               Aarti Gupta and
               Arie Gurfinkel and
               Nham Le and
               Nina Narodytska},
  title     = {Verification of Recurrent Neural Networks for Cognitive Tasks via
               Reachability Analysis},
  booktitle = {Proceedings of 24th European Conference on Artificial Intelligence},
  pages     = {1690--1697},
  year      = {2020}
}


@inproceedings{TranLMYNXJ19,
  author    = {Hoang{-}Dung Tran and
               Diego Manzanas Lopez and
               Patrick Musau and
               Xiaodong Yang and
               Luan Viet Nguyen and
               Weiming Xiang and
               Taylor T. Johnson},
  title     = {Star-Based Reachability Analysis of Deep Neural Networks},
  booktitle = {Proceedings of the 3rd World Congress on Formal Methods},
  pages     = {670--686},
  year      = {2019}
}
@inproceedings{WengZCSHDBD18,
  author    = {Tsui{-}Wei Weng and
               Huan Zhang and
               Hongge Chen and
               Zhao Song and
               Cho{-}Jui Hsieh and
               Luca Daniel and
               Duane S. Boning and
               Inderjit S. Dhillon},
  title     = {Towards Fast Computation of Certified Robustness for {ReLU} Networks},
  booktitle = {Proceedings of the 35th International Conference on Machine Learning},
  pages     = {5273--5282},
  year      = {2018}
}

@inproceedings{WickerHK18,
  author    = {Matthew Wicker and
               Xiaowei Huang and
               Marta Kwiatkowska},
  title     = {Feature-Guided Black-Box Safety Testing of Deep Neural Networks},
  booktitle = {Proceedings of the 24th International Conference on Tools and Algorithms for the Construction and Analysis of Systems},
  pages     = {408--426},
  year      = {2018}
}
@article{WuWRHK20,
  author    = {Min Wu and
               Matthew Wicker and
               Wenjie Ruan and
               Xiaowei Huang and
               Marta Kwiatkowska},
  title     = {A game-based approximate verification of deep neural networks with
               provable guarantees},
  journal   = {Theoretical Computer Science},
  volume    = {807},
  pages     = {298--329},
  year      = {2020}
  }

@inproceedings{KimRR18,
  author    = {Michael P. Kim and
               Omer Reingold and
               Guy N. Rothblum},
  title     = {Fairness Through Computationally-Bounded Awareness},
  booktitle = {Proceedings of the Annual Conference on Neural Information Processing Systems},
  pages     = {4847--4857},
  year      = {2018}
}
  @inproceedings{GiacobbeHL20,
  author    = {Mirco Giacobbe and
               Thomas A. Henzinger and
               Mathias Lechner},
  title     = {How Many Bits Does it Take to Quantize Your Neural Network?},
  booktitle = {Proceedings of the 26th International Conference on Tools and Algorithms for the Construction and Analysis of Systems (TACAS)},
  pages     = {79--97},
doi          = {10.1007/978-3-030-45237-7\_5},
  year      = {2020}
}
@inproceedings{SundararajanTY17,
  author    = {Mukund Sundararajan and
               Ankur Taly and
               Qiqi Yan},
  title     = {Axiomatic Attribution for Deep Networks},
  booktitle = {Proceedings of the 34th International Conference on Machine Learning},
  pages     = {3319--3328},
  year      = {2017}
}
@article{Miller19,
  author    = {Tim Miller},
  title     = {Explanation in artificial intelligence: Insights from the social sciences},
  journal   = {Artificial Intelligence},
  volume    = {267},
  pages     = {1--38},
  year      = {2019}
}
@inproceedings{LundbergL17,
  author    = {Scott M. Lundberg and
               Su{-}In Lee},
  title     = {A Unified Approach to Interpreting Model Predictions},
  booktitle = {Proceedings of  Annual Conference    on Neural Information Processing Systems},
  pages     = {4765--4774},
  year      = {2017}
}
@inproceedings{ShrikumarGK17,
  author    = {Avanti Shrikumar and
               Peyton Greenside and
               Anshul Kundaje},
  title     = {Learning Important Features Through Propagating Activation Differences},
  booktitle = {Proceedings of the 34th International Conference on Machine Learning},
  pages     = {3145--3153},
  year      = {2017}
}
@article{MCB20,
  author    = {Christoph Molnar and
               Giuseppe Casalicchio and
               Bernd Bischl},
  title     = {Interpretable Machine Learning - {A} Brief History, State-of-the-Art
               and Challenges},
  journal   = {CoRR},
  volume    = {abs/2010.09337},
  year      = {2020}
}
@inproceedings{LiLHY0ZXH20,
  author    = {Renjue Li and
               Jianlin Li and
               Cheng{-}Chao Huang and
               Pengfei Yang and
               Xiaowei Huang and
               Lijun Zhang and
               Bai Xue and
               Holger Hermanns},
  title     = {PRODeep: a platform for robustness verification of deep neural networks},
  booktitle = {Proceedings of the 28th {ACM} Joint European Software Engineering Conference
               and Symposium on the Foundations of Software Engineering},
  pages     = {1630--1634},
  year      = {2020}
}

@article{OBKatz22,
  author    = {Matan Ostrovsky and
               Clark W. Barrett and
               Guy Katz},
  title     = {An Abstraction-Refinement Approach to Verifying Convolutional Neural
               Networks},
  journal   = {CoRR},
  volume    = {abs/2201.01978},
  year      = {2022}
}
@inproceedings{GokulanathanFMB20,
  author    = {Sumathi Gokulanathan and
               Alexander Feldsher and
               Adi Malca and
               Clark W. Barrett and
               Guy Katz},
  title     = {Simplifying Neural Networks Using Formal Verification},
  booktitle = {Proceedings of the 12th International Symposium {NASA} Formal Methods},
  pages     = {85--93},
  year      = {2020}
}
@inproceedings{AshokHKM20,
  author    = {Pranav Ashok and
               Vahid Hashemi and
               Jan Kret{\'{\i}}nsk{\'{y}} and
               Stefanie Mohr},
  title     = {DeepAbstract: Neural Network Abstraction for Accelerating Verification},
  booktitle = {Proceedings of the 18th International Symposium on Automated Technology for Verification and Analysis},
  pages     = {92--107},
  year      = {2020}
}
@inproceedings{PrabhakarA19,
  author    = {Pavithra Prabhakar and
               Zahra Rahimi Afzal},
  editor    = {Hanna M. Wallach and
               Hugo Larochelle and
               Alina Beygelzimer and
               Florence d'Alch{\'{e}}{-}Buc and
               Emily B. Fox and
               Roman Garnett},
  title     = {Abstraction based Output Range Analysis for Neural Networks},
  booktitle = {Proceedings of the Annual Conference on Neural Information Processing Systems},
  pages     = {15762--15772},
  year      = {2019}
}

@inproceedings{YLLHWSXZ20,
  author    = {Pengfei Yang and
               Renjue Li and
               Jianlin Li and
               Cheng{-}Chao Huang and
               Jingyi Wang and
               Jun Sun and
               Bai Xue and
               Lijun Zhang},
  editor    = {Jan Friso Groote and
               Kim Guldstrand Larsen},
  title     = {Improving Neural Network Verification through Spurious Region Guided
               Refinement},
  booktitle = {Proceedings of 27th International Conference on Tools and Algorithms for the Construction and Analysis of Systems (TACAS)},
  pages     = {389--408},
  year      = {2021}
}
@inproceedings{SinghGPV19,
  author    = {Gagandeep Singh and
               Rupanshu Ganvir and
               Markus P{\"{u}}schel and
               Martin T. Vechev},
  title     = {Beyond the Single Neuron Convex Barrier for Neural Network Certification},
  booktitle = {Proceedings of the  Annual Conference on Neural Information Processing Systems},
  pages     = {15072--15083},
  year      = {2019}
}
@inproceedings{AndersonPDC19,
  author    = {Greg Anderson and
               Shankara Pailoor and
               Isil Dillig and
               Swarat Chaudhuri},
  title     = {Optimization and abstraction: a synergistic approach for analyzing
               neural network robustness},
  booktitle = {Proceedings of the 40th {ACM} {SIGPLAN} Conference on Programming
               Language Design and Implementation},
  pages     = {731--744},
  year      = {2019}
}
@inproceedings{wang2018efficient,
  title={Efficient formal safety analysis of neural networks},
  author={Wang, Shiqi and Pei, Kexin and Whitehouse, Justin and Yang, Junfeng and Jana, Suman},
  booktitle={Proceedings of Annual Conference on Neural Information Processing Systems},
  pages={6367--6377},
  year={2018}
}
@article{SGPV19,
  author    = {Gagandeep Singh and
               Timon Gehr and
               Markus P{\"{u}}schel and
               Martin T. Vechev},
  title     = {An abstract domain for certifying neural networks},
  journal   = {Proceedings of the ACM on Programming Languages (POPL)},
  volume    = {3},
  pages     = {41:1--41:30},
doi = {10.1145/3290354},
  year      = {2019}
}

@inproceedings{LiLYCHZ19,
  author    = {Jianlin Li and
               Jiangchao Liu and
               Pengfei Yang and
               Liqian Chen and
               Xiaowei Huang and
               Lijun Zhang},
  title     = {Analyzing Deep Neural Networks with Symbolic Propagation: Towards
               Higher Precision and Faster Verification},
  booktitle = {Proceedings of the 26th International Symposium on Static Analysis},
  pages     = {296--319},
  year      = {2019}
}

@article{BunelLTTKK20,
  author    = {Rudy Bunel and
               Jingyue Lu and
               Ilker Turkaslan and
               Philip H. S. Torr and
               Pushmeet Kohli and
               M. Pawan Kumar},
  title     = {Branch and Bound for Piecewise Linear Neural Network Verification},
  journal   = {J. Mach. Learn. Res.},
  volume    = {21},
  pages     = {42:1--42:39},
  year      = {2020}
}
@inproceedings{GMDTCV18,
  author    = {Timon Gehr and
               Matthew Mirman and
               Dana Drachsler{-}Cohen and
               Petar Tsankov and
               Swarat Chaudhuri and
               Martin T. Vechev},
  title     = {{AI$^2$:} Safety and Robustness Certification of Neural Networks with Abstract Interpretation},
  booktitle = {Proceedings of the 2018 {IEEE} Symposium on Security and Privacy},
  pages     = {3--18},
  year      = {2018}
}

@inproceedings{CousotC77,
  author    = {Patrick Cousot and
               Radhia Cousot},
  title     = {Abstract Interpretation: {A} Unified Lattice Model for Static Analysis
               of Programs by Construction or Approximation of Fixpoints},
  booktitle = {Conference Record of the Fourth {ACM} Symposium on Principles of Programming
               Languages},
  pages     = {238--252},
  year      = {1977}
}
@inproceedings{DvijothamSGMK18,
  author    = {Krishnamurthy Dvijotham and
               Robert Stanforth and
               Sven Gowal and
               Timothy A. Mann and
               Pushmeet Kohli},
  title     = {A Dual Approach to Scalable Verification of Deep Networks},
  booktitle = {Proceedings of the Thirty-Fourth Conference on Uncertainty in Artificial
               Intelligence},
  pages     = {550--559},
  year      = {2018}
}
@inproceedings{WongK18,
  author    = {Eric Wong and
               J. Zico Kolter},
  title     = {Provable Defenses against Adversarial Examples via the Convex Outer
               Adversarial Polytope},
  booktitle = {Proceedings of the 35th International Conference on Machine Learning},
  pages     = {5283--5292},
  year      = {2018}
}
@inproceedings{DuttaJST18,
  author    = {Souradeep Dutta and
               Susmit Jha and
               Sriram Sankaranarayanan and
               Ashish Tiwari},
  title     = {Output Range Analysis for Deep Feedforward Neural Networks},
  booktitle = {Proceedings of the 10th International Symposium {NASA} Formal Methods (NFM)},
  pages     = {121--138},
  year      = {2018}
}

@inproceedings{PT10,
  author    = {Luca Pulina and
               Armando Tacchella},
  title     = {An Abstraction-Refinement Approach to Verification of Artificial Neural Networks},
  booktitle = {Proceedings of the 22nd International Conference on Computer Aided Verification},
  pages     = {243--257},
  year      = {2010},
}

@inproceedings{LahavK21,
  author    = {Ori Lahav and
               Guy Katz},
  title     = {Pruning and Slicing Neural Networks using Formal Verification},
  booktitle = {Proceedings of the Formal Methods in Computer Aided Design},
  pages     = {1--10},
  year      = {2021}
}
@inproceedings{ElboherGK20,
  author    = {Yizhak Yisrael Elboher and
               Justin Gottschlich and
               Guy Katz},
  title     = {An Abstraction-Based Framework for Neural Network Verification},
  booktitle = {Proceedings of the 32nd International Conference on Computer Aided Verification},
  pages     = {43--65},
  year      = {2020}
}
@article{LomuscioM17,
  author    = {Alessio Lomuscio and
               Lalit Maganti},
  title     = {An approach to reachability analysis for feed-forward {ReLU} neural networks},
  journal   = {CoRR},
  volume    = {abs/1706.07351},
  year      = {2017}
}


@inproceedings{KBDJK17,
  author    = {Guy Katz and
               Clark W. Barrett and
               David L. Dill and
               Kyle Julian and
               Mykel J. Kochenderfer},
  title     = {Reluplex: An Efficient {SMT} Solver for Verifying Deep Neural Networks},
  booktitle = {Proceedings of the 29th International Conference on Computer Aided Verification},
  pages     = {97--117},
  year      = {2017}
}
@inproceedings{MJZSXLCSLLZW18,
  author    = {Lei Ma and
               Felix Juefei{-}Xu and
               Fuyuan Zhang and
               Jiyuan Sun and
               Minhui Xue and
               Bo Li and
               Chunyang Chen and
               Ting Su and
               Li Li and
               Yang Liu and
               Jianjun Zhao and
               Yadong Wang},
  title     = {DeepGauge: multi-granularity testing criteria for deep learning systems},
  booktitle = {Proceedings of the 33rd {ACM/IEEE} International Conference on Automated
               Software Engineering},
  pages     = {120--131},
  year      = {2018}
}
@inproceedings{MaLLZG18,
  author    = {Shiqing Ma and
               Yingqi Liu and
               Wen{-}Chuan Lee and
               Xiangyu Zhang and
               Ananth Grama},
  title     = {{MODE:} automated neural network model debugging via state differential
               analysis and input selection},
  booktitle = {Proceedings of the 2018 {ACM} Joint Meeting on European Software Engineering
               Conference and Symposium on the Foundations of Software Engineering},
  pages     = {175--186},
  year      = {2018}
}
@inproceedings{DDMSV04,
  author    = {Nilesh N. Dalvi and
               Pedro M. Domingos and
               Mausam and
               Sumit K. Sanghai and
               Deepak Verma},
  title     = {Adversarial classification},
  booktitle = {Proceedings of the Tenth {ACM} {SIGKDD} International Conference on
               Knowledge Discovery and Data Mining},
  pages     = {99--108},
  year      = {2004}
}
@inproceedings{SZSBEGF14,
title	= {Intriguing properties of neural networks},
author	= {Christian Szegedy and Wojciech Zaremba and Ilya Sutskever and Joan Bruna and Dumitru Erhan and Ian Goodfellow and Rob Fergus},
year	= {2014},
booktitle	= {Proceedings of International Conference on Learning Representations}
}

@inproceedings{KGB17,
title	= {Adversarial examples in the physical world},
author	= {Alexey Kurakin and Ian Goodfellow and Samy Bengio},
year	= {2017},
booktitle	= {Proceedings of International Conference on Learning Representations}
}

@inproceedings{EEF0RXPKS18,
  author    = {Kevin Eykholt and
               Ivan Evtimov and
               Earlence Fernandes and
               Bo Li and
               Amir Rahmati and
               Chaowei Xiao and
               Atul Prakash and
               Tadayoshi Kohno and
               Dawn Song},
  title     = {Robust Physical-World Attacks on Deep Learning Visual Classification},
  booktitle = {Proceedings of 2018 {IEEE} Conference on Computer Vision and Pattern Recognition},
  pages     = {1625--1634},
  year      = {2018}
}

@article{DZBS19,
  author    = {Yuchao Duan and
               Zhe Zhao and
               Lei Bu and
               Fu Song},
  title     = {Things You May Not Know About Adversarial Example: {A} Black-box Adversarial
               Image Attack},
  journal   = {CoRR},
  volume    = {abs/1905.07672},
  year      = {2019}
}
@inproceedings{CCFDZSL20,
  author    = {Guangke Chen and
               Sen Chen and
               Lingling Fan and
               Xiaoning Du and
               Zhe Zhao and
               Fu Song and
               Yang Liu},
  title     = {Who is Real {Bob}? Adversarial Attacks on Speaker Recognition Systems},
  booktitle = {Proceedings of the 42nd IEEE Symposium on Security and Privacy},
  year      = {2021}
}
@inproceedings{PMGJCS17,
  author    = {Nicolas Papernot and
               Patrick D. McDaniel and
               Ian J. Goodfellow and
               Somesh Jha and
               Z. Berkay Celik and
               Ananthram Swami},
  title     = {Practical Black-Box Attacks against Machine Learning},
  booktitle = {Proceedings of the 2017 {ACM} on Asia Conference on Computer and Communications Security},
  pages     = {506--519},
  year      = {2017}
}
@inproceedings{PMJFCS16,
  author    = {Nicolas Papernot and
               Patrick D. McDaniel and
               Somesh Jha and
               Matt Fredrikson and
               Z. Berkay Celik and
               Ananthram Swami},
  title     = {The Limitations of Deep Learning in Adversarial Settings},
  booktitle = {Proceedings of {IEEE} European Symposium on Security and Privacy},
  pages     = {372--387},
  year      = {2016}
}


@inproceedings{CW17b,
  author    = {Nicholas Carlini and
               David A. Wagner},
  title     = {Towards Evaluating the Robustness of Neural Networks},
  booktitle = {Proceedings of the 2017 {IEEE} Symposium on Security and Privacy},
  pages     = {39--57},
  year      = {2017}
}
@inproceedings{McDanelTK17,
  author    = {Bradley McDanel and
               Surat Teerapittayanon and
               H. T. Kung},
  title     = {Embedded Binarized Neural Networks},
  booktitle = {Proceedings of the 2017 International Conference on Embedded Wireless
               Systems and Networks},
  pages     = {168--173},
  year      = {2017}
}
@article{KungZWCM18,
  author    = {Jaeha Kung and
               David C. Zhang and
               Gooitzen S. van der Wal and
               Sek M. Chai and
               Saibal Mukhopadhyay},
  title     = {Efficient Object Detection Using Embedded Binarized Neural Networks},
  journal   = {Journal of Signal Processing Systems},
  volume    = {90},
  number    = {6},
  pages     = {877--890},
  year      = {2018}
}

@inproceedings{XNOR-Net,
  author    = {Mohammad Rastegari and
               Vicente Ordonez and
               Joseph Redmon and
               Ali Farhadi},
  title     = {{XNOR-Net}: {ImageNet} Classification Using Binary Convolutional Neural Networks},
  booktitle = {Proceedings of the 14th European Conference on Computer Vision},
  pages     = {525--542},
  year      = {2016}
}

@inproceedings{TanL19,
  author    = {Mingxing Tan and
               Quoc V. Le},
  title     = {EfficientNet: Rethinking Model Scaling for Convolutional Neural Networks},
  booktitle = {Proceedings of the 36th International Conference on Machine Learning},
  pages     = {6105--6114},
  year      = {2019}
}
@inproceedings{BNN,
  author    = {Itay Hubara and
               Matthieu Courbariaux and
               Daniel Soudry and
               Ran El{-}Yaniv and
               Yoshua Bengio},
  title     = {Binarized Neural Networks},
  booktitle = {Proceedings of the Annual Conference on Neural Information Processing Systems},
  pages     = {4107--4115},
  year      = {2016}
}

@inproceedings{KorneevNPTBS18,
  author    = {Svyatoslav Korneev and
               Nina Narodytska and
               Luca Pulina and
               Armando Tacchella and
               Nikolaj Bj{\o}rner and
               Mooly Sagiv},
  title     = {Constrained Image Generation Using Binarized Neural Networks with Decision Procedures},
  booktitle = {Proceedings of the 21st International Conference on Theory and Applications of Satisfiability Testing},
  pages     = {438--449},
  year      = {2018}
}
@inproceedings{GuptaAGN15,
  author    = {Suyog Gupta and
               Ankur Agrawal and
               Kailash Gopalakrishnan and
               Pritish Narayanan},
  title     = {Deep Learning with Limited Numerical Precision},
  booktitle = {Proceedings of the 32nd International Conference on Machine Learning},
  pages     = {1737--1746},
  year      = {2015}
}
@inproceedings{LinTA16,
  author    = {Darryl Dexu Lin and
               Sachin S. Talathi and
               V. Sreekanth Annapureddy},
  title     = {Fixed Point Quantization of Deep Convolutional Networks},
  booktitle = {Proceedings of the 33nd International Conference on Machine Learning ({ICML})},
  pages     = {2849--2858},
  year      = {2016}
}
@inproceedings{McCulloch43,
	author = {McCulloch, Warren S. and Pitts, Walter},
	title = {A Logical Calculus of the Ideas Immanent in Nervous Activity},
	year = {1988},
	isbn = {0262010976},
	publisher = {MIT Press},
	address = {Cambridge, MA, USA},
	booktitle = {Neurocomputing: Foundations of Research},
	pages = {15--27},
	numpages = {13}
}

@article{Pitt88,
	author = {Pitt, Leonard and Valiant, Leslie G.},
	title = {Computational Limitations on Learning from Examples},
	year = {1988},
	issue_date = {Oct. 1988},
	publisher = {Association for Computing Machinery},
	address = {New York, NY, USA},
	volume = {35},
	number = {4},
	journal = {J. ACM},
	month = oct,
	pages = {965--984},
	numpages = {20}
}

@INPROCEEDINGS{BitwiseNN,
	author={M. {Kim} and P. {Smaragdis}},
	booktitle={2018 IEEE International Conference on Acoustics, Speech and Signal Processing (ICASSP)},
	title={Bitwise Neural Networks for Efficient Single-Channel Source Separation},
	year={2018},
	volume={},
	number={},
	pages={701-705}
}

@incollection{BinaryConnect,
	title = {BinaryConnect: Training Deep Neural Networks with binary weights during propagations},
	author = {Courbariaux, Matthieu and Bengio, Yoshua and David, Jean-Pierre},
	booktitle = {Advances in Neural Information Processing Systems 28},
	pages = {3123--3131},
	year = {2015}
}




@INPROCEEDINGS{FBNA,
	author={P. {Guo} and H. {Ma} and R. {Chen} and P. {Li} and S. {Xie} and D. {Wang}},  booktitle={2018 28th International Conference on Field Programmable Logic and Applications (FPL)},   title={FBNA: A Fully Binarized Neural
Network Accelerator},   year={2018},
	volume={},
	number={},
	pages={51-513}
}

@InProceedings{BNN_DL,
	author = {Ding, Ruizhou and Chin, Ting-Wu and Liu, Zeye and Marculescu, Diana},
	title = {Regularizing Activation Distribution for Training Binarized Deep Networks},
	booktitle = {The IEEE Conference on Computer Vision and Pattern Recognition (CVPR)},
	month = {June},
	year = {2019}
}

@inproceedings{ABC-Net,
	title={Towards Accurate Binary Convolutional Neural Network},
	author={Xiaofan Lin and Cong Zhao and Wei Pan},
	booktitle={NIPS},
	year={2017}
}

@inproceedings{BN,
	author = {Ioffe, Sergey and Szegedy, Christian},
	title = {Batch Normalization: Accelerating Deep Network Training by Reducing Internal Covariate Shift},
	year = {2015},
	booktitle = {Proceedings of the 32nd International Conference on International Conference on Machine Learning},
	pages = {448--456}
}

@inproceedings{FINN,
	author = {Umuroglu, Yaman and Fraser, Nicholas J. and Gambardella, Giulio and Blott, Michaela and Leong, Philip and Jahre, Magnus and Vissers, Kees},
	title = {FINN: A Framework for Fast, Scalable Binarized Neural Network Inference},
	year = {2017},
	booktitle = {Proceedings of the 2017 ACM/SIGDA International Symposium on Field-Programmable Gate Arrays},
	pages = {65--74}
}

@inproceedings{ScaBNN,
	author = {Fraser, Nicholas J. and Umuroglu, Yaman and Gambardella, Giulio and Blott, Michaela and Leong, Philip and Jahre, Magnus and Vissers, Kees},
	title = {Scaling Binarized Neural Networks on Reconfigurable Logic},
	year = {2017},
	booktitle = {Proceedings of the 8th Workshop and 6th Workshop on Parallel Programming and Run-Time Management Techniques for Many-Core Architectures and Design Tools and Architectures for Multicore Embedded Computing
Platforms},
	pages = {25--30},
	series = {PARMA-DITAM'17}
}

 

@inproceedings{DSQ,
  author       = {Ruihao Gong and
                  Xianglong Liu and
                  Shenghu Jiang and
                  Tianxiang Li and
                  Peng Hu and
                  Jiazhen Lin and
                  Fengwei Yu and
                  Junjie Yan},
  title        = {Differentiable Soft Quantization: Bridging Full-Precision and Low-Bit
                  Neural Networks},
  booktitle    = {Proceedings of the {IEEE/CVF} International Conference on Computer Vision ({ICCV})},
  pages        = {4851--4860},
  year         = {2019},
  doi          = {10.1109/ICCV.2019.00495}
}

@Article{reviewBNN-1,
	AUTHOR = {Simons, Taylor and Lee, Dah-Jye},
	TITLE = {A Review of Binarized Neural Networks},
	JOURNAL = {Electronics},
	VOLUME = {8},
	YEAR = {2019},
	NUMBER = {6},
	ARTICLE-NUMBER = {661}
}
 
@inproceedings{HORQ,
  author       = {Zefan Li and
                  Bingbing Ni and
                  Wenjun Zhang and
                  Xiaokang Yang and
                  Wen Gao},
  title        = {Performance Guaranteed Network Acceleration via High-Order Residual
                  Quantization},
  booktitle    = {{IEEE} International Conference on Computer Vision  ({ICCV})},
  pages        = {2603--2611}, 
  year         = {2017},
  doi          = {10.1109/ICCV.2017.282}
}

@inproceedings{BN-vs,
	author={Shibani Santurkar and Dimitris Tsipras and Andrew Ilyas and Aleksander Madry},
	title={How Does Batch Normalization Help Optimization?},
	year={2018},
	pages={2488-2498},
	booktitle={NeurIPS}
}
 
@inproceedings{HWGQ,
  author       = {Zhaowei Cai and
                  Xiaodong He and
                  Jian Sun and
                  Nuno Vasconcelos},
  title        = {Deep Learning with Low Precision by Half-Wave Gaussian Quantization},
  booktitle    = {Proceedings of the {IEEE} Conference on Computer Vision and Pattern Recognition ({CVPR})},
  pages        = {5406--5414}, 
  year         = {2017}, 
  doi          = {10.1109/CVPR.2017.574}
}

@INPROCEEDINGS{TwoStep,
  author={P. {Wang} and Q. {Hu} and Y. {Zhang} and C. {Zhang} and Y. {Liu} and J. {Cheng}}, 
  booktitle={Proceedings of the {IEEE/CVF} Conference on Computer Vision and Pattern Recognition (CVPR)},  
  title={Two-Step Quantization for Low-bit Neural Networks},
	year={2018}, 
doi          = {10.1109/CVPR.2018.00460},
	pages={4376-4384}
}

@inproceedings{XNOR++,
	title={XNOR-Net++: Improved Binary Neural Networks},
	author={Adrian Bulat and Georgios Tzimiropoulos},
	booktitle={BMVC},
	year={2019}
}

@INPROCEEDINGS{BBG,
	author={M. {Shen} and X. {Liu} and R. {Gong} and K. {Han}},
	booktitle={ICASSP 2020 - 2020 IEEE International Conference on Acoustics, Speech and Signal Processing (ICASSP)},
	title={Balanced Binary Neural Networks with Gated Residual},
	year={2020},
	volume={},
	number={},
	pages={4197-4201}
}

@inproceedings{Real2Bin,
	title={Training binary neural networks with real-to-binary convolutions},
	author={Brais Martinez and Jing Yang and Adrian Bulat and Georgios Tzimiropoulos},
	booktitle={International Conference on Learning Representations (ICLR)},
	year={2020}
}


@article{een2006translating,
	title={Translating pseudo-boolean constraints into SAT},
	author={E{\'e}n, Niklas and S{\"o}rensson, Niklas},
	journal={Journal on Satisfiability, Boolean Modeling and Computation},
	volume={2},
	number={1-4},
	pages={1--26},
	year={2006},
	publisher={IOS Press}
}

@article{dutta2017output,
	title={Output range analysis for deep neural networks},
	author={Dutta, Souradeep and Jha, Susmit and Sanakaranarayanan, Sriram and Tiwari, Ashish},
	journal={arXiv preprint arXiv:1709.09130},
	year={2017}
}


@inproceedings{goodfellow2014explaining,
  title={Explaining and harnessing adversarial examples},
  author={Ian Goodfellow and Jonathon Shlens and Christian Szegedy},
booktitle	= {Proceedings of the 3th International Conference on Learning Representations},
  year={2015}
}


@article{xu2017feature,
	title={Feature squeezing: Detecting adversarial examples in deep neural networks},
	author={Xu, Weilin and Evans, David and Qi, Yanjun},
	journal={arXiv preprint arXiv:1704.01155},
	year={2017}
}

@article{tramer2017ensemble,
	title={Ensemble adversarial training: Attacks and defenses},
	author={Tram{\`e}r, Florian and Kurakin, Alexey and Papernot, Nicolas and Goodfellow, Ian and Boneh, Dan and McDaniel, Patrick},
	journal={arXiv preprint arXiv:1705.07204},
	year={2017}
}

@article{kurakin2016adversarial,
	title={Adversarial machine learning at scale},
	author={Kurakin, Alexey and Goodfellow, Ian and Bengio, Samy},
	journal={arXiv preprint arXiv:1611.01236},
	year={2016}
}

@article{madry2017towards,
	title={Towards deep learning models resistant to adversarial attacks},
	author={Madry, Aleksander and Makelov, Aleksandar and Schmidt, Ludwig and Tsipras, Dimitris and Vladu, Adrian},
	journal={arXiv preprint arXiv:1706.06083},
	year={2017}
} 
@inproceedings{AWBK20,
  author       = {Guy Amir and
                  Haoze Wu and
                  Clark W. Barrett and
                  Guy Katz},
  title        = {An {SMT}-Based Approach for Verifying Binarized Neural Networks},
  booktitle    = {Proceedings of the 27th International Conference on Tools and Algorithms for the Construction and Analysis of Systems
                  ({TACAS})},
  volume       = {12652},
  pages        = {203--222},
  year         = {2021},
  doi          = {10.1007/978-3-030-72013-1\_11}
}
@inproceedings{KatzHIJLLSTWZDK19,
  author    = {Guy Katz and
               Derek A. Huang and
               Duligur Ibeling and
               Kyle Julian and
               Christopher Lazarus and
               Rachel Lim and
               Parth Shah and
               Shantanu Thakoor and
               Haoze Wu and
               Aleksandar Zeljic and
               David L. Dill and
               Mykel J. Kochenderfer and
               Clark W. Barrett},
  title     = {The Marabou Framework for Verification and Analysis of Deep Neural
               Networks},
  booktitle = {Proceedings of the 31st International Conference on Computer Aided Verification},
  pages     = {443--452},
  year      = {2019}
}
@inproceedings{ddlearning19A,
	title={Verifying binarized neural networks by local automaton learning},
	author={Shih, Andy and Darwiche, Adnan and Choi, Arthur},
	booktitle={Proceedings of the AAAI Spring Symposium on Verification of Neural Networks},
	year={2019}
}

@inproceedings{baluta2019quantitative,
	title={Quantitative verification of neural networks and its security applications},
	author={Baluta, Teodora and Shen, Shiqi and Shinde, Shweta and Meel, Kuldeep S and Saxena, Prateek},
	booktitle={Proceedings of the 2019 ACM SIGSAC Conference on Computer and Communications Security},
	pages={1249--1264},
	year={2019}
}
@article{kalra2016driving,
  title={Driving to safety: How many miles of driving would it take to demonstrate autonomous vehicle reliability?},
  author={Kalra, Nidhi and Paddock, Susan M},
  journal={Transportation Research Part A: Policy and Practice},
  volume={94},
  pages={182--193},
  year={2016}
}

@article{koopman2019safety,
  title={Safety argument considerations for public road testing of autonomous vehicles},
  author={Koopman, Philip and Osyk, Beth},
  journal={{SAE} International Journal of Advances and Current Practices in Mobility},
  volume={1},
  pages={512--523},
  year={2019}
}

@inproceedings{ddlearning19B,
	title={Verifying binarized neural networks by angluin-style learning},
	author={Shih, Andy and Darwiche, Adnan and Choi, Arthur},
	booktitle={Proceedings of the 2019 International Conference on Theory and Applications of Satisfiability Testing},
	pages={354--370},
	year={2019}
}
@article{Angluin87,
  author    = {Dana Angluin},
  title     = {Learning Regular Sets from Queries and Counterexamples},
  journal   = {Information and Computation},
  volume    = {75},
  number    = {2},
  pages     = {87--106},
  year      = {1987}
}

@inproceedings{CSSDvnn19,
  author    = {Arthur Choi and Weijia Shi and Andy Shih and Adnan Darwiche},
  title     = {Compiling Neural Networks into Tractable Boolean Circuits},
  booktitle = {Proceedings of the AAAI Spring Symposium on Verification of Neural Networks},
  year      = {2019}
}

@inproceedings{NPAQ19,
	title={Quantitative verification of neural networks and its security applications},
	author={Baluta, Teodora and Shen, Shiqi and Shinde, Shweta and Meel, Kuldeep S and Saxena, Prateek},
	booktitle={Proceedings of the 2019 ACM SIGSAC Conference on Computer and Communications Security},
	pages={1249--1264},
	year={2019}
}

@article{shih2018symbolic,
	title={A symbolic approach to explaining Bayesian network classifiers},
	author={Shih, Andy and Choi, Arthur and Darwiche, Adnan},
	journal={arXiv preprint arXiv:1805.03364},
	year={2018}
}


@inproceedings{ignatiev2019abduction,
	title={Abduction-based explanations for machine learning models},
	author={Ignatiev, Alexey and Narodytska, Nina and Marques-Silva, Joao},
	booktitle={Proceedings of the AAAI Conference on Artificial Intelligence},
	volume={33},
	pages={1511--1519},
	year={2019}
}

@article{darwiche2020reasons,
	title={On The Reasons Behind Decisions},
	author={Darwiche, Adnan and Hirth, Auguste},
	journal={arXiv preprint arXiv:2002.09284},
	year={2020}
}

@inproceedings{MahloujifarDM19,
  author    = {Saeed Mahloujifar and
               Dimitrios I. Diochnos and
               Mohammad Mahmoody},
  title     = {The Curse of Concentration in Robust Learning: Evasion and Poisoning
               Attacks from Concentration of Measure},
  booktitle = {Proceedings of the {AAAI} Conference on Artificial Intelligence},
  pages     = {4536--4543},
  year      = {2019}
}
@inproceedings{GilmerMFSRWG18,
  author    = {Justin Gilmer and
               Luke Metz and
               Fartash Faghri and
               Samuel S. Schoenholz and
               Maithra Raghu and
               Martin Wattenberg and
               Ian J. Goodfellow},
  title     = {Adversarial Spheres},
  booktitle = {Proceedings of the 6th International Conference on Learning Representations},
  year      = {2018}
}
@article{Doh18,
  author    = {Elvis Dohmatob},
  title     = {Limitations of adversarial robustness: strong No Free Lunch Theorem},
  journal   = {CoRR},
  volume    = {abs/1810.04065},
  year      = {2018}
}
@inproceedings{UesatoOKO18,
  author    = {Jonathan Uesato and
               Brendan O'Donoghue and
               Pushmeet Kohli and
               A{\"{a}}ron van den Oord},
  title     = {Adversarial Risk and the Dangers of Evaluating Against Weak Attacks},
  booktitle = {Proceedings of the 35th International Conference on Machine Learning},
  pages     = {5032--5041},
  year      = {2018}
}
@inproceedings{GilmerFCC19,
  author    = {Justin Gilmer and
               Nicolas Ford and
               Nicholas Carlini and
               Ekin D. Cubuk},
  title     = {Adversarial Examples Are a Natural Consequence of Test Error in Noise},
  booktitle = {Proceedings of the 36th International Conference on Machine Learning},
  pages     = {2280--2289},
  year      = {2019}
}
@inproceedings{Narodytska18,
  author    = {Nina Narodytska},
  title     = {Formal Analysis of Deep Binarized Neural Networks},
  booktitle = {Proceedings of the 27th International Joint Conference on
               Artificial Intelligence},
  pages     = {5692--5696},
  year      = {2018}
}
@inproceedings{narodytska2018verifying,
  author    = {Nina Narodytska and
               Shiva Prasad Kasiviswanathan and
               Leonid Ryzhyk and
               Mooly Sagiv and
               Toby Walsh},
  title     = {Verifying Properties of Binarized Deep Neural Networks},
  booktitle = {Proceedings of the {AAAI} Conference on Artificial Intelligence},
  pages     = {6615--6624},
  year      = {2018}
}

@inproceedings{BaranowskiHLNR20,
  author    = {Marek S. Baranowski and
               Shaobo He and
               Mathias Lechner and
               Thanh Son Nguyen and
               Zvonimir Rakamaric},
  title     = {An {SMT} Theory of Fixed-Point Arithmetic},
  booktitle = {Proceedings of the 10th International Joint Conference on Automated Reasoning},
  pages     = {13--31},
  year      = {2020}
}

@article{GBM20,
  author    = {Bishwamittra Ghosh and
               Debabrota Basu and
               Kuldeep S. Meel},
  title     = {Justicia: {A} Stochastic {SAT} Approach to Formally Verify Fairness},
  journal   = {CoRR},
  volume    = {abs/2009.06516},
  year      = {2020}
}
@inproceedings{NarodytskaSMIM19,
  author    = {Nina Narodytska and
               Aditya A. Shrotri and
               Kuldeep S. Meel and
               Alexey Ignatiev and
               Jo{\~{a}}o Marques{-}Silva},
  title     = {Assessing Heuristic Machine Learning Explanations with Model Counting},
  booktitle = {Proceedings of the 22nd
               International Conference on Theory and Applications of Satisfiability Testing},
  pages     = {267--278},
  year      = {2019}
}

@inproceedings{WeissGY18,
  author    = {Gail Weiss and
               Yoav Goldberg and
               Eran Yahav},
  title     = {Extracting Automata from Recurrent Neural Networks Using Queries and
               Counterexamples},
  booktitle = {Proceedings of the 35th International Conference on Machine Learning},
  pages     = {5244--5253},
  year      = {2018}
}
@article{moradisilver,
	title={SILVER--Statistical Independence and Leakage Verification},
	author={Moradi, Amir}
}
@inproceedings{Ribeiro0G18,
  author    = {Marco T{\'{u}}lio Ribeiro and
               Sameer Singh and
               Carlos Guestrin},
  title     = {Anchors: High-Precision Model-Agnostic Explanations},
  booktitle = {Proceedings of the Thirty-Second {AAAI} Conference on Artificial Intelligence},
  pages     = {1527--1535},
  year      = {2018}
}
@ARTICLE{LXZZZ20,
  author={Shaofeng Li and Minhui Xue and Benjamin Zi Hao Zhao and Haojin Zhu and Xinpeng Zhang},
  journal={{IEEE} Transactions on Dependable and Secure Computing},
  title={Invisible Backdoor Attacks on Deep Neural Networks via Steganography and Regularization},
  year={2020}
  }
@inproceedings{RuanWSHKK19,
  author    = {Wenjie Ruan and
               Min Wu and
               Youcheng Sun and
               Xiaowei Huang and
               Daniel Kroening and
               Marta Kwiatkowska},
  title     = {Global Robustness Evaluation of Deep Neural Networks with Provable
               Guarantees for the Hamming Distance},
  booktitle = {Proceedings of the 28th International Joint Conference on
               Artificial Intelligence},
  pages     = {5944--5952},
  year      = {2019}
}
@article{bryant1986graph,
 author    = {Randal E. Bryant},
  title     = {Graph-Based Algorithms for Boolean Function Manipulation},
  journal   = {{IEEE} Transactions on Computers},
  volume    = {35},
  number    = {8},
  pages     = {677--691},
  year      = {1986}
}

@book{wegener2000branching,
	title={Branching programs and binary decision diagrams: theory and applications},
	author={Wegener, Ingo},
	volume={4},
	year={2000},
	publisher={SIAM}
}
@book{meinel2012algorithms,
	title={Algorithms and Data Structures in VLSI Design: OBDD-foundations and applications},
	author={Meinel, Christoph and Theobald, Thorsten},
	year={2012},
	publisher={Springer Science \& Business Media}
}

@book{huth2004logic,
	title={Logic in Computer Science: Modelling and reasoning about systems},
	author={Huth, Michael and Ryan, Mark},
	year={2004},
	publisher={Cambridge university press}
}

@inproceedings{clarke1993spectral,
	title={Spectral transforms for large boolean functions with applications to technology mapping},
	author={Clarke, Edmund M and McMillan, Kenneth L and Zhao, Xudong and Fujita, Masahiro and Yang, Jerry},
	booktitle={Proceedings of the 30th international Design Automation Conference},
	pages={54--60},
	year={1993}
}

@InProceedings{DB15a,
	author       = "J.T. Springenberg and A. Dosovitskiy and T. Brox and M. Riedmiller",
	title        = "Striving for Simplicity: The All Convolutional Net",
	booktitle    = "ICLR (workshop track)",
	year         = "2015",
	url          = "http://lmb.informatik.uni-freiburg.de/Publications/2015/DB15a"
}

@inproceedings{shih2018formal,
	title={Formal verification of Bayesian network classifiers},
	author={Shih, Andy and Choi, Arthur and Darwiche, Adnan},
	booktitle={International Conference on Probabilistic Graphical Models},
	pages={427--438},
	year={2018}
}

@inproceedings{NarodytskaZGW20,
  author    = {Nina Narodytska and
               Hongce Zhang and
               Aarti Gupta and
               Toby Walsh},
  title     = {In Search for a {SAT}-friendly Binarized Neural Network Architecture},
  booktitle = {Proceedings of the 8th International Conference on Learning Representations},
  year      = {2020}
}
@inproceedings{KR20,
	author    = {Weijia Shi and
	Andy Shih and
	Adnan Darwiche and
	Arthur Choi},
	title     = {On Tractable Representations of Binary Neural Networks},
	booktitle = {Proceedings of the 17th International Conference on Principles of
	Knowledge Representation and Reasoning},
	pages     = {882--892},
	year      = {2020}
}

@article{van2013multi,
	title={Multi-Core BDD Operations for Symbolic Reachability.},
	author={Van Dijk, Tom and Laarman, Alfons and Van De Pol, Jaco},
	journal={Electron. Notes Theor. Comput. Sci.},
	volume={296},
	pages={127--143},
	year={2013}
}

@inproceedings{van2015sylvan,
	title={Sylvan: Multi-core decision diagrams},
	author={van Dijk, Tom and van de Pol, Jaco},
	booktitle={International Conference on Tools and Algorithms for the Construction and Analysis of Systems},
	pages={677--691},
	year={2015},
	organization={Springer}
}

@article{van2017sylvan,
	title={Sylvan: multi-core framework for decision diagrams},
	author={van Dijk, Tom and van de Pol, Jaco},
	journal={International Journal on Software Tools for Technology Transfer},
	volume={19},
	number={6},
	pages={675--696},
	year={2017},
	publisher={Springer}
}

@inproceedings{neuronFactor18,
  author    = {Chih{-}Hong Cheng and
               Georg N{\"{u}}hrenberg and
               Chung{-}Hao Huang and
               Harald Ruess},
  title     = {Verification of Binarized Neural Networks via Inter-neuron Factoring
               - (Short Paper)},
  booktitle = {Proceedings of the 10th International
               Conference on Verified Software. Theories, Tools, and Experiments},
  pages     = {279--290},
  year      = {2018}
}

@inproceedings{DBLP:conf/vstte/ChengNHR18,
  author    = {Chih{-}Hong Cheng and
               Georg N{\"{u}}hrenberg and
               Chung{-}Hao Huang and
               Harald Ruess},
  title     = {Verification of Binarized Neural Networks via Inter-neuron Factoring
               - (Short Paper)},
  booktitle = {Verified Software. Theories, Tools, and Experiments - 10th International
               Conference, {VSTTE} 2018, Oxford, UK, July 18-19, 2018, Revised Selected
               Papers},
  pages     = {279--290},
  year      = {2018},
  crossref  = {DBLP:conf/vstte/2018},
  url       = {https://doi.org/10.1007/978-3-030-03592-1\_16},
  doi       = {10.1007/978-3-030-03592-1\_16},
  timestamp = {Tue, 14 May 2019 10:00:49 +0200},
  biburl    = {https://dblp.org/rec/conf/vstte/ChengNHR18.bib},
  bibsource = {dblp computer science bibliography, https://dblp.org}
}
@INPROCEEDINGS{BDDAppro2016,
	author={M. {Soeken} and D. {Gro?e} and A. {Chandrasekharan} and R. {Drechsler}},
	booktitle={2016 21st Asia and South Pacific Design Automation Conference (ASP-DAC)},
	title={BDD minimization for approximate computing},
	year={2016},
	volume={},
	number={},
	pages={474-479}
}
@INPROCEEDINGS{BDDAppro2020,
	author={A. {Wendler} and O. {Keszocze}},
	booktitle={2020 Design, Automation   Test in Europe Conference   Exhibition (DATE)},
	title={A fast BDD Minimization Framework for Approximate Computing},
	year={2020},
	volume={},
	number={},
	pages={1372-1377}
}



@inproceedings{TFLite,
  title={Quantization and training of neural networks for efficient integer-arithmetic-only inference},
  author={Jacob, Benoit and Kligys, Skirmantas and Chen, Bo and Zhu, Menglong and Tang, Matthew and Howard, Andrew and Adam, Hartwig and Kalenichenko, Dmitry},
  booktitle={Proceedings of the IEEE conference on computer vision and pattern recognition (CVPR)},
  pages        = {2704--2713}, 
  doi          = {10.1109/CVPR.2018.00286},
  year={2018}
}

@article{betaCrown,
  title={Beta-crown: Efficient bound propagation with per-neuron split constraints for neural network robustness verification},
  author={Wang, Shiqi and Zhang, Huan and Xu, Kaidi and Lin, Xue and Jana, Suman and Hsieh, Cho-Jui and Kolter, J Zico},
  journal={Advances in Neural Information Processing Systems},
  volume={34},
  year={2021}
}

 
@inproceedings{scaleQNN21,
  author       = {Thomas A. Henzinger and
                  Mathias Lechner and
                  Dorde Zikelic},
  title        = {Scalable Verification of Quantized Neural Networks},
  booktitle    = {Proceedings of the 35th {AAAI} Conference on Artificial Intelligence ({AAAI})},
  pages        = {3787--3795},
  year         = {2021},
  doi          = {10.1609/AAAI.V35I5.16496}
}

@MISC{FSDChip,
  author =       {WikiChip},
  title =        {FSD Chip - Tesla},
  howpublished = {\url{https://en.wikichip.org/wiki/tesla_(car_company)/fsd_chip}},
  year =         {Accessed April 30, 2022}
}

@article{compress2019,
  title={To compress or not to compress: Understanding the interactions between adversarial attacks and neural network compression},
  author={Shumailov, Ilia and Zhao, Yiren and Mullins, Robert and Anderson, Ross},
  journal={Proceedings of Machine Learning and Systems},
  volume={1},
  pages={230--240},
  year={2019}
}

@article{fischetti2018deep,
  title={Deep neural networks and mixed integer linear optimization},
  author={Fischetti, Matteo and Jo, Jason},
  journal={Constraints},
  volume={23},
  number={3},
  pages={296--309},
  year={2018},
  publisher={Springer}
}

@inproceedings{JiaR20,
  author= {Kai Jia and
               Martin Rinard},
  title= {Efficient Exact Verification of Binarized Neural Networks},
  booktitle = {Proceedings of the Annual Conference on Neural Information Processing Systems},
  year={2020}
}

@MISC{smtQNN,
  author =       {Thomas A. Henzinger and
               Mathias Lechner and
               Dorde Zikelic},
  title =        {Scalable Verification of Quantized Neural Networks},
  howpublished = {\url{https://github.com/mlech26l/qnn_robustness_benchmarks}},
  year =         {2021}
}

@MISC{TFLiteWebpage,
  author =       {Google},
  title =        {Tensorflow Lite.},
  howpublished = {\url{https://www.tensorflow.org/lite}},
  year =         {2022}
}

@inproceedings{KTSLSF14,
  author    = {Andrej Karpathy and
               George Toderici and
               Sanketh Shetty and
               Thomas Leung and
               Rahul Sukthankar and
               Fei{-}Fei Li},
  title     = {Large-Scale Video Classification with Convolutional Neural Networks},
  booktitle = {Proceedings of 2014 {IEEE} Conference on Computer Vision and Pattern Recognition ({CVPR})},
  pages     = {1725--1732},
doi          = {10.1109/CVPR.2014.223},
  year      = {2014}
}
@article{HDYDMJSVNSK12,
  author={G. Hinton and L. Deng and D. Yu and G. E. Dahl and A. Mohamed and N. Jaitly and A. Senior and V. Vanhoucke and P. Nguyen and T. N. Sainath and B. Kingsbury},
  title     = {Deep Neural Networks for Acoustic Modeling in Speech Recognition: The Shared Views of Four Research Groups},
  journal   = {{IEEE} Signal Process. Mag.},
  volume    = {29},
  number    = {6},
  doi          = {10.1109/MSP.2012.2205597},
  pages     = {82--97},
  year      = {2012}
}
@inproceedings{PSM14,
  author    = {Jeffrey Pennington and
               Richard Socher and
               Christopher D. Manning},
  title     = {Glove: Global Vectors for Word Representation},
  booktitle = {Proceedings of the 2014 Conference on Empirical Methods in Natural Language Processing},
  pages     = {1532--1543},
  year      = {2014}
}
@MISC{Apollo,
  author =       {Apollo},
  title =        {An open, reliable and secure software platform for autonomous driving systems},
  howpublished = {\url{http://apollo.auto}},
  year =         {2018}
}

@MISC{Gurobi,
  author =       {Gurobi},
  title =        {A most powerful mathematical optimization solver},
  howpublished = {\url{https://www.gurobi.com/}},
  year =         {2018}
}
@book{moore2009introduction,
	title={Introduction to interval analysis},
	author={Moore, Ramon E and Kearfott, R Baker and Cloud, Michael J},
	volume={110},
	year={2009},
	publisher={Siam}
}

@inproceedings{WangPWYJ18,
	author    = {Shiqi Wang and
	Kexin Pei and
	Justin Whitehouse and
	Junfeng Yang and
	Suman Jana},
	title     = {Formal security analysis of neural networks using symbolic intervals},
	booktitle = {{USENIX} Security Symposium'18},
	pages     = {1599--1614},
	year      = {2018}
}

@article{nagel2021white,
  title={A white paper on neural network quantization},
  author={Nagel, Markus and Fournarakis, Marios and Amjad, Rana Ali and Bondarenko, Yelysei and van Baalen, Mart and Blankevoort, Tijmen},
  journal={arXiv preprint arXiv:2106.08295},
  year={2021}
}

@inproceedings{li2022towards,
  title={Towards practical robustness analysis for DNNs based on PAC-model learning},
  author={Li, Renjue and Yang, Pengfei and Huang, Cheng-Chao and Sun, Youcheng and Xue, Bai and Zhang, Lijun},
  booktitle={Proceedings of the IEEE/ACM 44th International Conference on Software Engineering},
  pages={2189--2201},
  year={2022}
}

@article{SongLCFL21,
  author    = {Fu Song and
               Yusi Lei and
               Sen Chen and
               Lingling Fan and
               Yang Liu},
  title     = {Advanced evasion attacks and mitigations on practical ML-based phishing
               website classifiers},
  journal   = {Int. J. Intell. Syst.},
  volume    = {36},
  number    = {9},
  pages     = {5210--5240},
  year      = {2021}
}
@inproceedings{ChenCFDZSL21,
  author    = {Guangke Chen and
               Sen Chen and
               Lingling Fan and
               Xiaoning Du and
               Zhe Zhao and
               Fu Song and
               Yang Liu},
  title     = {Who is Real Bob? Adversarial Attacks on Speaker Recognition Systems},
  booktitle = {Proceedings of the 42nd {IEEE} Symposium on Security and Privacy},
  pages     = {694--711},
  year      = {2021}
}


@inproceedings{ZhaoCWYS021,
  author    = {Zhe Zhao and
               Guangke Chen and
               Jingyi Wang and
               Yiwei Yang and
               Fu Song and
               Jun Sun},
  title     = {Attack as defense: characterizing adversarial examples using robustness},
  booktitle = {Proceedings of the 30th {ACM} {SIGSOFT} International Symposium on Software
               Testing and Analysis (ISSTA)},
  pages     = {42--55},
  year      = {2021}
}
@ARTICLE{CZSCFL22,
  author={Chen, Guangke and Zhao, Zhe and Song, Fu and Chen, Sen and Fan, Lingling and Liu, Yang},
  journal={IEEE Transactions on Dependable and Secure Computing},
  title={{AS2T}: Arbitrary Source-To-Target Adversarial Attack on Speaker Recognition Systems},
  year={2022},
  volume={},
  number={},
  pages={1-17},
  doi={10.1109/TDSC.2022.3189397}}



% DNN verification papers

@inproceedings{BDD4BNN,
  author    = {Yedi Zhang and
               Zhe Zhao and
               Guangke Chen and
               Fu Song and
               Taolue Chen},
  title     = {{BDD4BNN:} {A} BDD-Based Quantitative Analysis Framework for Binarized
               Neural Networks},
  booktitle = {Proceedings of the 33rd International Conference on Computer Aided Verification (CAV)},
  pages     = {175--200},
doi          = {10.1007/978-3-030-81685-8\_8},
  year      = {2021}
}


@inproceedings{GuoWZZSW21,
  author    = {Xingwu Guo and
               Wenjie Wan and
               Zhaodi Zhang and
               Min Zhang and
               Fu Song and
               Xuejun Wen},
  title     = {Eager Falsification for Accelerating Robustness Verification of Deep
               Neural Networks},
  booktitle = {Proceedings of the 32nd {IEEE} International Symposium on Software Reliability Engineering},
  pages     = {345--356},
  year      = {2021}
}

@inproceedings{ZZCSZC22,
  author    = {Yedi Zhang and  Zhe Zhao and  Guangke Chen and  Fu Song and Min Zhang and Taolue Chen and Jun Sun},
  title     = {QVIP: An ILP-based Formal Verification Approach for Quantized Neural Networks},
  booktitle = {Proceedings of the 37th IEEE/ACM International Conference on Automated Software Engineering (ASE)},
  pages        = {82:1--82:13}, 
  doi          = {10.1145/3551349.3556916},
  year      = {2022}
}

@inproceedings{ZZCSCL22, 
  author       = {Zhe Zhao and
                  Yedi Zhang and
                  Guangke Chen and
                  Fu Song and
                  Taolue Chen and
                  Jiaxiang Liu},
  title        = {{CLEVEREST:} Accelerating CEGAR-based Neural Network Verification
                  via Adversarial Attacks},
  booktitle    = {Proceedings of the 29th International Symposium on Static Analysis}, 
  pages        = {449--473},
  year         = {2022},
  doi          = {10.1007/978-3-031-22308-2\_20}
}
@article{LiuSZW20,
  author    = {Wan{-}Wei Liu and
               Fu Song and
               Tang{-}Hao{-}Ran Zhang and
               Ji Wang},
  title     = {Verifying ReLU Neural Networks from a Model Checking Perspective},
  journal   = {J. Comput. Sci. Technol.},
  volume    = {35},
  number    = {6},
  pages     = {1365--1381},
  year      = {2020}
}

@article{LXSSXM22,
  author       = {Jiaxiang Liu and
                  Yunhan Xing and
                  Xiaomu Shi and
                  Fu Song and
                  Zhiwu Xu and
                  Zhong Ming},
  title        = {Abstraction and Refinement: Towards Scalable and Exact Verification
                  of Neural Networks},
  journal      = {{ACM} Trans. Softw. Eng. Methodol.},
  volume       = {33},
  number       = {5},
  pages        = {129:1--129:35},
  year         = {2024},
  doi          = {10.1145/3644387}
}

@article{chen2022towards,
  title={Towards Understanding and Mitigating Audio Adversarial Examples for Speaker Recognition},
  author={Chen, Guangke and Zhao, Zhe and Song, Fu and Chen, Sen and Fan, Lingling and Wang, Feng and Wang, Jiashui},
  journal={arXiv preprint arXiv:2206.03393},
  year={2022}
}

@article{chen2021sec4sr,
  title={SEC4SR: a security analysis platform for speaker recognition},
  author={Chen, Guangke and Zhao, Zhe and Song, Fu and Chen, Sen and Fan, Lingling and Liu, Yang},
  journal={arXiv preprint arXiv:2109.01766},
  year={2021}
}

@inproceedings{nagel2020up,
  title={Up or down? adaptive rounding for post-training quantization},
  author={Nagel, Markus and Amjad, Rana Ali and Van Baalen, Mart and Louizos, Christos and Blankevoort, Tijmen},
  booktitle={Proceedings of the 37th International Conference on Machine Learning ({ICML})},
  volume       = {119},
  pages        = {7197--7206},
  year={2020}
}

@article{wang2018towards,
  title={Towards understanding learning representations: To what extent do different neural networks learn the same representation},
  author={Wang, Liwei and Hu, Lunjia and Gu, Jiayuan and Hu, Zhiqiang and Wu, Yue and He, Kun and Hopcroft, John},
  journal={Advances in neural information processing systems},
  volume={31},
  year={2018}
}
@inproceedings{ZhangCSSD24,
  author       = {Yedi Zhang and
                  Guangke Chen and
                  Fu Song and
                  Jun Sun and
                  Jin Song Dong},
  editor       = {Andr{\'{e}} Platzer and
                  Kristin Yvonne Rozier and
                  Matteo Pradella and
                  Matteo Rossi},
  title        = {Certified Quantization Strategy Synthesis for Neural Networks},
  booktitle    = {Proceedings of the 26th International Symposium on Formal Methods ({FM}), Part {I}},
  volume       = {14933},
  pages        = {343--362},
  year         = {2024},
  doi          = {10.1007/978-3-031-71162-6\_18}
}
@inproceedings{li2021robust,
  title={Robust error bounds for quantised and pruned neural networks},
  author={Li, Jiaqi and Drummond, Ross and Duncan, Stephen R},
  booktitle={Learning for Dynamics and Control},
  pages={361--372},
  year={2021},
  organization={PMLR}
}

@inproceedings{zhang2018lq,
  title={Lq-nets: Learned quantization for highly accurate and compact deep neural networks},
  author={Zhang, Dongqing and Yang, Jiaolong and Ye, Dongqiangzi and Hua, Gang},
  booktitle={Proceedings of the European conference on computer vision (ECCV)},
  pages={365--382},
  year={2018}
}

@inproceedings{jung2019learning,
  title={Learning to quantize deep networks by optimizing quantization intervals with task loss},
  author={Jung, Sangil and Son, Changyong and Lee, Seohyung and Son, Jinwoo and Han, Jae-Joon and Kwak, Youngjun and Hwang, Sung Ju and Choi, Changkyu},
  booktitle={Proceedings of the IEEE/CVF Conference on Computer Vision and Pattern Recognition ({CVPR})},
  pages={4350--4359},
doi          = {10.1109/CVPR.2019.00448},
  year={2019}
}

@article{julian2019deep,
  title={Deep neural network compression for aircraft collision avoidance systems},
  author={Julian, Kyle D and Kochenderfer, Mykel J and Owen, Michael P},
  journal={Journal of Guidance, Control, and Dynamics},
  volume={42},
  number={3},
  pages={598--608},
  year={2019},
  publisher={American Institute of Aeronautics and Astronautics}
}

@article{mistry2022milp,
  title={An {MILP} Encoding for Efficient Verification of Quantized Deep Neural Networks},
  author={Mistry, Samvid and Saha, Indranil and Biswas, Swarnendu},
  journal={IEEE Transactions on Computer-Aided Design of Integrated Circuits and Systems (Early Access)},
  year={2022}
}

@MISC{website,
  author =       {QEBVerif},
  year  =        {2022},
  howpublished =          {\url{https://github.com/QEBVerif/Data}}
}

@MISC{BFAVerifier,
  author =       {BFAVerifier},
  year  =        {2025},
  howpublished =          {\url{https://github.com/zhangyedi/BFAVerifier}}
}

@inproceedings{weng2018evaluating,
  title={Evaluating the robustness of neural networks: An extreme value theory approach},
  author={Weng, Tsui Wei and Zhang, Huan and Chen, Pin-Yu and Yi, Jinfeng and Su, Dong and Gao, Yupeng and Hsieh, Cho-Jui and Daniel, Luca},
  booktitle={International Conference on Learning Representations},
  year={2018},
  organization={International Conference on Learning Representations, ICLR}
}

@incollection{gholami2021survey,
  title={A survey of quantization methods for efficient neural network inference},
  author={Gholami, Amir and Kim, Sehoon and Dong, Zhen and Yao, Zhewei and Mahoney, Michael W and Keutzer, Kurt},
  booktitle={Low-Power Computer Vision},
  pages={291--326},
  year={2022},
  publisher={Chapman and Hall/CRC}
}

@ARTICLE{DZBS21,
  author={Bu, Lei and Zhao, Zhe and Duan, Yuchao and Song, Fu},
  journal={IEEE Transactions on Dependable and Secure Computing}, 
  title={Taking Care of the Discretization Problem: A Comprehensive Study of the Discretization Problem and a Black-Box Adversarial Attack in Discrete Integer Domain}, 
  year={2022},
  volume={19},
  number={5},
  pages={3200-3217},
  doi={10.1109/TDSC.2021.3088661}
  }
@article{RokhAK23,
  author       = {Babak Rokh and
                  Ali Azarpeyvand and
                  Alireza Khanteymoori},
  title        = {A Comprehensive Survey on Model Quantization for Deep Neural Networks
                  in Image Classification},
  journal      = {{ACM} Trans. Intell. Syst. Technol.},
  volume       = {14},
  number       = {6},
  pages        = {97:1--97:50},
  year         = {2023}, 
  doi          = {10.1145/3623402}
}
@inproceedings{ChenZZS23,
  author       = {Guangke Chen and
                  Yedi Zhang and
                  Zhe Zhao and
                  Fu Song},
  editor       = {Joseph A. Calandrino and
                  Carmela Troncoso},
  title        = {{QFA2SR:} Query-Free Adversarial Transfer Attacks to Speaker Recognition
                  Systems},
  booktitle    = {32nd {USENIX} Security Symposium},
  pages        = {2437--2454},
  year         = {2023}
}

@inproceedings{ChenZS24,
  author       = {Guangke Chen and
                  Yedi Zhang and
                  Fu Song},
  title        = {{SLMIA-SR:} Speaker-Level Membership Inference Attacks against Speaker
                  Recognition Systems},
  booktitle    = {31st Annual Network and Distributed System Security Symposium},
  year         = {2024}
}
@article{ZhaoCLLSWS24,
  author       = {Zhe Zhao and
                  Guangke Chen and
                  Tong Liu and
                  Taishan Li and
                  Fu Song and
                  Jingyi Wang and
                  Jun Sun},
  title        = {Attack as Detection: Using Adversarial Attack Methods to Detect Abnormal
                  Examples},
  journal      = {{ACM} Trans. Softw. Eng. Methodol.},
  volume       = {33},
  number       = {3},
  pages        = {68:1--68:45},
  year         = {2024},
  doi          = {10.1145/3631977}
}
@inproceedings{DabkowskiG17,
author = {Dabkowski, Piotr and Gal, Yarin},
title = {Real Time Image Saliency for Black Box Classifiers},
booktitle    = {Annual Conference
                  on Neural Information Processing Systems},
year = {2017},
pages = {6970–6979},
numpages = {10}
}

@inproceedings{HuH022,
  TITLE = {{Optimizing Binary Decision Diagrams with MaxSAT for Classification}},
  AUTHOR = {Hu, Hao and Huguet, Marie-Jos{\'e} and Siala, Mohamed},
  BOOKTITLE = {{36th AAAI Conference on Artificial Intelligence}},
  YEAR = {2022}
}

@inproceedings{LinGH19,
  author    = {Ji Lin and
               Chuang Gan and
               Song Han},
  title     = {Defensive Quantization: When Efficiency Meets Robustness},
  booktitle = {Proceedings of the 7th International Conference on Learning Representations ({ICLR})}, 
  year      = {2019}
}


 


@article{zhou2016dorefa,
  title={Dorefa-net: Training low bitwidth convolutional neural networks with low bitwidth gradients},
  author={Zhou, Shuchang and Wu, Yuxin and Ni, Zekun and Zhou, Xinyu and Wen, He and Zou, Yuheng},
  journal={arXiv preprint arXiv:1606.06160},
  year={2016}
}

@article{hubara2017quantized,
  title={Quantized neural networks: Training neural networks with low precision weights and activations},
  author={Hubara, Itay and Courbariaux, Matthieu and Soudry, Daniel and El-Yaniv, Ran and Bengio, Yoshua},
  journal={The Journal of Machine Learning Research},
  volume={18},
  number={1},
  pages={6869--6898},
  year={2017},
  publisher={JMLR. org}
}

@inproceedings{tang2020error,
  title={Error-Silenced Quantization: Bridging Robustness and Compactness.},
  author={Tang, Zhicong and Dong, Yinpeng and Su, Hang},
 booktitle    = {Proceedings of the Workshop on Artificial Intelligence Safety (AISafety@IJCAI)},
  year={2020}
}

 

@inproceedings{alizadeh2019gradient,
  title={Gradient $\ell_1$ Regularization for Quantization Robustness},
  author={Alizadeh, Milad and Behboodi, Arash and van Baalen, Mart and Louizos, Christos and Blankevoort, Tijmen and Welling, Max},
  booktitle={International Conference on Learning Representations},
  year={2019}
}


@InProceedings{pmlrv97zhao19c,
  title = 	 {Improving Neural Network Quantization without Retraining using Outlier Channel Splitting},
  author =       {Zhao, Ritchie and Hu, Yuwei and Dotzel, Jordan and De Sa, Chris and Zhang, Zhiru},
  booktitle = 	 {Proceedings of the 36th International Conference on Machine Learning},
  pages = 	 {7543--7552},
  year = 	 {2019}
}

@inproceedings{gorsline2021adversarial,
  title={On the adversarial robustness of quantized neural networks},
  author={Gorsline, Micah and Smith, James and Merkel, Cory},
  booktitle={Proceedings of the 2021 on Great Lakes Symposium on VLSI},
  pages={189--194},
  year={2021}
}

@ARTICLE{QANS23,
  author={Lin, Chengmin and Cheng, Fei and Yang, Pengfei and He, Tianbing and Liang, Jinpeng and Wang, Quan},
  journal={IEEE Transactions on Computer-Aided Design of Integrated Circuits and Systems}, 
  title={QANS: Towards Quantized Neural Network Adversarial Noise Suppression}, 
  year={2023},
  volume={},
  number={},
  pages={1-1},
  doi={10.1109/TCAD.2023.3283935}}

  @article{agha2018survey,
  title={A survey of statistical model checking},
  author={Agha, Gul and Palmskog, Karl},
  journal={ACM Transactions on Modeling and Computer Simulation},
  volume={28},
  number={1},
  pages={1--39},
  year={2018},
  publisher={ACM New York, NY, USA}
}

@article{zhang2023preimage,
  title={On Preimage Approximation for Neural Networks},
  author={Zhang, Xiyue and Wang, Benjie and Kwiatkowska, Marta},
  journal={arXiv preprint arXiv:2305.03686},
  year={2023}
}

@inproceedings{dathathri2019inverse,
  author       = {Sumanth Dathathri and
                  Sicun Gao and
                  Richard M. Murray},
  title        = {Inverse Abstraction of Neural Networks Using Symbolic Interpolation},
  booktitle    = {Proceedings of the 33rd {AAAI} Conference on Artificial Intelligence ({AAAI})},
  pages        = {3437--3444},
  year         = {2019},
  doi          = {10.1609/AAAI.V33I01.33013437}
}

@inproceedings{matoba2020exact,
  title={Exact preimages of neural network aircraft collision avoidance systems},
  author={Matoba, Kyle and Fleuret, Fran{\c{c}}ois},
  booktitle={Proceedings of the Workshop on Machine Learning for Engineering Modeling, Simulation, and Design},
  pages={1--9},
  year={2020}
}


@article{kotha2024provably,
  title={Provably bounding neural network preimages},
  author={Kotha, Suhas and Brix, Christopher and Kolter, J Zico and Dvijotham, Krishnamurthy and Zhang, Huan},
  journal={Advances in Neural Information Processing Systems},
  volume={36},
  year={2024}
}

@inproceedings{albarghouthi2013beautiful,
  title={Beautiful interpolants},
  author={Albarghouthi, Aws and McMillan, Kenneth L},
  booktitle={Computer Aided Verification: 25th International Conference, CAV 2013, Saint Petersburg, Russia, July 13-19, 2013. Proceedings 25},
  pages={313--329},
  year={2013},
  organization={Springer}
}

@article{davies2018loihi,
  title={Loihi: A neuromorphic manycore processor with on-chip learning},
  author={Davies, Mike and Srinivasa, Narayan and Lin, Tsung-Han and Chinya, Gautham and Cao, Yongqiang and Choday, Sri Harsha and Dimou, Georgios and Joshi, Prasad and Imam, Nabil and Jain, Shweta and others},
  journal={IEEE Micro},
  volume={38},
  number={1},
  pages={82--99},
  year={2018},
doi          = {10.1109/MM.2018.112130359} 
}

@article{merolla2014million,
  title={A million spiking-neuron integrated circuit with a scalable communication network and interface},
  author={Merolla, Paul A and Arthur, John V and Alvarez-Icaza, Rodrigo and Cassidy, Andrew S and Sawada, Jun and Akopyan, Filipp and Jackson, Bryan L and Imam, Nabil and Guo, Chen and Nakamura, Yutaka and others},
  journal={Science},
  volume={345},
  number={6197},
  pages={668--673},
  year={2014},
  publisher={American Association for the Advancement of Science}
}

@article{ma2023quantization,
  title={Quantization backdoors to deep learning commercial frameworks},
  author={Ma, Hua and Qiu, Huming and Gao, Yansong and Zhang, Zhi and Abuadbba, Alsharif and Xue, Minhui and Fu, Anmin and Zhang, Jiliang and Al-Sarawi, Said F and Abbott, Derek},
  journal={IEEE Transactions on Dependable and Secure Computing},
  year={2023},
  doi ={10.1109/TDSC.2023.3271956},
  publisher={IEEE}
}

@inproceedings{lin2018defensive,
  title={Defensive Quantization: When Efficiency Meets Robustness},
  author={Lin, Ji and Gan, Chuang and Han, Song},
  booktitle={International Conference on Learning Representations},
  year={2018}
}

@article{song2020improving,
  title={Improving adversarial robustness in weight-quantized neural networks},
  author={Song, Chang and Fallon, Elias and Li, Hai},
  journal={arXiv preprint arXiv:2012.14965},
  year={2020}
}

@inproceedings{lin2021integer,
  title={Integer-arithmetic-only certified robustness for quantized neural networks},
  author={Lin, Haowen and Lou, Jian and Xiong, Li and Shahabi, Cyrus},
  booktitle={Proceedings of the IEEE/CVF International Conference on Computer Vision (CVPR)},
  pages        = {7808--7817},
  publisher    = {{IEEE}}, 
  doi          = {10.1109/ICCV48922.2021.00773},
  year={2021}
}

@article{zhang2023precise,
  title={Precise Quantitative Analysis of Binarized Neural Networks: A {BDD}-based Approach},
  author={Zhang, Yedi and Zhao, Zhe and Chen, Guangke and Song, Fu and Chen, Taolue},
  journal={ACM Transactions on Software Engineering and Methodology},
  volume={32},
  number={3},
  pages={1--51},
  year={2023},
doi          = {10.1145/3563212},
  publisher={ACM New York, NY}
}


@inproceedings{0010YJ0MZ22,
  author       = {Pei Huang and
                  Yuting Yang and
                  Fuqi Jia and
                  Minghao Liu and
                  Feifei Ma and
                  Jian Zhang},
  title        = {Word Level Robustness Enhancement: Fight Perturbation with Perturbation},
  booktitle    = {Proceedings of the 36th {AAAI} Conference on Artificial Intelligence ({AAAI})},
  pages        = {10785--10793}, 
doi          = {10.1609/aaai.v36i10.21324},
  year         = {2022}
}

@inproceedings{00020LJMZ22,
  author       = {Pei Huang and
                  Yuting Yang and
                  Minghao Liu and
                  Fuqi Jia and
                  Feifei Ma and
                  Jian Zhang}, 
  title        = {{\(\epsilon\)}-weakened robustness of deep neural networks},
  booktitle    = {Proceedings of the 31st {ACM} {SIGSOFT} International Symposium on Software Testing and Analysis ({ISSTA})},
  pages        = {126--138}, 
  doi          = {10.1145/3533767.3534373},
  year         = {2022}
}

@inproceedings{YangHCMZL23,
  author       = {Yuting Yang and
                  Pei Huang and
                  Juao Cao and
                  Feifei Ma and
                  Jian Zhang and
                  Jintao Li},
  editor       = {Danai Koutra and
                  Claudia Plant and
                  Manuel Gomez{-}Rodriguez and
                  Elena Baralis and
                  Francesco Bonchi},
  title        = {Quantifying Robustness to Adversarial Word Substitutions},
  booktitle    = {Machine Learning and Knowledge Discovery in Databases: Research Track
                  - European Conference, {ECML} {PKDD} 2023, Turin, Italy, September
                  18-22, 2023, Proceedings, Part {I}},
  series       = {Lecture Notes in Computer Science},
  volume       = {14169},
  pages        = {95--112},
  publisher    = {Springer},
  year         = {2023}
}

@article{yang2024prompt,
  title={A prompt-based approach to adversarial example generation and robustness enhancement},
  author={Yang, Yuting and Huang, Pei and Cao, Juan and Li, Jintao and Lin, Yun and Ma, Feifei},
  journal={Frontiers of Computer Science},
  volume={18},
  number={4},
  pages={184318},
  year={2024},
  publisher={Springer}
}

@article{huang2023towards,
  title={Towards Efficient Verification of Quantized Neural Networks},
  author={Huang, Pei and Wu, Haoze and Yang, Yuting and Daukantas, Ieva and Wu, Min and Zhang, Yedi and Barrett, Clark},
  journal={arXiv preprint arXiv:2312.12679},
  year={2023}
}

@inproceedings{song2023qnnrepair, 
  author       = {Xidan Song and
                  Youcheng Sun and
                  Mustafa A. Mustafa and
                  Lucas C. Cordeiro}, 
  title        = {{QNNRepair}: Quantized Neural Network Repair},
  booktitle    = {Proceedings of the 21st International Conference on Software Engineering and Formal Methods ({SEFM})}, 
  volume       = {14323},
  pages        = {320--339}, 
  year         = {2023}, 
  doi          = {10.1007/978-3-031-47115-5\_18}
}
@article{ayaz2023improving,
  title={Improving Robustness Against Adversarial Attacks with Deeply Quantized Neural Networks},
  author={Ayaz, Ferheen and Zakariyya, Idris and Cano, Jos{\'e} and Keoh, Sye Loong and Singer, Jeremy and Pau, Danilo and Kharbouche-Harrari, Mounia},
  journal={arXiv preprint arXiv:2304.12829},
  year={2023}
}

@inproceedings{lechner2023quantization,
  title={Quantization-aware interval bound propagation for training certifiably robust quantized neural networks},
  author={Lechner, Mathias and {\v{Z}}ikeli{\'c}, {\DJ}or{\dj}e and Chatterjee, Krishnendu and Henzinger, Thomas A and Rus, Daniela},
  booktitle={Proceedings of the AAAI Conference on Artificial Intelligence (AAAI)},
  pages        = {14964--14973},  
  doi          = {10.1609/AAAI.V37I12.26747},
  year={2023}
}

@inproceedings{pan2021understanding,
  title={Understanding the threats of trojaned quantized neural network in model supply chains},
  author={Pan, Xudong and Zhang, Mi and Yan, Yifan and Yang, Min},
  booktitle={Proceedings of the Annual Computer Security Applications Conference ({ACSAC})},
  pages={634--645},
  doi={10.1145/3485832.3485881},
  year={2021}
}

@article{zhu4578346towards,
  title={Towards Robustness Evaluation of Backdoor Defense on Quantized Deep Learning Model},
  author={Zhu, Yifan and Peng, Huaibing and Fu, Anmin and Yang, Wei and Ma, Hua and Al-Sarawi, Said F and Abbott, Derek},
  journal={Available at SSRN 4578346}
}
 
@inproceedings{hong2021qu,
  author       = {Sanghyun Hong and
                  Michael{-}Andrei Panaitescu{-}Liess and
                  Yigitcan Kaya and
                  Tudor Dumitras},
  title        = {Qu-ANTI-zation: Exploiting Quantization Artifacts for Achieving Adversarial Outcomes},
  booktitle    = {Proceedings of the Annual Conference
                  on Neural Information Processing Systems ({NeurIPS})},
  pages        = {9303--9316},
  year         = {2021}
}

@article{sena2021verifying,
  title={Verifying Quantized Neural Networks using SMT-Based Model Checking},
  author={Sena, Luiz and Song, Xidan and Alves, Erickson and Bessa, Iury and Manino, Edoardo and Cordeiro, Lucas and others},
  journal={arXiv preprint arXiv:2106.05997},
  year={2021}
}

@inproceedings{Fairify23,
  author = {Biswas, Sumon and Rajan, Hridesh},
  title = {Fairify: Fairness Verification of Neural Networks},
  year = {2023},
  booktitle = {Proceedings of the 45th International Conference on Software Engineering},
  pages = {1546–1558},
  numpages = {13},
  series = {ICSE '23}
}

@inproceedings{sun2021probabilistic,
  title={Probabilistic verification of neural networks against group fairness},
  author={Sun, Bing and Sun, Jun and Dai, Ting and Zhang, Lijun},
  booktitle={Formal Methods: 24th International Symposium, FM 2021, Virtual Event, November 20--26, 2021, Proceedings 24},
  pages={83--102},
  year={2021},
  organization={Springer}
}

@inproceedings{wang2022rdo,
  title={{RDO-Q}: Extremely Fine-Grained Channel-Wise Quantization via Rate-Distortion Optimization},
  author={Wang, Zhe and Lin, Jie and Geng, Xue and Aly, Mohamed M Sabry and Chandrasekhar, Vijay},
  booktitle={Proceedings of the European Conference on Computer Vision},
  pages={157--172},
  year={2022}
}

@article{li2023fptq,
  title={{FPTQ}: Fine-grained post-training quantization for large language models},
  author={Li, Qingyuan and Zhang, Yifan and Li, Liang and Yao, Peng and Zhang, Bo and Chu, Xiangxiang and Sun, Yerui and Du, Li and Xie, Yuchen},
  journal={arXiv preprint arXiv:2308.15987},
  year={2023}
}

@inproceedings{paulsen2022example,
  title={Example guided synthesis of linear approximations for neural network verification},
  author={Paulsen, Brandon and Wang, Chao},
  booktitle={International Conference on Computer Aided Verification},
  pages={149--170},
  year={2022},
  organization={Springer}
}

@inproceedings{paulsen2022linsyn,
  title={LinSyn: Synthesizing tight linear bounds for arbitrary neural network activation functions},
  author={Paulsen, Brandon and Wang, Chao},
  booktitle={International Conference on Tools and Algorithms for the Construction and Analysis of Systems},
  pages={357--376},
  year={2022},
  organization={Springer}
}


@article{khalid2021exploiting,
  title={Exploiting vulnerabilities in deep neural networks: Adversarial and fault-injection attacks},
  author={Khalid, Faiq and Hanif, Muhammad Abdullah and Shafique, Muhammad},
  journal={arXiv preprint arXiv:2105.03251},
  year={2021}
}

@inproceedings{zhang2023qebverif,
  title={QEBVerif: Quantization error bound verification of neural networks},
  author={Zhang, Yedi and Song, Fu and Sun, Jun},
  booktitle={International Conference on Computer Aided Verification},
  pages={413--437},
  year={2023},
  organization={Springer}
}

@article{dong2021survey,
  title={A survey on deep learning and its applications},
  author={Dong, Shi and Wang, Ping and Abbas, Khushnood},
  journal={Computer Science Review},
  volume={40},
  pages={100379},
  year={2021},
  publisher={Elsevier}
}

@article{MusaHLLY23,
  author       = {Abubakar Ahmad Musa and
                  Adamu Hussaini and
                  Weixian Liao and
                  Fan Liang and
                  Wei Yu},
  title        = {Deep Neural Networks for Spatial-Temporal Cyber-Physical Systems:
                  {A} Survey},
  journal      = {Future Internet},
  volume       = {15},
  number       = {6},
  pages        = {199},
  year         = {2023},
  doi          = {10.3390/FI15060199}
}

@inproceedings{LiuWLX17,
  author    = {Yannan Liu and
               Lingxiao Wei and
               Bo Luo and
               Qiang Xu},
  title     = {Fault injection attack on deep neural network},
  booktitle = {Proceedings of the {IEEE/ACM} International Conference on Computer-Aided Design},
  pages     = {131--138},
  year      = {2017}
}

@article{muller2022third,
  title={The third international verification of neural networks competition (VNN-COMP 2022): Summary and results},
  author={M{\"u}ller, Mark Niklas and Brix, Christopher and Bak, Stanley and Liu, Changliu and Johnson, Taylor T},
  journal={arXiv preprint arXiv:2212.10376},
  year={2022}
}

@inproceedings{zhou2022incremental,
  title={Incremental Network Quantization: Towards Lossless CNNs with Low-precision Weights},
  author={Zhou, Aojun and Yao, Anbang and Guo, Yiwen and Xu, Lin and Chen, Yurong},
  booktitle={International Conference on Learning Representations},
  year={2022}
}

@article{zhang2023post,
  title={Post-training quantization for neural networks with provable guarantees},
  author={Zhang, Jinjie and Zhou, Yixuan and Saab, Rayan},
  journal={SIAM Journal on Mathematics of Data Science},
  volume={5},
  number={2},
  pages={373--399},
  year={2023},
  publisher={SIAM}
}

@article{longNew,
	title={Certified Continual Learning for Neural Network Regression},
    author={Pham, Long H and Sun, Jun},
	journal={arXiv preprint arXiv:2407.06697},
	year={2024}
}