@string{JACM = "Journal of the {ACM}"}
@string{BBMS = "Bulletin of the Belgian Mathematical Society"}
@string{IPL= "Information Processing Letters"}
@string{ACMTCL = "{ACM} Transtations on Computational Logic"}
@string{JCSS = "J. Comput. Syst. Sci."} %Journal of Computer and System Science"}
@string{FMSD = "Formal Methods in System Design"}
@string{LMCS = "Logical Methods in Computer Science"}
@string{KBS = "Knowledge-Based Systems"}
@string{ACMTPLS = "ACM Transactions on Programming Languages and Systems"}
@string{TCS = "Theor. Comput. Sci."} %Theoretical Computer Scicence"}

@InProceedings{BFAICCV19,
author = {Rakin, Adnan Siraj and He, Zhezhi and Fan, Deliang},
title = {Bit-Flip Attack: Crushing Neural Network With Progressive Bit Search},
booktitle = {Proceedings of the IEEE/CVF International Conference on Computer Vision (ICCV)},
month = {October},
year = {2019}
}

@inproceedings {HONG_USENIX19,
author = {Sanghyun Hong and Pietro Frigo and Yigitcan Kaya and Cristiano Giuffrida and Tudor Dumitras},
title = {Terminal Brain Damage: Exposing the Graceless Degradation in Deep Neural Networks Under Hardware Fault Attacks},
booktitle = {28th USENIX Security Symposium (USENIX Security 19)},
year = {2019},
isbn = {978-1-939133-06-9},
address = {Santa Clara, CA},
pages = {497--514},
publisher = {USENIX Association},
month = aug
}

@article{liyes,
  title={Yes, One-Bit-Flip Matters! Universal DNN Model Inference Depletion with Runtime Code Fault Injection},
  author={Li, Shaofeng and Wang, Xinyu and Xue, Minhui and Zhu, Haojin and Zhang, Zhi and Gao, Yansong and Wu, Wen and Shen, Xuemin Sherman},
booktitle = {33th USENIX Security Symposium (USENIX Security 24)},
year= {2024},
publisher = {USENIX Association},

}

@INPROCEEDINGS {1bitallyouneed,
author = {J. Dong and H. Qiu and Y. Li and T. Zhang and Y. Li and Z. Lai and C. Zhang and S. Xia},
booktitle = {2023 IEEE/CVF International Conference on Computer Vision (ICCV)},
title = {One-bit Flip is All You Need: When Bit-flip Attack Meets Model Training},
year = {2023},
pages = {4665-4675}
}

@article{li2024investigating,
  title={Investigating the Impact of Quantization on Adversarial Robustness},
  author={Li, Qun and Meng, Yuan and Tang, Chen and Jiang, Jiacheng and Wang, Zhi},
  journal={arXiv preprint arXiv:2404.05639},
  year={2024}
}

@INPROCEEDINGS {DONTKNOCK,
author = {M. Tol and S. Islam and A. J. Adiletta and B. Sunar and Z. Zhang},
booktitle = {2023 53rd Annual IEEE/IFIP International Conference on Dependable Systems and Networks (DSN)},
title = {Don't Knock! Rowhammer at the Backdoor of DNN Models},
year = {2023},
pages = {109-122},
doi = {10.1109/DSN58367.2023.00023},
url = {https://doi.ieeecomputersociety.org/10.1109/DSN58367.2023.00023},
publisher = {IEEE Computer Society},
address = {Los Alamitos, CA, USA},
month = {jun}
}

@INPROCEEDINGS{ProFlip,
  author={Chen, Huili and Fu, Cheng and Zhao, Jishen and Koushanfar, Farinaz},
  booktitle={2021 IEEE/CVF International Conference on Computer Vision (ICCV)}, 
  title={ProFlip: Targeted Trojan Attack with Progressive Bit Flips}, 
  year={2021},
  volume={},
  number={},
  pages={7698-7707},
  keywords={Training;Runtime;Neurons;Neural networks;Random access memory;Predictive models;Laser modes;Adversarial learning;Optimization and learning methods},
  doi={10.1109/ICCV48922.2021.00762}}

@inproceedings{PRACTICALATTACK,
author = {Breier, Jakub and Hou, Xiaolu and Jap, Dirmanto and Ma, Lei and Bhasin, Shivam and Liu, Yang},
title = {Practical Fault Attack on Deep Neural Networks},
year = {2018},
isbn = {9781450356930},
publisher = {Association for Computing Machinery},
address = {New York, NY, USA},
url = {https://doi.org/10.1145/3243734.3278519},
doi = {10.1145/3243734.3278519},
booktitle = {Proceedings of the 2018 ACM SIGSAC Conference on Computer and Communications Security},
pages = {2204–2206},
numpages = {3},
series = {CCS '18}
}


@Article{SURVEY,
AUTHOR = {Qian, Cheng and Zhang, Ming and Nie, Yuanping and Lu, Shuaibing and Cao, Huayang},
TITLE = {A Survey of Bit-Flip Attacks on Deep Neural Network and Corresponding Defense Methods},
JOURNAL = {Electronics},
VOLUME = {12},
YEAR = {2023},
NUMBER = {4},
ARTICLE-NUMBER = {853},
URL = {https://www.mdpi.com/2079-9292/12/4/853},
ISSN = {2079-9292},
DOI = {10.3390/electronics12040853}
}



@ARTICLE{FPIEEE754,
  author={},
  journal={IEEE Std 754-2019 (Revision of IEEE 754-2008)}, 
  title={IEEE Standard for Floating-Point Arithmetic}, 
  year={2019},
  volume={},
  number={},
  pages={1-84},
  keywords={IEEE Standards;Floating-point arithmetic;arithmetic;binary;computer;decimal;exponent;floating-point;format;IEEE 754;interchange;NaN;number;rounding;significand;subnormal.},
  doi={10.1109/IEEESTD.2019.8766229}}

@inproceedings{dong2023one,
  title={One-bit Flip is All You Need: When Bit-flip Attack Meets Model Training},
  author={Dong, Jianshuo and Han, Qiu and Li, Yiming and Zhang, Tianwei and Li, Yuanjie and Lai, Zeqi and Zhang, Chao and Xia, Shu-Tao },
  booktitle={ICCV},
  year={2023}
}

@inproceedings {VFSBFA,
author = {Adnan Siraj Rakin and Yukui Luo and Xiaolin Xu and Deliang Fan},
title = {{Deep-Dup}: An Adversarial Weight Duplication Attack Framework to Crush Deep Neural Network in {Multi-Tenant} {FPGA}},
booktitle = {30th USENIX Security Symposium (USENIX Security 21)},
year = {2021},
isbn = {978-1-939133-24-3},
pages = {1919--1936},
url = {https://www.usenix.org/conference/usenixsecurity21/presentation/rakin},
publisher = {USENIX Association},
month = aug
}

@INPROCEEDINGS{SPARSEBFA,
  author={Lee, Kyungmi and Chandrakasan, Anantha P.},
  booktitle={ICASSP 2022 - 2022 IEEE International Conference on Acoustics, Speech and Signal Processing (ICASSP)}, 
  title={SparseBFA: Attacking Sparse Deep Neural Networks with the Worst-Case Bit Flips on Coordinates}, 
  year={2022},
  volume={},
  number={},
  pages={4208-4212},
  keywords={Deep learning;Conferences;Neural networks;Signal processing algorithms;Signal processing;Hardware;Sparse matrices;Bit flip attacks;deep neural networks;fault injection attacks;model compression;security},
  doi={10.1109/ICASSP43922.2022.9747337}}

@ARTICLE{ROWHAMMER,
  author={Mutlu, Onur and Kim, Jeremie S.},
  journal={IEEE Transactions on Computer-Aided Design of Integrated Circuits and Systems}, 
  title={RowHammer: A Retrospective}, 
  year={2020},
  volume={39},
  number={8},
  pages={1555-1571},
  keywords={Security;Failure analysis;Reliability;DRAM chips;Hardware;Memory management;Dynamic random access memory (DRAM);errors;memory systems;reliability;security;technology scaling;vulnerability},
  doi={10.1109/TCAD.2019.2915318}}

@inproceedings{glitchinjection,
author = {Liu, Wenye and Chang, Chip-Hong and Zhang, Fan and Lou, Xiaoxuan},
title = {Imperceptible misclassification attack on deep learning accelerator by glitch injection},
year = {2020},
isbn = {9781450367257},
publisher = {IEEE Press},
booktitle = {Proceedings of the 57th ACM/EDAC/IEEE Design Automation Conference},
articleno = {29},
numpages = {6},
location = {Virtual Event, USA},
series = {DAC '20}
}

@INPROCEEDINGS{ovrvwlaser,
  author={Dumont, Mathieu and Moëllic, Pierre-Alain and Viera, Raphael and Dutertre, Jean-Max and Bernhard, Rémi},
  booktitle={2021 IEEE 7th World Forum on Internet of Things (WF-IoT)}, 
  title={An Overview of Laser Injection against Embedded Neural Network Models}, 
  year={2021},
  volume={},
  number={},
  pages={616-621},
  keywords={Deep learning;Laser theory;Embedded systems;Semiconductor lasers;Microcontrollers;Neural networks;Laser modes;Deep Learning;Hardware Security;Adversarial Machine Example;Laser Fault Injection},
  doi={10.1109/WF-IoT51360.2021.9595075}}


@article{rakin2021rabnn,
  title={Ra-bnn: Constructing robust \& accurate binary neural network to simultaneously defend adversarial bit-flip attack and improve accuracy},
  author={Rakin, Adnan Siraj and Yang, Li and Li, Jingtao and Yao, Fan and Chakrabarti, Chaitali and Cao, Yu and Seo, Jae-sun and Fan, Deliang},
  journal={arXiv preprint arXiv:2103.13813},
  year={2021}
}

@ARTICLE{advwa,
  author={Liu, Liang and Guo, Yanan and Cheng, Yueqiang and Zhang, Youtao and Yang, Jun},
  journal={IEEE Transactions on Computers}, 
  title={Generating Robust DNN With Resistance to Bit-Flip Based Adversarial Weight Attack}, 
  year={2023},
  volume={72},
  number={2},
  pages={401-413},
  keywords={Quantization (signal);Robustness;Computational modeling;Encoding;Hardware;Error correction codes;Random access memory;Machine learning;RowHammer;bit-flip attack},
  doi={10.1109/TC.2022.3211411}}

@inproceedings{weng2020towards,
  title={Towards certificated model robustness against weight perturbations},
  author={Weng, Tsui-Wei and Zhao, Pu and Liu, Sijia and Chen, Pin-Yu and Lin, Xue and Daniel, Luca},
  booktitle={Proceedings of the AAAI Conference on Artificial Intelligence},
  volume={34},
  number={04},
  pages={6356--6363},
  year={2020}
}

@inproceedings{wicker2020probabilistic,
  title={Probabilistic safety for bayesian neural networks},
  author={Wicker, Matthew and Laurenti, Luca and Patane, Andrea and Kwiatkowska, Marta},
  booktitle={Conference on uncertainty in artificial intelligence},
  pages={1198--1207},
  year={2020},
  organization={PMLR}
}
@inproceedings{he2020defending,
  title={Defending and harnessing the bit-flip based adversarial weight attack},
  author={He, Zhezhi and Rakin, Adnan Siraj and Li, Jingtao and Chakrabarti, Chaitali and Fan, Deliang},
  booktitle={Proceedings of the IEEE/CVF Conference on Computer Vision and Pattern Recognition},
  pages={14095--14103},
  year={2020}
}

@ARTICLE{randomDNN,
  author={Stutz, David and Chandramoorthy, Nandhini and Hein, Matthias and Schiele, Bernt},
  journal={IEEE Transactions on Pattern Analysis and Machine Intelligence}, 
  title={Random and Adversarial Bit Error Robustness: Energy-Efficient and Secure DNN Accelerators}, 
  year={2023},
  volume={45},
  number={3},
  pages={3632-3647},
  doi={10.1109/TPAMI.2022.3181972}
}

@article{HARDeNN,
  title={HARDeNN: Hardware-assisted attack-resilient deep neural network architectures},
  author={Khoshavi, Navid and Maghsoudloo, Mohammad and Roohi, Arman and Sargolzaei, Saman and Bi, Yu},
  journal={Microprocessors and Microsystems},
  volume={95},
  pages={104710},
  year={2022},
  publisher={Elsevier}
}

@inproceedings{BaiWZL0X21,
  author    = {Jiawang Bai and
               Baoyuan Wu and
               Yong Zhang and
               Yiming Li and
               Zhifeng Li and
               Shu{-}Tao Xia},
  title     = {Targeted Attack against Deep Neural Networks via Flipping Limited
               Weight Bits},
  booktitle = {Proceedings of the 9th International Conference on Learning Representations},
  year      = {2021}
}

@inproceedings{SmartRedundancy,
  title={Smart redundancy schemes for ANNs against fault attacks},
  author={K{\"o}yl{\"u}, Troya {\c{C}}a{\u{g}}{\i}l and Hamdioui, Said and Taouil, Mottaqiallah},
  booktitle={2022 IEEE European Test Symposium (ETS)},
  pages={1--2},
  year={2022},
  organization={IEEE}
}

@article{stutz2022random,
  title={Random and adversarial bit error robustness: Energy-efficient and secure DNN accelerators},
  author={Stutz, David and Chandramoorthy, Nandhini and Hein, Matthias and Schiele, Bernt},
  journal={IEEE Transactions on Pattern Analysis and Machine Intelligence},
  volume={45},
  number={3},
  pages={3632--3647},
  year={2022},
  publisher={IEEE}
}

@article{BarenghiBKN12,
  author    = {Alessandro Barenghi and
               Luca Breveglieri and
               Israel Koren and
               David Naccache},
  title     = {Fault Injection Attacks on Cryptographic Devices: Theory, Practice,
               and Countermeasures},
  journal   = {Proc. {IEEE}},
  volume    = {100},
  number    = {11},
  pages     = {3056--3076},
  year      = {2012}
}

@inproceedings{BihamS97,
  author    = {Eli Biham and
               Adi Shamir},
  title     = {Differential Fault Analysis of Secret Key Cryptosystems},
  booktitle = {Proceedings of the 17th Annual International Cryptology Conference},
  pages     = {513--525},
  year      = {1997}
}

@inproceedings{BonehDL97,
  author    = {Dan Boneh and
               Richard A. DeMillo and
               Richard J. Lipton},
  title     = {On the Importance of Checking Cryptographic Protocols for Faults (Extended  Abstract)},
  booktitle = {Proceeding of the International Conference
               on the Theory and Application of Cryptographic Techniques},
  pages     = {37--51},
  year      = {1997}
}

@InProceedings{gpupoly,
  author    = {Fran{\c c}ois Serre and Christoph M{\"u}ller and Gagandeep Singh and Markus P{\"u}schel and Martin Vechev},
  title     = {Scaling Polyhedral Neural Network Verification on {GPU}s},
  booktitle = {Proc. Machine Learning and Systems (MLSys'21)},
  year      = {2021}
}

@inproceedings{yao2020deephammer,
  title={DeepHammer: Depleting the intelligence of deep neural networks through targeted chain of bit flips},
  author={Yao, Fan and Rakin, Adnan Siraj and Fan, Deliang},
  booktitle={29th USENIX Security Symposium (USENIX Security 20)},
  pages={1463--1480},
  year={2020}
}

@inproceedings {NeuroPots,
author = {Qi Liu and Jieming Yin and Wujie Wen and Chengmo Yang and Shi Sha},
title = {{NeuroPots}: Realtime Proactive Defense against {Bit-Flip} Attacks in Neural Networks},
booktitle = {32nd USENIX Security Symposium (USENIX Security 23)},
year = {2023},
isbn = {978-1-939133-37-3},
address = {Anaheim, CA},
pages = {6347--6364},
url = {https://www.usenix.org/conference/usenixsecurity23/presentation/liu-qi},
publisher = {USENIX Association},
month = aug
}

@inproceedings{rakin2022deepsteal,
  title={Deepsteal: Advanced model extractions leveraging efficient weight stealing in memories},
  author={Rakin, Adnan Siraj and Chowdhuryy, Md Hafizul Islam and Yao, Fan and Fan, Deliang},
  booktitle={2022 IEEE symposium on security and privacy (SP)},
  pages={1157--1174},
  year={2022},
  organization={IEEE}
}

@book{muellch2023eth,
	title = {eth-sri/ELINA},
	url = {https://github.com/eth-sri/ELINA},
	author = {muellch and Makarchuk, Gleb and GgnDp and skcho and Singh, Gagandeep and Serre, François and Zimmermann, Tobias and Ruoss, Anian and Müller, Mark and Itzhaky, Shachar and He, Jingxuan and Wu, Haoze(Andrew) and Andrei, Isac and jorgenavas and Calderon, Jose and Li, Jianlin},
	date = {2023-04-07},
	year = {2023},
	month = {4},
	day = {7},
}

@article{walker2021dram,
  title={On DRAM rowhammer and the physics of insecurity},
  author={Walker, Andrew J and Lee, Sungkwon and Beery, Dafna},
  journal={IEEE Transactions on Electron Devices},
  volume={68},
  number={4},
  pages={1400--1410},
  year={2021},
  publisher={IEEE}
}

@article{tol2022toward,
  title={Toward realistic backdoor injection attacks on dnns using rowhammer},
  author={Tol, M Caner and Islam, Saad and Sunar, Berk and Zhang, Ziming},
  journal={arXiv preprint arXiv:2110.07683},
  year={2022}
}

@inproceedings{razavi2016flip,
  title={Flip feng shui: Hammering a needle in the software stack},
  author={Razavi, Kaveh and Gras, Ben and Bosman, Erik and Preneel, Bart and Giuffrida, Cristiano and Bos, Herbert},
  booktitle={25th USENIX Security Symposium (USENIX Security 16)},
  pages={1--18},
  year={2016}
}

@article{kim2014flipping,
  title={Flipping bits in memory without accessing them: An experimental study of DRAM disturbance errors},
  author={Kim, Yoongu and Daly, Ross and Kim, Jeremie and Fallin, Chris and Lee, Ji Hye and Lee, Donghyuk and Wilkerson, Chris and Lai, Konrad and Mutlu, Onur},
  journal={ACM SIGARCH Computer Architecture News},
  volume={42},
  number={3},
  pages={361--372},
  year={2014},
  publisher={ACM New York, NY, USA}
}

@inproceedings{GuyKatz2017ReluplexAE,
  title={Reluplex: An Efficient {SMT} Solver for Verifying Deep Neural Networks},
  author={Guy Katz and Clark Barrett and David L. Dill and Kyle D. Julian and Mykel J. Kochenderfer},
  booktitle = {Proceedings of the  29th International Conference on Computer Aided Verification},
  pages     = {97--117},
  year={2017}
}

@inproceedings{huang2024towards,
  title={Towards Efficient Verification of Quantized Neural Networks},
  author={Huang, Pei and Wu, Haoze and Yang, Yuting and Daukantas, Ieva and Wu, Min and Zhang, Yedi and Barrett, Clark},
  booktitle={Proceedings of the AAAI Conference on Artificial Intelligence},
  volume={38},
  number={19},
  pages={21152--21160},
  year={2024}
}

@inproceedings{yauglikcci2021blockhammer,
  title={Blockhammer: Preventing rowhammer at low cost by blacklisting rapidly-accessed dram rows},
  author={Ya{\u{g}}lik{\c{c}}i, A Giray and Patel, Minesh and Kim, Jeremie S and Azizi, Roknoddin and Olgun, Ataberk and Orosa, Lois and Hassan, Hasan and Park, Jisung and Kanellopoulos, Konstantinos and Shahroodi, Taha and others},
  booktitle={2021 IEEE International Symposium on High-Performance Computer Architecture (HPCA)},
  pages={345--358},
  year={2021},
  organization={IEEE}
}

@inproceedings{cojocar2019exploiting,
  title={Exploiting correcting codes: On the effectiveness of ecc memory against rowhammer attacks},
  author={Cojocar, Lucian and Razavi, Kaveh and Giuffrida, Cristiano and Bos, Herbert},
  booktitle={2019 IEEE Symposium on Security and Privacy (SP)},
  pages={55--71},
  year={2019},
  organization={IEEE}
}

@inproceedings{di2023copy,
  title={Copy-on-Flip: Hardening ECC Memory Against Rowhammer Attacks.},
  author={Di Dio, Andrea and Koning, Koen and Bos, Herbert and Giuffrida, Cristiano},
  booktitle={NDSS},
  year={2023}
}

@INPROCEEDINGS{9486685,
  author={Amarnath, Chandramouli and Momtaz, Md Imran and Chatterjee, Abhijit},
  booktitle={2021 IEEE 27th International Symposium on On-Line Testing and Robust System Design (IOLTS)}, 
  title={Addressing Soft Error and Security Threats in DNNs Using Learning Driven Algorithmic Checks}, 
  year={2021},
  volume={},
  number={},
  pages={1-4},
  keywords={Deep learning;Fault tolerance;Software algorithms;Fault tolerant systems;Software;Real-time systems;Trojan horses;Neural Networks;Security;Reliability;Real-Time;Encoding},
  doi={10.1109/IOLTS52814.2021.9486685}}


@article{chitsaz2023training,
  title={Training DNNs Resilient to Adversarial and Random Bit-Flips by Learning Quantization Ranges},
  author={Chitsaz, Kamran and Mordido, Goncalo and David, Jean-Pierre and Leduc-Primeau, Fran{\c{c}}ois},
  journal={Transactions on Machine Learning Research},
  year={2023}
}

@INPROCEEDINGS{9643556,
  author={Javaheripi etal},
  booktitle={2021 IEEE/ACM International Conference On Computer Aided Design (ICCAD)}, 
  title={HASHTAG: Hash Signatures for Online Detection of Fault-Injection Attacks on Deep Neural Networks}, 
  year={2021},
  volume={},
  number={},
  pages={1-9},
  keywords={Hash functions;Deep learning;Performance evaluation;Fault diagnosis;Runtime;Sensitivity analysis;Fault detection;Fault-injection attacks;Deep Learning;Hashing;Embedded Systems},
  doi={10.1109/ICCAD51958.2021.9643556}}

@article{velvcicky2024deepncode,
  title={DeepNcode: Encoding-Based Protection against Bit-Flip Attacks on Neural Networks},
  author={Vel{\v{c}}ick{\`y}, Patrik and Breier, Jakub and Hou, Xiaolu and Kova{\v{c}}evi{\'c}, Mladen},
  journal={arXiv preprint arXiv:2405.13891},
  year={2024}
}

@article{salman2019convex,
  title={A convex relaxation barrier to tight robustness verification of neural networks},
  author={Salman, Hadi and Yang, Greg and Zhang, Huan and Hsieh, Cho-Jui and Zhang, Pengchuan},
  journal={Advances in Neural Information Processing Systems},
  volume={32},
  year={2019}
}

@misc{xu2021fastcompleteenablingcomplete,
      title={Fast and Complete: Enabling Complete Neural Network Verification with Rapid and Massively Parallel Incomplete Verifiers}, 
      author={Kaidi Xu and Huan Zhang and Shiqi Wang and Yihan Wang and Suman Jana and Xue Lin and Cho-Jui Hsieh},
      year={2021},
      eprint={2011.13824},
      archivePrefix={arXiv},
      primaryClass={cs.AI},
      url={https://arxiv.org/abs/2011.13824}, 
}


@misc{bunel2018unifiedviewpiecewiselinear,
      title={A Unified View of Piecewise Linear Neural Network Verification}, 
      author={Rudy Bunel and Ilker Turkaslan and Philip H. S. Torr and Pushmeet Kohli and M. Pawan Kumar},
      year={2018},
      eprint={1711.00455},
      archivePrefix={arXiv},
      primaryClass={cs.AI},
      url={https://arxiv.org/abs/1711.00455}, 
}