@misc{EMAFund,
  author       = "Ellen\hspace{3pt}MacArthur\hspace{3pt}Foundation",
  title        = {What is a circular economy?},
  note         = {, last access: 1 January 2025. {Available} at: \url{https://www.ellenmacarthurfoundation.org/topics/circular-economy-introduction/overview}}
}

@inproceedings{NEURIPS2018_7634ea65,
 author = {Mania, Horia and Guy, Aurelia and Recht, Benjamin},
 booktitle = {Advances in Neural Information Processing Systems (NeurIPS 2018)},
 pages = {1-10},
 title = {Simple random search of static linear policies is competitive for reinforcement learning},
 url = {https://proceedings.neurips.cc/paper_files/paper/2018/file/7634ea65a4e6d9041cfd3f7de18e334a-Paper.pdf},
 volume = {31},
 year = {2018}
}

@article{Roxin1966,
  title={On finite stability in control systems},
  author={Roxin, Emilio},
  journal={Rendiconti del Circolo
Matematico di Palermo},
  volume={15},
  number={3},
  pages={273--282},
  year={1966}
}

@article{abel2024definition,
  title={A definition of continual reinforcement learning},
  author={Abel, David and Barreto, Andr{\'e} and Van Roy, Benjamin and Precup, Doina and van Hasselt, Hado P and Singh, Satinder},
  journal={Advances in Neural Information Processing Systems},
  volume={36},
  year={2024}
}

@article{amicarelli2022life,
  title={Life cycle assessment to tackle the take-make-waste paradigm in the textiles production},
  author={Amicarelli, Vera and Bux, Christian and Spinelli, Maria Pia and Lagioia, Giovanni},
  journal={Waste Management},
  volume={151},
  pages={10--27},
  year={2022},
  publisher={Elsevier}
}

@article{arun2021technical,
  title={Technical insights into the production of green fuel from {$\text{CO}_2$} sequestered algal biomass: A conceptual review on green energy},
  author={Arun, Jayaseelan and Gopinath, Kannappan Panchamoorthy and Sivaramakrishnan, Ramachandran and SundarRajan, PanneerSelvam and Malolan, Rajagopal and Pugazhendhi, Arivalagan},
  journal={Science of the Total Environment},
  volume={755},
  pages={142636},
  year={2021},
  publisher={Elsevier}
}

@article{benemann1997co2,
  title={{$\text{CO}_2$} mitigation with microalgae systems},
  author={Benemann, John R},
  journal={Energy Conversion and Management},
  volume={38},
  pages={S475--S479},
  year={1997},
  publisher={Elsevier}
}

@article{bhat1998continuous,
  title={Continuous finite-time stabilization of the translational and rotational double integrators},
  author={Bhat, Sanjay P and Bernstein, Dennis S},
  journal={IEEE Transactions on Automatic Control},
  volume={43},
  number={5},
  pages={678--682},
  year={1998},
  publisher={IEEE}
}

@inproceedings{bhattcrossq,
  title={{CrossQ: Batch} Normalization in Deep Reinforcement Learning for Greater Sample Efficiency and Simplicity},
  author={Bhatt, Aditya and Palenicek, Daniel and Belousov, Boris and Argus, Max and Amiranashvili, Artemij and Brox, Thomas and Peters, Jan},
  pages={1-19},
  booktitle={The Twelfth International Conference on Learning Representations (ICLR 2024)}
}

@article{cucurachi2019life,
  title={Life cycle assessment of food systems},
  author={Cucurachi, Stefano and Scherer, Laura and Guin{\'e}e, Jeroen and Tukker, Arnold},
  journal={One Earth},
  volume={1},
  number={3},
  pages={292--297},
  year={2019},
  publisher={Elsevier}
}

@article{eriksen2020dynamic,
  title={Dynamic material flow analysis of {PET, PE, and PP flows in Europe: Evaluation} of the potential for circular economy},
  author={Eriksen, Marie Kampmann and Pivnenko, Kostyantyn and Faraca, Giorgia and Boldrin, Alessio and Astrup, Thomas Fruergaard},
  journal={Environmental Science \& Technology},
  volume={54},
  number={24},
  pages={16166--16175},
  year={2020},
  publisher={ACS Publications}
}

@inproceedings{haddad2008finite,
  title={Finite-time stability for time-varying nonlinear dynamical systems},
  author={Haddad, Wassim M and Nersesov, Sergey G and Du, Liang},
  booktitle={2008 American control conference},
  pages={4135--4139},
  year={2008},
  organization={IEEE}
}

@article{haddad2015finite,
  title={Finite-time stabilization and optimal feedback control},
  author={Haddad, Wassim M and L'Afflitto, Andrea},
  journal={IEEE Transactions on Automatic Control},
  volume={61},
  number={4},
  pages={1069--1074},
  year={2015},
  publisher={IEEE}
}

@article{haddad2023finite,
  title={Finite-time stabilization and optimal feedback control for nonlinear discrete-time systems},
  author={Haddad, Wassim M and Lee, Junsoo},
  journal={IEEE Transactions on Automatic Control},
  volume={68},
  number={3},
  pages={1685--1691},
  year={2023},
  publisher={IEEE}
}

@article{hong2001output,
  title={On an output feedback finite-time stabilization problem},
  author={Hong, Yigwruang and Huang, Jie and Xu, Yangsheng},
  journal={IEEE Transactions on Automatic Control},
  volume={46},
  number={2},
  pages={305--309},
  year={2001},
  publisher={IEEE}
}

@inproceedings{kokolakis2023fixed,
  title={Fixed-Time Learning for Optimal Feedback Control},
  author={Kokolakis, Nick-Marios T and Vamvoudakis, Kyriakos G and Haddad, Wassim M},
  booktitle={International Design Engineering Technical Conferences and Computers and Information in Engineering Conference},
  volume={87387},
  year={2023},
  organization={American Society of Mechanical Engineers}
}

@article{lee2023finite,
  title={Finite time stability and optimal finite time stabilization for discrete-time stochastic dynamical systems},
  author={Lee, Junsoo and Haddad, Wassim M and Lanchares, Manuel},
  journal={IEEE Transactions on Automatic Control},
  volume={68},
  number={7},
  pages={3978--3991},
  year={2023},
  publisher={IEEE}
}

@article{li2022uncovering,
  title={Uncovering spatiotemporal evolution of titanium in {China}: {A dynamic material flow analysis}},
  author={Li, Minghang and Geng, Yong and Liu, Gang and Gao, Ziyan and Rui, Xue and Xiao, Shijiang},
  journal={Resources, Conservation and Recycling},
  volume={180},
  pages={106166},
  year={2022},
  publisher={Elsevier}
}

@misc{lillicrap2019continuouscontroldeepreinforcement,
      title={Continuous control with deep reinforcement learning}, 
      author={Timothy P. Lillicrap and Jonathan J. Hunt and Alexander Pritzel and Nicolas Heess and Tom Erez and Yuval Tassa and David Silver and Daan Wierstra},
      year={2015},
      eprint={1509.02971},
      archivePrefix={arXiv},
      primaryClass={cs.LG},
      url={https://arxiv.org/abs/1509.02971}, 
}

@article{liu2021dynamic,
  title={Dynamic material flow analysis of critical metals for lithium-ion battery system in {China} from 2000--2018},
  author={Liu, Wenqiu and Liu, Wei and Li, Xinxin and Liu, Yeye and Ogunmoroti, Abiodun Emmanuel and Li, Muyang and Bi, Mengyan and Cui, Zhaojie},
  journal={Resources, Conservation and Recycling},
  volume={164},
  pages={105122},
  year={2021},
  publisher={Elsevier}
}

@article{luan2021dynamic,
  title={Dynamic material flow analysis of plastics in {China} from 1950 to 2050},
  author={Luan, Xiaoyu and Cui, Xiaowei and Zhang, Long and Chen, Xinyi and Li, Xinxin and Feng, Xiuwei and Chen, Lu and Liu, Wei and Cui, Zhaojie},
  journal={Journal of Cleaner Production},
  volume={327},
  pages={129492},
  year={2021},
  publisher={Elsevier}
}

@article{marchi2015carbon,
  title={Carbon dioxide sequestration model of a vertical greenery system},
  author={Marchi, Michela and Pulselli, Riccardo Maria and Marchettini, Nadia and Pulselli, Federico Maria and Bastianoni, Simone},
  journal={Ecological Modelling},
  volume={306},
  pages={46--56},
  year={2015},
  publisher={Elsevier}
}

@inproceedings{mnih2016asynchronous,
  title={Asynchronous methods for deep reinforcement learning},
  author={Mnih, Volodymyr and Badia, Adri{\`a} Puigdom{\`e}nech and Mirza, Mehdi and Graves, Alex and Harley, Tim and Lillicrap, Timothy P and Silver, David and Kavukcuoglu, Koray},
  booktitle={Proceedings of the 33rd International Conference on Machine Learning-Volume 48},
  pages={1928--1937},
  year={2016}
}

@article{moulay2008finite,
  title={Finite time stability conditions for non-autonomous continuous systems},
  author={Moulay, Emmanuel and Perruquetti, Wilfrid},
  journal={International Journal of Control},
  volume={81},
  number={5},
  pages={797--803},
  year={2008},
  publisher={Taylor \& Francis}
}

@InProceedings{pmlr-v37-schulman15,
  title = 	 {Trust Region Policy Optimization},
  author = 	 {Schulman, John and Levine, Sergey and Abbeel, Pieter and Jordan, Michael and Moritz, Philipp},
  booktitle = 	 {Proceedings of the 32nd International Conference on Machine Learning},
  pages = 	 {1889--1897},
  year = 	 {2015}
}

@article{ramaraj2015biomass,
  title={Biomass of algae growth on natural water medium},
  author={Ramaraj, Rameshprabu and Tsai, David Dah-Wei and Chen, Paris Honglay},
  journal={Journal of Photochemistry and Photobiology B: Biology},
  volume={142},
  pages={124--128},
  year={2015},
  publisher={Elsevier}
}

@article{sala2021evolution,
  title={The evolution of life cycle assessment in European policies over three decades},
  author={Sala, Serenella and Amadei, Andrea Martino and Beylot, Antoine and Ardente, Fulvio},
  journal={The International Journal of Life Cycle Assessment},
  volume={26},
  pages={2295--2314},
  year={2021},
  publisher={Springer}
}

@article{sarwer2022algal,
  title={Algal biomass valorization for biofuel production and carbon sequestration: A review},
  author={Sarwer, Asma and Hamed, Seham M and Osman, Ahmed I and Jamil, Farrukh and Al-Muhtaseb, Alaâ€™a H and Alhajeri, Nawaf S and Rooney, David W},
  journal={Environmental Chemistry Letters},
  volume={20},
  number={5},
  pages={2797--2851},
  year={2022},
  publisher={Springer}
}

@article{schulman2017proximal,
  title={Proximal policy optimization algorithms},
  author={Schulman, John and Wolski, Filip and Dhariwal, Prafulla and Radford, Alec and Klimov, Oleg},
  journal={arXiv preprint arXiv:1707.06347},
  year={2017}
}

@article{shafique2020overview,
  title={An overview of carbon sequestration of green roofs in urban areas},
  author={Shafique, Muhammad and Xue, Xiaolong and Luo, Xiaowei},
  journal={Urban Forestry \& Urban Greening},
  volume={47},
  pages={126515},
  year={2020},
  publisher={Elsevier}
}

@article{sieber2020dynamic,
  title={Dynamic probabilistic material flow analysis of rubber release from tires into the environment},
  author={Sieber, Ramona and Kawecki, Delphine and Nowack, Bernd},
  journal={Environmental Pollution},
  volume={258},
  pages={113573},
  year={2020},
  publisher={Elsevier}
}

@article{suarez2019operational,
  title={Operational principles of circular economy for sustainable development: Linking theory and practice},
  author={Su{\'a}rez-Eiroa, Brais and Fern{\'a}ndez, Emilio and M{\'e}ndez-Mart{\'\i}nez, Gonzalo and Soto-O{\~n}ate, David},
  journal={Journal of Cleaner Production},
  volume={214},
  pages={952--961},
  year={2019},
  publisher={Elsevier}
}

@article{viswanaathan2022integrated,
  title={Integrated approach for carbon sequestration and wastewater treatment using algal--bacterial consortia: Opportunities and challenges},
  author={Viswanaathan, Shashirekha and Perumal, Pitchurajan Krishna and Sundaram, Seshadri},
  journal={Sustainability},
  volume={14},
  number={3},
  pages={1075},
  year={2022},
  publisher={MDPI}
}

@article{walker2020life,
  title={Life cycle assessment of bio-based and fossil-based plastic: A review},
  author={Walker, Stuart and Rothman, Rachel},
  journal={Journal of Cleaner Production},
  volume={261},
  pages={121158},
  year={2020},
  publisher={Elsevier}
}

@article{wang2021promoting,
  title={Promoting sustainable carbon sequestration of plants in urban greenspace by planting design: A case study in parks of {Beijing}},
  author={Wang, Yanan and Chang, Qing and Li, Xinyu},
  journal={Urban Forestry \& Urban Greening},
  volume={64},
  pages={127291},
  year={2021},
  publisher={Elsevier}
}

@article{xia2022review,
  title={A review of the life cycle assessment of electric vehicles: Considering the influence of batteries},
  author={Xia, Xiaoning and Li, Pengwei},
  journal={Science of the Total Environment},
  volume={814},
  pages={152870},
  year={2022},
  publisher={Elsevier}
}

@article{zhang2022urban,
  title={Is urban green space a carbon sink or source? {- A case study of China based on LCA} method},
  author={Zhang, Ying and Meng, Weiqing and Yun, Haofan and Xu, Wenbin and Hu, Beibei and He, Mengxuan and Mo, Xunqiang and Zhang, Lei},
  journal={Environmental Impact Assessment Review},
  volume={94},
  pages={106766},
  year={2022},
  publisher={Elsevier}
}

@article{zhou2017bio,
  title={Bio-mitigation of carbon dioxide using microalgal systems: Advances and perspectives},
  author={Zhou, Wenguang and Wang, Jinghan and Chen, Paul and Ji, Chengcheng and Kang, Qiuyun and Lu, Bei and Li, Kun and Liu, Jin and Ruan, Roger},
  journal={Renewable and Sustainable Energy Reviews},
  volume={76},
  pages={1163--1175},
  year={2017},
  publisher={Elsevier}
}

@article{zocco2022circularity,
  title={Circularity of Thermodynamical Material Networks: Indicators, Examples, and Algorithms},
  author={Zocco, Federico},
  journal={arXiv preprint arXiv:2209.15051},
  year={2024}
}

@article{zocco2023thermodynamical,
  title={Thermodynamical Material Networks for Modeling, Planning, and Control of Circular Material Flows},
  author={Zocco, Federico and Sopasakis, Pantelis and Smyth, Beatrice and Haddad, Wassim M},
  journal={International Journal of Sustainable Engineering},
  volume={16},
  number={1},
  pages={1--14},
  year={2023},
  publisher={Taylor \& Francis}
}

@article{zocco2024circular,
  title={Circular Economy Design through System Dynamics Modeling},
  author={Zocco, Federico and Malvezzi, Monica},
  journal={arXiv preprint arXiv:2411.13540},
  year={2024}
}

@article{zocco2024unification,
  title={A Unification Between Deep-Learning Vision, Compartmental Dynamical Thermodynamics, and Robotic Manipulation for a Circular Economy},
  author={Zocco, Federico and Haddad, Wassim M and Corti, Andrea and Malvezzi, Monica},
  journal={IEEE Access},
  volume={12},
  pages={173502--173516},
  year={2024},
  publisher={IEEE}
}

