@article{Kambhampati_2024,
   title={Can large language models reason and plan?},
   volume={1534},
   ISSN={1749-6632},
   url={http://dx.doi.org/10.1111/nyas.15125},
   DOI={10.1111/nyas.15125},
   number={1},
   journal={Annals of the New York Academy of Sciences},
   publisher={Wiley},
   author={Kambhampati, Subbarao},
   year={2024},
   month=mar, pages={15–18} }

@article{Li_2022,
   title={Competition-level code generation with AlphaCode},
   volume={378},
   ISSN={1095-9203},
   url={http://dx.doi.org/10.1126/science.abq1158},
   DOI={10.1126/science.abq1158},
   number={6624},
   journal={Science},
   publisher={American Association for the Advancement of Science (AAAS)},
   author={Li, Yujia and Choi, David and Chung, Junyoung and Kushman, Nate and Schrittwieser, Julian and Leblond, Rémi and Eccles, Tom and Keeling, James and Gimeno, Felix and Dal Lago, Agustin and Hubert, Thomas and Choy, Peter and de Masson d’Autume, Cyprien and Babuschkin, Igor and Chen, Xinyun and Huang, Po-Sen and Welbl, Johannes and Gowal, Sven and Cherepanov, Alexey and Molloy, James and Mankowitz, Daniel J. and Sutherland Robson, Esme and Kohli, Pushmeet and de Freitas, Nando and Kavukcuoglu, Koray and Vinyals, Oriol},
   year={2022},
   month=dec, pages={1092–1097} }

@misc{azerbayev2024llemmaopenlanguagemodel,
      title={Llemma: An Open Language Model For Mathematics}, 
      author={Zhangir Azerbayev and Hailey Schoelkopf and Keiran Paster and Marco Dos Santos and Stephen McAleer and Albert Q. Jiang and Jia Deng and Stella Biderman and Sean Welleck},
      year={2024},
      eprint={2310.10631},
      archivePrefix={arXiv},
      primaryClass={cs.CL},
      url={https://arxiv.org/abs/2310.10631}, 
}

@misc{brown2024largelanguagemonkeysscaling,
      title={Large Language Monkeys: Scaling Inference Compute with Repeated Sampling}, 
      author={Bradley Brown and Jordan Juravsky and Ryan Ehrlich and Ronald Clark and Quoc V. Le and Christopher Ré and Azalia Mirhoseini},
      year={2024},
      eprint={2407.21787},
      archivePrefix={arXiv},
      primaryClass={cs.LG},
      url={https://arxiv.org/abs/2407.21787}, 
}

@article{chen2024alphamath,
    author = {Chen, Guoxin and Liao, Minpeng and Li, Chengxi and Fan, Kai},
    journal = {ArXiv preprint},
    title = {AlphaMath Almost Zero: process Supervision without process},
    url = {https://arxiv.org/abs/2405.03553},
    volume = {abs/2405.03553},
    year = {2024}
}

@misc{chu2025sftmemorizesrlgeneralizes,
      title={SFT Memorizes, RL Generalizes: A Comparative Study of Foundation Model Post-training}, 
      author={Tianzhe Chu and Yuexiang Zhai and Jihan Yang and Shengbang Tong and Saining Xie and Dale Schuurmans and Quoc V. Le and Sergey Levine and Yi Ma},
      year={2025},
      eprint={2501.17161},
      archivePrefix={arXiv},
      primaryClass={cs.AI},
      url={https://arxiv.org/abs/2501.17161}, 
}

@article{guo2025deepseek,
  title={Deepseek-r1: Incentivizing reasoning capability in llms via reinforcement learning},
  author={Guo, Daya and Yang, Dejian and Zhang, Haowei and Song, Junxiao and Zhang, Ruoyu and Xu, Runxin and Zhu, Qihao and Ma, Shirong and Wang, Peiyi and Bi, Xiao and others},
  journal={arXiv preprint arXiv:2501.12948},
  year={2025}
}

@misc{hao2023reasoninglanguagemodelplanning,
      title={Reasoning with Language Model is Planning with World Model}, 
      author={Shibo Hao and Yi Gu and Haodi Ma and Joshua Jiahua Hong and Zhen Wang and Daisy Zhe Wang and Zhiting Hu},
      year={2023},
      eprint={2305.14992},
      archivePrefix={arXiv},
      primaryClass={cs.CL},
      url={https://arxiv.org/abs/2305.14992}, 
}

@misc{kaplan2020scalinglawsneurallanguage,
      title={Scaling Laws for Neural Language Models}, 
      author={Jared Kaplan and Sam McCandlish and Tom Henighan and Tom B. Brown and Benjamin Chess and Rewon Child and Scott Gray and Alec Radford and Jeffrey Wu and Dario Amodei},
      year={2020},
      eprint={2001.08361},
      archivePrefix={arXiv},
      primaryClass={cs.LG},
      url={https://arxiv.org/abs/2001.08361}, 
}

@misc{li2024common7blanguagemodels,
      title={Common 7B Language Models Already Possess Strong Math Capabilities}, 
      author={Chen Li and Weiqi Wang and Jingcheng Hu and Yixuan Wei and Nanning Zheng and Han Hu and Zheng Zhang and Houwen Peng},
      year={2024},
      eprint={2403.04706},
      archivePrefix={arXiv},
      primaryClass={cs.CL},
      url={https://arxiv.org/abs/2403.04706}, 
}

@misc{merrill2024expressivepowertransformerschain,
      title={The Expressive Power of Transformers with Chain of Thought}, 
      author={William Merrill and Ashish Sabharwal},
      year={2024},
      eprint={2310.07923},
      archivePrefix={arXiv},
      primaryClass={cs.LG},
      url={https://arxiv.org/abs/2310.07923}, 
}

@misc{mirzadeh2024gsmsymbolicunderstandinglimitationsmathematical,
      title={GSM-Symbolic: Understanding the Limitations of Mathematical Reasoning in Large Language Models}, 
      author={Iman Mirzadeh and Keivan Alizadeh and Hooman Shahrokhi and Oncel Tuzel and Samy Bengio and Mehrdad Farajtabar},
      year={2024},
      eprint={2410.05229},
      archivePrefix={arXiv},
      primaryClass={cs.LG},
      url={https://arxiv.org/abs/2410.05229}, 
}

@misc{openai-o1,
      title={Learning to reason with llms, September 2024}, 
      author={OpenAI},
      year={2024},
      url={https://openai.com/index/learning-to-reason-with-llms/}, 
}

@misc{paster2023openwebmathopendatasethighquality,
      title={OpenWebMath: An Open Dataset of High-Quality Mathematical Web Text}, 
      author={Keiran Paster and Marco Dos Santos and Zhangir Azerbayev and Jimmy Ba},
      year={2023},
      eprint={2310.06786},
      archivePrefix={arXiv},
      primaryClass={cs.AI},
      url={https://arxiv.org/abs/2310.06786}, 
}

@article{shao2024deepseekmath,
  title={Deepseekmath: Pushing the limits of mathematical reasoning in open language models},
  author={Shao, Zhihong and Wang, Peiyi and Zhu, Qihao and Xu, Runxin and Song, Junxiao and Zhang, Mingchuan and Li, YK and Wu, Yu and Guo, Daya},
  journal={arXiv preprint arXiv:2402.03300},
  year={2024}
}

@article{snell2024scaling,
  title={Scaling llm test-time compute optimally can be more effective than scaling model parameters},
  author={Snell, Charlie and Lee, Jaehoon and Xu, Kelvin and Kumar, Aviral},
  journal={arXiv preprint arXiv:2408.03314},
  year={2024}
}

@article{wang2022self,
  title={Self-consistency improves chain of thought reasoning in language models},
  author={Wang, Xuezhi and Wei, Jason and Schuurmans, Dale and Le, Quoc and Chi, Ed and Narang, Sharan and Chowdhery, Aakanksha and Zhou, Denny},
  journal={arXiv preprint arXiv:2203.11171},
  year={2022}
}

@misc{wang2024mathpilebilliontokenscalepretrainingcorpus,
      title={MathPile: A Billion-Token-Scale Pretraining Corpus for Math}, 
      author={Zengzhi Wang and Xuefeng Li and Rui Xia and Pengfei Liu},
      year={2024},
      eprint={2312.17120},
      archivePrefix={arXiv},
      primaryClass={cs.CL},
      url={https://arxiv.org/abs/2312.17120}, 
}

@misc{xiang20252reasoningllmslearning,
      title={Towards System 2 Reasoning in LLMs: Learning How to Think With Meta Chain-of-Thought}, 
      author={Violet Xiang and Charlie Snell and Kanishk Gandhi and Alon Albalak and Anikait Singh and Chase Blagden and Duy Phung and Rafael Rafailov and Nathan Lile and Dakota Mahan and Louis Castricato and Jan-Philipp Franken and Nick Haber and Chelsea Finn},
      year={2025},
      eprint={2501.04682},
      archivePrefix={arXiv},
      primaryClass={cs.AI},
      url={https://arxiv.org/abs/2501.04682}, 
}

@misc{yao2023treethoughtsdeliberateproblem,
      title={Tree of Thoughts: Deliberate Problem Solving with Large Language Models}, 
      author={Shunyu Yao and Dian Yu and Jeffrey Zhao and Izhak Shafran and Thomas L. Griffiths and Yuan Cao and Karthik Narasimhan},
      year={2023},
      eprint={2305.10601},
      archivePrefix={arXiv},
      primaryClass={cs.CL},
      url={https://arxiv.org/abs/2305.10601}, 
}

@misc{yue2023mammothbuildingmathgeneralist,
      title={MAmmoTH: Building Math Generalist Models through Hybrid Instruction Tuning}, 
      author={Xiang Yue and Xingwei Qu and Ge Zhang and Yao Fu and Wenhao Huang and Huan Sun and Yu Su and Wenhu Chen},
      year={2023},
      eprint={2309.05653},
      archivePrefix={arXiv},
      primaryClass={cs.CL},
      url={https://arxiv.org/abs/2309.05653}, 
}

@misc{yue2024mammoth2scalinginstructionsweb,
      title={MAmmoTH2: Scaling Instructions from the Web}, 
      author={Xiang Yue and Tuney Zheng and Ge Zhang and Wenhu Chen},
      year={2024},
      eprint={2405.03548},
      archivePrefix={arXiv},
      primaryClass={cs.CL},
      url={https://arxiv.org/abs/2405.03548}, 
}

@misc{zhang2024carefulexaminationlargelanguage,
      title={A Careful Examination of Large Language Model Performance on Grade School Arithmetic}, 
      author={Hugh Zhang and Jeff Da and Dean Lee and Vaughn Robinson and Catherine Wu and Will Song and Tiffany Zhao and Pranav Raja and Charlotte Zhuang and Dylan Slack and Qin Lyu and Sean Hendryx and Russell Kaplan and Michele Lunati and Summer Yue},
      year={2024},
      eprint={2405.00332},
      archivePrefix={arXiv},
      primaryClass={cs.CL},
      url={https://arxiv.org/abs/2405.00332}, 
}

@article{zhou2024lima,
  title={Lima: Less is more for alignment},
  author={Zhou, Chunting and Liu, Pengfei and Xu, Puxin and Iyer, Srinivasan and Sun, Jiao and Mao, Yuning and Ma, Xuezhe and Efrat, Avia and Yu, Ping and Yu, Lili and others},
  journal={Advances in Neural Information Processing Systems},
  volume={36},
  year={2024}
}

@misc{zhou2024programmingexampleliftingpretraining,
      title={Programming Every Example: Lifting Pre-training Data Quality like Experts at Scale}, 
      author={Fan Zhou and Zengzhi Wang and Qian Liu and Junlong Li and Pengfei Liu},
      year={2024},
      eprint={2409.17115},
      archivePrefix={arXiv},
      primaryClass={cs.CL},
      url={https://arxiv.org/abs/2409.17115}, 
}

