@article{liu2023towards,
  title={Towards graph foundation models: A survey and beyond},
  author={Liu, Jiawei and Yang, Cheng and Lu, Zhiyuan and Chen, Junze and Li, Yibo and Zhang, Mengmei and Bai, Ting and Fang, Yuan and Sun, Lichao and Yu, Philip S and others},
  journal={arXiv preprint arXiv:2310.11829},
  year={2023}
}

@inproceedings{fu2021generalize,
  title={Generalize a small pre-trained model to arbitrarily large tsp instances},
  author={Fu, Zhang-Hua and Qiu, Kai-Bin and Zha, Hongyuan},
  booktitle={Proceedings of the AAAI Conference on Artificial Intelligence},
  volume={35},
  pages={7474--7482},
  year={2021}
}

@inproceedings{aliBoostingReinforcementLearning2018,
  title = {Boosting Reinforcement Learning in Competitive Influence Maximization with Transfer Learning},
  booktitle = {2018 IEEE/WIC/ACM International Conference on Web Intelligence (WI)},
  author = {Ali, Khurshed and Wang, Chih-Yu and Chen, Yi-Shin},
  year = {2018},
  month = dec,
  pages = {395--400},
  publisher = {IEEE},
  address = {Santiago},
  doi = {10.1109/WI.2018.00-62},
  isbn = {978-1-5386-7325-6}
}

@misc{andrychowiczHindsightExperienceReplay2018,
  title = {Hindsight Experience Replay},
  author = {Andrychowicz, Marcin and Wolski, Filip and Ray, Alex and Schneider, Jonas and Fong, Rachel and Welinder, Peter and McGrew, Bob and Tobin, Josh and Abbeel, Pieter and Zaremba, Wojciech},
  year = {2018},
  month = feb,
  number = {arXiv:1707.01495},
  eprint = {1707.01495},
  publisher = {arXiv},
  archiveprefix = {arxiv}
}

@misc{belloNeuralCombinatorialOptimization2017,
  title = {Neural Combinatorial Optimization with Reinforcement Learning},
  author = {Bello, Irwan and Pham, Hieu and Le, Quoc V. and Norouzi, Mohammad and Bengio, Samy},
  year = {2017},
  month = jan,
  number = {arXiv:1611.09940},
  eprint = {1611.09940},
  publisher = {arXiv},
  archiveprefix = {arxiv}
}

@inproceedings{bengioCurriculumLearning2009,
  title = {Curriculum Learning},
  booktitle = {Proceedings of the 26th Annual International Conference on Machine Learningg},
  author = {Bengio, Yoshua and Louradour, J{\'e}r{\^o}me and Collobert, Ronan and Weston, Jason},
  year = {2009},
  month = jun,
  pages = {41--48},
  publisher = {ACM},
  address = {Montreal Quebec Canada},
  doi = {10.1145/1553374.1553380},
  isbn = {978-1-60558-516-1}
}

@article{berto2023rl4co,
  title={Rl4co: an extensive reinforcement learning for combinatorial optimization benchmark},
  author={Berto, Federico and Hua, Chuanbo and Park, Junyoung and Kim, Minsu and Kim, Hyeonah and Son, Jiwoo and Kim, Haeyeon and Kim, Joungho and Park, Jinkyoo},
  journal={arXiv preprint arXiv:2306.17100},
  year={2023}
}

@misc{caiComprehensiveSurveyGraph2018,
  title = {A Comprehensive Survey of Graph Embedding: Problems, Techniques and Applications},
  shorttitle = {A Comprehensive Survey of Graph Embedding},
  author = {Cai, Hongyun and Zheng, Vincent W. and Chang, Kevin Chen-Chuan},
  year = {2018},
  month = feb,
  number = {arXiv:1709.07604},
  eprint = {1709.07604},
  publisher = {arXiv},
  archiveprefix = {arxiv}
}

@misc{cesa-bianchiBoltzmannExplorationDone2017,
  title = {Boltzmann Exploration Done Right},
  author = {{Cesa-Bianchi}, Nicol{\`o} and Gentile, Claudio and Lugosi, G{\'a}bor and Neu, Gergely},
  year = {2017},
  month = nov,
  number = {arXiv:1705.10257},
  eprint = {1705.10257},
  publisher = {arXiv},
  archiveprefix = {arxiv}
}

@article{chenContingencyawareInfluenceMaximization,
  title = {Contingency-Aware Influence Maximization: A Reinforcement Learning Approach},
  author = {Chen, Haipeng and Qiu, Wei and Ou, Han-Ching and An, Bo and Tambe, Milind}
}

@article{chenToupleGDDFinedesignedSolution2023,
  title = {ToupleGDD: A Fine-Designed Solution of Influence Maximization by Deep Reinforcement Learning},
  shorttitle = {ToupleGDD},
  author = {Chen, Tiantian and Yan, Siwen and Guo, Jianxiong and Wu, Weili},
  year = {2023},
  journal = {IEEE Transactions on Computational Social Systems},
  eprint = {2210.07500},
  pages = {1--12},
  issn = {2329-924X, 2373-7476},
  doi = {10.1109/TCSS.2023.3272331},
  archiveprefix = {arxiv}
}

@article{chooSimulationguidedBeamSearch,
  title = {Simulation-Guided Beam Search for Neural Combinatorial Optimization},
  author = {Choo, Jinho and Kwon, Yeong-Dae and Kim, Jihoon and Jae, Jeongwoo and Hottung, Andre and Tierney, Kevin and Gwon, Youngjune}
}

@article{daiDiscriminativeEmbeddingsLatent,
  title = {Discriminative Embeddings of Latent Variable Models for Structured Data},
  author = {Dai, Hanjun and Dai, Bo and Song, Le}
}

@misc{daiLearningCombinatorialOptimization2018,
  title = {Learning Combinatorial Optimization Algorithms over Graphs},
  author = {Dai, Hanjun and Khalil, Elias B. and Zhang, Yuyu and Dilkina, Bistra and Song, Le},
  year = {2018},
  month = feb,
  number = {arXiv:1704.01665},
  eprint = {1704.01665},
  publisher = {arXiv},
  archiveprefix = {arxiv}
}

@article{dayanFeudalReinforcementLearning,
  title = {Feudal Reinforcement Learning},
  author = {Dayan, Peter and Hinton, Geoffrey E}
}

@misc{dietterichHierarchicalReinforcementLearning1999,
  title = {Hierarchical Reinforcement Learning with the MAXQ Value Function Decomposition},
  author = {Dietterich, Thomas G.},
  year = {1999},
  month = may,
  number = {arXiv:cs/9905014},
  eprint = {cs/9905014},
  publisher = {arXiv},
  archiveprefix = {arxiv}
}

@misc{dwivediGeneralizationTransformerNetworks2021,
  title = {A Generalization of Transformer Networks to Graphs},
  author = {Dwivedi, Vijay Prakash and Bresson, Xavier},
  year = {2021},
  month = jan,
  number = {arXiv:2012.09699},
  eprint = {2012.09699},
  publisher = {arXiv},
  archiveprefix = {arxiv}
}

@misc{fortunatoNoisyNetworksExploration2019,
  title = {Noisy Networks for Exploration},
  author = {Fortunato, Meire and Azar, Mohammad Gheshlaghi and Piot, Bilal and Menick, Jacob and Osband, Ian and Graves, Alex and Mnih, Vlad and Munos, Remi and Hassabis, Demis and Pietquin, Olivier and Blundell, Charles and Legg, Shane},
  year = {2019},
  month = jul,
  number = {arXiv:1706.10295},
  eprint = {1706.10295},
  publisher = {arXiv},
  archiveprefix = {arxiv}
}

@misc{groverNode2vecScalableFeature2016,
  title = {Node2vec: Scalable Feature Learning for Networks},
  shorttitle = {Node2vec},
  author = {Grover, Aditya and Leskovec, Jure},
  year = {2016},
  month = jul,
  number = {arXiv:1607.00653},
  eprint = {1607.00653},
  publisher = {arXiv},
  archiveprefix = {arxiv}
}

@misc{gunarathnaSolvingDynamicGraph2022,
  title = {Solving Dynamic Graph Problems with Multi-Attention Deep Reinforcement Learning},
  author = {Gunarathna, Udesh and {Borovica-Gajic}, Renata and Karunasekara, Shanika and Tanin, Egemen},
  year = {2022},
  month = jan,
  number = {arXiv:2201.04895},
  eprint = {2201.04895},
  publisher = {arXiv},
  archiveprefix = {arxiv}
}

@misc{guoEntityEmbeddingsCategorical2016,
  title = {Entity Embeddings of Categorical Variables},
  author = {Guo, Cheng and Berkhahn, Felix},
  year = {2016},
  month = apr,
  number = {arXiv:1604.06737},
  eprint = {1604.06737},
  publisher = {arXiv},
  archiveprefix = {arxiv}
}

@misc{guoEntityEmbeddingsCategorical2016a,
  title = {Entity Embeddings of Categorical Variables},
  author = {Guo, Cheng and Berkhahn, Felix},
  year = {2016},
  month = apr,
  number = {arXiv:1604.06737},
  eprint = {1604.06737},
  publisher = {arXiv},
  archiveprefix = {arxiv}
}

@misc{harbWhenWaitingNot2017,
  title = {When Waiting Is Not an Option : Learning Options with a Deliberation Cost},
  shorttitle = {When Waiting Is Not an Option},
  author = {Harb, Jean and Bacon, Pierre-Luc and Klissarov, Martin and Precup, Doina},
  year = {2017},
  month = sep,
  number = {arXiv:1709.04571},
  eprint = {1709.04571},
  publisher = {arXiv},
  archiveprefix = {arxiv}
}

@article{hongStructureawareTransformerPolicy2022,
  title = {Structure-Aware Transformer Policy for Inhomogeneous Multi-Task Reinforcement Learning},
  author = {Hong, Sunghoon and Yoon, Deunsol and Kim, Kee-Eung},
  year = {2022}
}

@misc{hottungEfficientActiveSearch2022,
  title = {Efficient Active Search for Combinatorial Optimization Problems},
  author = {Hottung, Andr{\'e} and Kwon, Yeong-Dae and Tierney, Kevin},
  year = {2022},
  month = mar,
  number = {arXiv:2106.05126},
  eprint = {2106.05126},
  publisher = {arXiv},
  archiveprefix = {arxiv}
}

@misc{huangEfficientApproximationAlgorithms2020,
  title = {Efficient Approximation Algorithms for Adaptive Influence Maximization},
  author = {Huang, Keke and Tang, Jing and Han, Kai and Xiao, Xiaokui and Chen, Wei and Sun, Aixin and Tang, Xueyan and Lim, Andrew},
  year = {2020},
  month = apr,
  number = {arXiv:2004.06469},
  eprint = {2004.06469},
  publisher = {arXiv},
  archiveprefix = {arxiv}
}

@article{hutsebaut-buysseHierarchicalReinforcementLearning2022,
  title = {Hierarchical Reinforcement Learning: A Survey and Open Research Challenges},
  shorttitle = {Hierarchical Reinforcement Learning},
  author = {{Hutsebaut-Buysse}, Matthias and Mets, Kevin and Latr{\'e}, Steven},
  year = {2022},
  month = feb,
  journal = {Machine Learning and Knowledge Extraction},
  volume = {4},
  number = {1},
  pages = {172--221},
  issn = {2504-4990},
  doi = {10.3390/make4010009},
  copyright = {https://creativecommons.org/licenses/by/4.0/}
}

@article{khalilLearningCombinatorialOptimization,
  title = {Learning Combinatorial Optimization Algorithms over Graphs},
  author = {Khalil, Elias and Dai, Hanjun and Zhang, Yuyu and Dilkina, Bistra and Song, Le}
}

@article{khalilLearningCombinatorialOptimizationa,
  title = {Learning Combinatorial Optimization Algorithms over Graphs},
  author = {Khalil, Elias and Dai, Hanjun and Zhang, Yuyu and Dilkina, Bistra and Song, Le}
}

@misc{klissarovFlexibleOptionLearning2021,
  title = {Flexible Option Learning},
  author = {Klissarov, Martin and Precup, Doina},
  year = {2021},
  month = dec,
  number = {arXiv:2112.03097},
  eprint = {2112.03097},
  publisher = {arXiv},
  archiveprefix = {arxiv}
}

@article{koolAttentionLearnSolve2019,
  title = {Attention, Learn to Solve Routing Problems!},
  author = {Kool, Wouter and {van Hoof}, Herke and Welling, Max},
  year = {2019}
}

@article{kulkarniHierarchicalDeepReinforcement,
  title = {Hierarchical Deep Reinforcement Learning: Integrating Temporal Abstraction and Intrinsic Motivation},
  author = {Kulkarni, Tejas D and Narasimhan, Karthik and Saeedi, Ardavan and Tenenbaum, Josh}
}

@article{kumarInformationDiffusionModeling2021,
  title = {Information Diffusion Modeling and Analysis for Socially Interacting Networks},
  author = {Kumar, Pawan and Sinha, Adwitiya},
  year = {2021},
  month = dec,
  journal = {Social Network Analysis and Mining},
  volume = {11},
  number = {1},
  pages = {11},
  issn = {1869-5450, 1869-5469},
  doi = {10.1007/s13278-020-00719-7}
}

@inproceedings{leeGraphClassificationUsing2018,
  title = {Graph Classification Using Structural Attention},
  booktitle = {Proceedings of the 24th ACM SIGKDD International Conference on Knowledge Discovery \& Data Mining},
  author = {Lee, John Boaz and Rossi, Ryan and Kong, Xiangnan},
  year = {2018},
  month = jul,
  pages = {1666--1674},
  publisher = {ACM},
  address = {London United Kingdom},
  doi = {10.1145/3219819.3219980},
  isbn = {978-1-4503-5552-0}
}

@article{lingDeepGraphRepresentation,
  title = {Deep Graph Representation Learning and Optimization for Influence Maximization},
  author = {Ling, Chen and Jiang, Junji and Wang, Junxiang and Zhao, Liang}
}

@article{liPIANOInfluenceMaximization2023,
  title = {PIANO: Influence Maximization Meets Deep Reinforcement Learning},
  shorttitle = {PIANO},
  author = {Li, Hui and Xu, Mengting and Bhowmick, Sourav S. and Rayhan, Joty Shafiq and Sun, Changsheng and Cui, Jiangtao},
  year = {2023},
  month = jun,
  journal = {IEEE Transactions on Computational Social Systems},
  volume = {10},
  number = {3},
  pages = {1288--1300},
  issn = {2329-924X, 2373-7476},
  doi = {10.1109/TCSS.2022.3164667}
}

@article{litouEfficientTimelyMisinformation2017,
  title = {Efficient and Timely Misinformation Blocking under Varying Cost Constraints},
  author = {Litou, Iouliana and Kalogeraki, Vana and Katakis, Ioannis and Gunopulos, Dimitrios},
  year = {2017},
  month = aug,
  journal = {Online Social Networks and Media},
  volume = {2},
  pages = {19--31},
  issn = {24686964},
}

@misc{meiromControllingGraphDynamics2021,
  title = {Controlling Graph Dynamics with Reinforcement Learning and Graph Neural Networks},
  author = {Meirom, Eli A. and Maron, Haggai and Mannor, Shie and Chechik, Gal},
  year = {2021},
  month = jul,
  number = {arXiv:2010.05313},
  eprint = {2010.05313},
  publisher = {arXiv},
  archiveprefix = {arxiv}
}

@misc{milaniMAVIPERLearningDecision2022,
  title = {MAVIPER: Learning Decision Tree Policies for Interpretable Multi-Agent Reinforcement Learning},
  shorttitle = {MAVIPER},
  author = {Milani, Stephanie and Zhang, Zhicheng and Topin, Nicholay and Shi, Zheyuan Ryan and Kamhoua, Charles and Papalexakis, Evangelos E. and Fang, Fei},
  year = {2022},
  month = jul,
  number = {arXiv:2205.12449},
  eprint = {2205.12449},
  publisher = {arXiv},
  archiveprefix = {arxiv}
}

@misc{nachumDataefficientHierarchicalReinforcement2018,
  title = {Data-Efficient Hierarchical Reinforcement Learning},
  author = {Nachum, Ofir and Gu, Shixiang and Lee, Honglak and Levine, Sergey},
  year = {2018},
  month = oct,
  number = {arXiv:1805.08296},
  eprint = {1805.08296},
  publisher = {arXiv},
  archiveprefix = {arxiv}
}

@misc{nieReinforcementLearningGraphs2023,
  title = {Reinforcement Learning on Graphs: A Survey},
  shorttitle = {Reinforcement Learning on Graphs},
  author = {Nie, Mingshuo and Chen, Dongming and Wang, Dongqi},
  year = {2023},
  month = jan,
  number = {arXiv:2204.06127},
  eprint = {2204.06127},
  publisher = {arXiv},
  archiveprefix = {arxiv}
}

@misc{ouActiveScreeningRecurrent2021,
  title = {Active Screening for Recurrent Diseases: A Reinforcement Learning Approach},
  shorttitle = {Active Screening for Recurrent Diseases},
  author = {Ou, Han-Ching and Chen, Haipeng and Jabbari, Shahin and Tambe, Milind},
  year = {2021},
  month = apr,
  number = {arXiv:2101.02766},
  eprint = {2101.02766},
  publisher = {arXiv},
  archiveprefix = {arxiv}
}

@misc{plappertParameterSpaceNoise2018,
  title = {Parameter Space Noise for Exploration},
  author = {Plappert, Matthias and Houthooft, Rein and Dhariwal, Prafulla and Sidor, Szymon and Chen, Richard Y. and Chen, Xi and Asfour, Tamim and Abbeel, Pieter and Andrychowicz, Marcin},
  year = {2018},
  month = jan,
  number = {arXiv:1706.01905},
  eprint = {1706.01905},
  publisher = {arXiv},
  archiveprefix = {arxiv}
}

@misc{rafatiLearningRepresentationsModelfree2019,
  title = {Learning Representations in Model-Free Hierarchical Reinforcement Learning},
  author = {Rafati, Jacob and Noelle, David C.},
  year = {2019},
  month = apr,
  number = {arXiv:1810.10096},
  eprint = {1810.10096},
  publisher = {arXiv},
  archiveprefix = {arxiv}
}

@article{randlovLearningMacroactionsReinforcement,
  title = {Learning Macro-Actions in Reinforcement Learning},
  author = {Randlov, Jette}
}

@article{razzaqEfficientOptimizationTechniques2023,
  title = {Efficient Optimization Techniques for Resource Allocation in UAVs Mission Framework},
  author = {Razzaq, Sohail and Xydeas, Costas and Mahmood, Anzar and Ahmed, Saeed and Ratyal, Naeem Iqbal and Iqbal, Jamshed},
  editor = {{So-In}, Chakchai},
  year = {2023},
  month = apr,
  journal = {PLOS ONE},
  volume = {18},
  number = {4},
  pages = {e0283923},
  issn = {1932-6203},
  doi = {10.1371/journal.pone.0283923}
}

@article{teferaDeepReinforcementLearningassisted2023,
  title = {Deep Reinforcement Learning-Assisted Optimization for Resource Allocation in Downlink OFDMA Cooperative Systems},
  author = {Tefera, Mulugeta Kassaw and Zhang, Shengbing and Jin, Zengwang},
  year = {2023},
  month = feb,
  journal = {Entropy},
  volume = {25},
  number = {3},
  pages = {413},
  issn = {1099-4300},
  doi = {10.3390/e25030413}
}

@article{tongAdaptiveInfluenceMaximization2017,
  title = {Adaptive Influence Maximization in Dynamic Social Networks},
  author = {Tong, Guangmo and Wu, Weili and Tang, Shaojie and Du, Ding-Zhu},
  year = {2017},
  month = feb,
  journal = {IEEE/ACM Transactions on Networking},
  volume = {25},
  number = {1},
  eprint = {1506.06294},
  pages = {112--125},
  issn = {1063-6692, 1558-2566},
  doi = {10.1109/TNET.2016.2563397},
  archiveprefix = {arxiv}
}

@misc{vaswaniAttentionAllYou2023,
  title = {Attention Is All You Need},
  author = {Vaswani, Ashish and Shazeer, Noam and Parmar, Niki and Uszkoreit, Jakob and Jones, Llion and Gomez, Aidan N. and Kaiser, Lukasz and Polosukhin, Illia},
  year = {2023},
  month = aug,
  number = {arXiv:1706.03762},
  eprint = {1706.03762},
  publisher = {arXiv},
  archiveprefix = {arxiv}
}

@inproceedings{velivckovic2018graph,
  title={Graph Attention Networks},
  author={Veli{\v{c}}kovi{\'c}, Petar and Cucurull, Guillem and Casanova, Arantxa and Romero, Adriana and Li{\`o}, Pietro and Bengio, Yoshua},
  booktitle={International Conference on Learning Representations},
  year={2018}
}

@misc{vezhnevetsFeUdalNetworksHierarchical2017,
  title = {FeUdal Networks for Hierarchical Reinforcement Learning},
  author = {Vezhnevets, Alexander Sasha and Osindero, Simon and Schaul, Tom and Heess, Nicolas and Jaderberg, Max and Silver, David and Kavukcuoglu, Koray},
  year = {2017},
  month = mar,
  number = {arXiv:1703.01161},
  eprint = {1703.01161},
  publisher = {arXiv},
  archiveprefix = {arxiv}
}

@misc{vezhnevetsFeUdalNetworksHierarchical2017a,
  title = {FeUdal Networks for Hierarchical Reinforcement Learning},
  author = {Vezhnevets, Alexander Sasha and Osindero, Simon and Schaul, Tom and Heess, Nicolas and Jaderberg, Max and Silver, David and Kavukcuoglu, Koray},
  year = {2017},
  month = mar,
  number = {arXiv:1703.01161},
  eprint = {1703.01161},
  publisher = {arXiv},
  archiveprefix = {arxiv}
}

@article{wangDeepReinforcementLearning2019,
  title = {Deep Reinforcement Learning for Green Security Games with Real-Time Information},
  author = {Wang, Yufei and Shi, Zheyuan Ryan and Yu, Lantao and Wu, Yi and Singh, Rohit and Joppa, Lucas and Fang, Fei},
  year = {2019},
  month = jul,
  journal = {Proceedings of the AAAI Conference on Artificial Intelligence},
  volume = {33},
  number = {01},
  pages = {1401--1408},
  issn = {2374-3468, 2159-5399},
  doi = {10.1609/aaai.v33i01.33011401}
}

@inproceedings{xuScalableRumorSource2015,
  title = {Scalable Rumor Source Detection under Independent Cascade Model in Online Social Networks},
  booktitle = {2015 11th International Conference on Mobile Ad-Hoc and Sensor Networks (MSN)},
  author = {Xu, Wen and Chen, He},
  year = {2015},
  month = dec,
  pages = {236--242},
  publisher = {IEEE},
  address = {Shenzhen, China},
  doi = {10.1109/MSN.2015.36},
  isbn = {978-1-5090-0329-7}
}

@article{yangFullscaleInformationDiffusion2023,
  title = {Full-Scale Information Diffusion Prediction with Reinforced Recurrent Networks},
  author = {Yang, Cheng and Wang, Hao and Tang, Jian and Shi, Chuan and Sun, Maosong and Cui, Ganqu and Liu, Zhiyuan},
  year = {2023},
  month = may,
  journal = {IEEE Transactions on Neural Networks and Learning Systems},
  volume = {34},
  number = {5},
  pages = {2271--2283},
  issn = {2162-237X, 2162-2388},
  doi = {10.1109/TNNLS.2021.3106156}
}

@article{yilmazMisinformationPropagationOnline2023,
  title = {Misinformation Propagation in Online Social Networks: Game Theoretic and Reinforcement Learning Approaches},
  shorttitle = {Misinformation Propagation in Online Social Networks},
  author = {Yilmaz, Tolga and Ulusoy, {\"O}zg{\"u}r},
  year = {2023},
  month = dec,
  journal = {IEEE Transactions on Computational Social Systems},
  volume = {10},
  number = {6},
  pages = {3321--3332},
  issn = {2329-924X, 2373-7476},
  doi = {10.1109/TCSS.2022.3208793}
}

@article{kempeMaximizingSpreadInfluence,
  title = {Maximizing the Spread of Influence through a Social Network},
  author = {Kempe, David and Kleinberg, Jon}
}

@article{schuetz2022combinatorial,
  title={Combinatorial optimization with physics-inspired graph neural networks},
  author={Schuetz, Martin JA and Brubaker, J Kyle and Katzgraber, Helmut G},
  journal={Nature Machine Intelligence},
  volume={4},
  number={4},
  pages={367--377},
  year={2022},
  publisher={Nature Publishing Group UK London}
}

@article{angelini2023modern,
  title={Modern graph neural networks do worse than classical greedy algorithms in solving combinatorial optimization problems like maximum independent set},
  author={Angelini, Maria Chiara and Ricci-Tersenghi, Federico},
  journal={Nature Machine Intelligence},
  volume={5},
  number={1},
  pages={29--31},
  year={2023},
  publisher={Nature Publishing Group UK London}
}

@article{wang2021deep,
  title={Deep reinforcement learning for transportation network combinatorial optimization: A survey},
  author={Wang, Qi and Tang, Chunlei},
  journal={Knowledge-Based Systems},
  volume={233},
  pages={107526},
  year={2021},
  publisher={Elsevier}
}

@article{gireesan2024deep,
  title={Deep Sensitivity Analysis for Objective-Oriented Combinatorial Optimization},
  author={Gireesan, Ganga and Pillai, Nisha and Rothrock, Michael J and Nanduri, Bindu and Chen, Zhiqian and Ramkumar, Mahalingam},
  journal={arXiv preprint arXiv:2403.00016},
  year={2024}
}

@inproceedings{lee2021mind,
  title={MIND dataset for diet planning and dietary healthcare with machine learning: dataset creation using combinatorial optimization and controllable generation with domain experts},
  author={Lee, Changhun and Kim, Soohyeok and Jeong, Sehwa and Lim, Chiehyeon and Kim, Jayun and Kim, Yeji and Jung, Minyoung},
  booktitle={Thirty-fifth Conference on Neural Information Processing Systems Datasets and Benchmarks Track (Round 2)},
  year={2021}
}

@article{cacchiani2009models,
  title={Models and algorithms for combinatorial optimization problems arising in railway applications},
  author={Cacchiani, Valentina},
  journal={4OR},
  volume={7},
  pages={109--112},
  year={2009},
  publisher={Springer}
}

@article{cao1999applying,
  title={Applying GIS and combinatorial optimization to fiber deployment plans},
  author={Cao, Buyang and Sun, Minghe and Macleod, Charles},
  journal={Journal of Heuristics},
  volume={5},
  pages={385--402},
  year={1999},
  publisher={Springer}
}

@article{yun2019graph,
  title={Graph transformer networks},
  author={Yun, Seongjun and Jeong, Minbyul and Kim, Raehyun and Kang, Jaewoo and Kim, Hyunwoo J},
  journal={Advances in Neural Information Processing Systems},
  volume={32},
  year={2019}
}

@article{watkins1992q,
  title={Q-learning},
  author={Watkins, Christopher JCH and Dayan, Peter},
  journal={Machine Learning},
  volume={8},
  pages={279--292},
  year={1992},
  publisher={Springer}
}

@article{velickovic2017graph,
  title={Graph attention networks},
  author={Velickovic, Petar and Cucurull, Guillem and Casanova, Arantxa and Romero, Adriana and Lio, Pietro and Bengio, Yoshua and others},
  journal={stat},
  volume={1050},
  number={20},
  pages={10--48550},
  year={2017}
}

@article{sutton1988learning,
  title={Learning to predict by the methods of temporal differences},
  author={Sutton, Richard S},
  journal={Machine Learning},
  volume={3},
  pages={9--44},
  year={1988},
  publisher={Springer}
}

@article{sutton1999between,
  title={Between MDPs and semi-MDPs: A framework for temporal abstraction in reinforcement learning},
  author={Sutton, Richard S and Precup, Doina and Singh, Satinder},
  journal={Artificial Intelligence},
  volume={112},
  number={1-2},
  pages={181--211},
  year={1999},
  publisher={Elsevier}
}

@article{dayan1992feudal,
  title={Feudal reinforcement learning},
  author={Dayan, Peter and Hinton, Geoffrey E},
  journal={Advances in Neural Information Processing Systems},
  volume={5},
  year={1992}
}

@article{nachum2018data,
  title={Data-efficient hierarchical reinforcement learning},
  author={Nachum, Ofir and Gu, Shixiang Shane and Lee, Honglak and Levine, Sergey},
  journal={Advances in Neural Information Processing Systems},
  volume={31},
  year={2018}
}

@inproceedings{bacon2017option,
  title={The option-critic architecture},
  author={Bacon, Pierre-Luc and Harb, Jean and Precup, Doina},
  booktitle={Proceedings of the AAAI conference on Artificial Intelligence},
  volume={31},
  year={2017}
}

@inproceedings{vezhnevets2017feudal,
  title={Feudal networks for hierarchical reinforcement learning},
  author={Vezhnevets, Alexander Sasha and Osindero, Simon and Schaul, Tom and Heess, Nicolas and Jaderberg, Max and Silver, David and Kavukcuoglu, Koray},
  booktitle={International Conference on Machine Learning},
  pages={3540--3549},
  year={2017},
  organization={PMLR}
}

@article{tong2016adaptive,
  title={Adaptive influence maximization in dynamic social networks},
  author={Tong, Guangmo and Wu, Weili and Tang, Shaojie and Du, Ding-Zhu},
  journal={IEEE/ACM Transactions on Networking},
  volume={25},
  number={1},
  pages={112--125},
  year={2016},
  publisher={IEEE}
}

@article{peng2019adaptive,
  title={Adaptive influence maximization with myopic feedback},
  author={Peng, Binghui and Chen, Wei},
  journal={Advances in Neural Information Processing Systems},
  volume={32},
  year={2019}
}

@article{liang2019deep,
  title={Deep-learning-based wireless resource allocation with application to vehicular networks},
  author={Liang, Le and Ye, Hao and Yu, Guanding and Li, Geoffrey Ye},
  journal={Proceedings of the IEEE},
  volume={108},
  number={2},
  pages={341--356},
  year={2019},
  publisher={IEEE}
}

@inproceedings{joe2020deep,
  title={Deep reinforcement learning approach to solve dynamic vehicle routing problem with stochastic customers},
  author={Joe, Waldy and Lau, Hoong Chuin},
  booktitle={Proceedings of the International Vonference on Automated Planning and Scheduling},
  volume={30},
  pages={394--402},
  year={2020}
}

@inproceedings{cappart2019improving,
  title={Improving optimization bounds using machine learning: Decision diagrams meet deep reinforcement learning},
  author={Cappart, Quentin and Goutierre, Emmanuel and Bergman, David and Rousseau, Louis-Martin},
  booktitle={Proceedings of the AAAI Conference on Artificial Intelligence},
  volume={33},
  pages={1443--1451},
  year={2019}
}

@article{emami2018learning,
	author = {Emami, Patrick and Ranka, S.},
	journal = {ArXiv},
	year = {2018},
	pages = {},
	publisher = {},
	title = {Learning {Permutations} with {Sinkhorn} {Policy} {Gradient}},
	volume = {abs/1805.07010},
}

@inproceedings{lu2019learning,
  title={A learning-based iterative method for solving vehicle routing problems},
  author={Lu, Hao and Zhang, Xingwen and Yang, Shuang},
  booktitle={International Conference on Learning Representations},
  year={2019}
}

@article{wu2021comprehensive,
	author = {Wu, Zonghan and Pan, Shirui and Chen, Fengwen and Long, Guodong and Zhang, Chengqi and Yu, Philip S.},
	journal = {IEEE Transactions on Neural Networks and Learning Systems},
	number = {1},
	year = {2021},
	pages = {4--24},
	publisher = {IEEE},
	title = {A {Comprehensive} {Survey} on {Graph} {Neural} {Networks}},
	volume = {32},
}
@article{zhou2020graph,
	author = {Zhou, Jie and Cui, Ganqu and Hu, Shengding and Zhang, Zhengyan and Yang, Cheng and Liu, Zhiyuan and Wang, Lifeng and Li, Changcheng and Sun, Maosong},
	journal = {AI Open},
	year = {2020},
	pages = {57--81},
	publisher = {Elsevier BV},
	title = {Graph neural networks: A review of methods and applications},
	volume = {1},
}
@article{scarselli2009graph,
	author = {Scarselli, F. and Gori, M. and Tsoi, Ah Chung and Hagenbuchner, M. and Monfardini, G.},
	journal = {IEEE Transactions on Neural Networks},
	number = {1},
	year = {2009},
	pages = {61--80},
	publisher = {IEEE},
	title = {The {Graph} {Neural} {Network} {Model}},
	volume = {20},
}

@article{mazyavkina2021reinforcement,
	author = {Mazyavkina, Nina and Sviridov, Sergey and Ivanov, Sergei and Burnaev, Evgeny},
	journal = {Computers \& Operations Research},
	year = {2021},
	pages = {105400},
	publisher = {},
	title = {Reinforcement learning for combinatorial optimization: A survey.},
	volume = {134},
}

@inproceedings{li2018deeper,
	author = {Li, Qimai and Han, Zhichao and Wu, Xiao-Ming},
	booktitle = {AAAI {Conference} on {Artificial} {Intelligence} ({AAAI})},
	year = {2018},
	pages = {3538--3545},
	organization = {},
	title = {Deeper {Insights} {Into} {Graph} {Convolutional} {Networks} for {Semi}-{Supervised} {Learning}.},
	volume = {},
}

@article{xu2018powerful,
  title={How powerful are graph neural networks?},
  author={Xu, Keyulu and Hu, Weihua and Leskovec, Jure and Jegelka, Stefanie},
  journal={arXiv preprint arXiv:1810.00826},
  year={2018}
}

@article{kulkarni2016hierarchical,
  title={Hierarchical deep reinforcement learning: Integrating temporal abstraction and intrinsic motivation},
  author={Kulkarni, Tejas D and Narasimhan, Karthik and Saeedi, Ardavan and Tenenbaum, Josh},
  journal={Advances in Neural Information Processing Systems},
  volume={29},
  year={2016}
}

@inproceedings{levy2018learning,
  title={Learning Multi-Level Hierarchies with Hindsight},
  author={Levy, Andrew and Konidaris, George and Platt, Robert and Saenko, Kate},
  booktitle={International Conference on Learning Representations},
  year={2018}
}

@article{andrychowicz2017hindsight,
  title={Hindsight experience replay},
  author={Andrychowicz, Marcin and Wolski, Filip and Ray, Alex and Schneider, Jonas and Fong, Rachel and Welinder, Peter and McGrew, Bob and Tobin, Josh and Pieter Abbeel, OpenAI and Zaremba, Wojciech},
  journal={Advances in Neural Information Processing Systems},
  volume={30},
  year={2017}
}

@inproceedings{yin2023accelerating,
	author = {Yin, Jiaqi and Yu, Cunxi},
	booktitle = {2023 {IEEE}/{ACM} {International} {Conference} on {Computer} {Aided} {Design} ({ICCAD})},
	year = {2023},
	pages = {},
	organization = {IEEE},
	title = {Accelerating {Exact} {Combinatorial} {Optimization} via {RL}-based {Initialization} - {A} {Case} {Study} in {Scheduling}},
	volume = {},
}

@article{khalil2017learning,
  title={Learning combinatorial optimization algorithms over graphs},
  author={Khalil, Elias and Dai, Hanjun and Zhang, Yuyu and Dilkina, Bistra and Song, Le},
  journal={Advances in Neural Information Processing Systems},
  volume={30},
  year={2017}
}

@article{nazari2018reinforcement,
  title={Reinforcement learning for solving the vehicle routing problem},
  author={Nazari, Mohammadreza and Oroojlooy, Afshin and Snyder, Lawrence and Tak{\'a}c, Martin},
  journal={Advances in Neural Information Processing Systems},
  volume={31},
  year={2018}
}

@inproceedings{deudon2018learning,
  title={Learning heuristics for the tsp by policy gradient},
  author={Deudon, Michel and Cournut, Pierre and Lacoste, Alexandre and Adulyasak, Yossiri and Rousseau, Louis-Martin},
  booktitle={Integration of Constraint Programming, Artificial Intelligence, and Operations Research: 15th International Conference, CPAIOR 2018, Delft, The Netherlands, June 26--29, 2018, Proceedings 15},
  pages={170--181},
  year={2018},
  organization={Springer}
}

@inproceedings{kool2018attention,
  title={Attention, Learn to Solve Routing Problems!},
  author={Kool, Wouter and van Hoof, Herke and Welling, Max},
  booktitle={International Conference on Learning Representations},
  year={2018}
}

@inproceedings{kipf2016semi,
  title={Semi-Supervised Classification with Graph Convolutional Networks},
  author={Kipf, Thomas N and Welling, Max},
  booktitle={International Conference on Learning Representations},
  year={2016}
}

@inproceedings{dai2016discriminative,
  title={Discriminative embeddings of latent variable models for structured data},
  author={Dai, Hanjun and Dai, Bo and Song, Le},
  booktitle={International Conference on Machine Learning},
  pages={2702--2711},
  year={2016},
  organization={PMLR}
}

@inproceedings{chen2021contingency,
  title={Contingency-aware influence maximization: A reinforcement learning approach},
  author={Chen, Haipeng and Qiu, Wei and Ou, Han-Ching and An, Bo and Tambe, Milind},
  booktitle={Uncertainty in Artificial Intelligence},
  pages={1535--1545},
  year={2021},
  organization={PMLR}
}

@article{tong2020time,
  title={Time-constrained adaptive influence maximization},
  author={Tong, Guangmo and Wang, Ruiqi and Dong, Zheng and Li, Xiang},
  journal={IEEE Transactions on Computational Social Systems},
  volume={8},
  number={1},
  pages={33--44},
  year={2020},
  publisher={IEEE}
}

@inproceedings{ou2021active,
  title={Active Screening for Recurrent Diseases: A Reinforcement Learning Approach},
  author={Ou, Han-Ching and Chen, Haipeng and Jabbari, Shahin and Tambe, Milind},
  booktitle={Proceedings of the 20th International Conference on Autonomous Agents and MultiAgent Systems},
  pages={992--1000},
  year={2021}
}

@article{chen2019learning,
  title={Learning to perform local rewriting for combinatorial optimization},
  author={Chen, Xinyun and Tian, Yuandong},
  journal={Advances in Neural Information Processing Systems},
  volume={32},
  year={2019}
}

@inproceedings{grover2016node2vec,
  title={node2vec: Scalable feature learning for networks},
  author={Grover, Aditya and Leskovec, Jure},
  booktitle={Proceedings of the 22nd ACM SIGKDD International Conference on Knowledge Discovery and Data Mining},
  pages={855--864},
  year={2016}
}

@inproceedings{perozzi2014deepwalk,
  title={Deepwalk: Online learning of social representations},
  author={Perozzi, Bryan and Al-Rfou, Rami and Skiena, Steven},
  booktitle={Proceedings of the 20th ACM SIGKDD International Conference on Knowledge Discovery and Data Mining},
  pages={701--710},
  year={2014}
}

@article{ying2019gnnexplainer,
  title={Gnnexplainer: Generating explanations for graph neural networks},
  author={Ying, Zhitao and Bourgeois, Dylan and You, Jiaxuan and Zitnik, Marinka and Leskovec, Jure},
  journal={Advances in Neural Information Processing Systems},
  volume={32},
  year={2019}
}

@article{hasselt2010double,
  title={Double Q-learning},
  author={Hasselt, Hado},
  journal={Advances in Neural Information Processing Systems},
  volume={23},
  year={2010}
}

@inproceedings{kempe2003maximizing,
  title={Maximizing the spread of influence through a social network},
  author={Kempe, David and Kleinberg, Jon and Tardos, {\'E}va},
  booktitle={Proceedings of the ninth ACM SIGKDD International Conference on Knowledge Discovery and Data Mining},
  pages={137--146},
  year={2003}
}

@inproceedings{oren2021solo,
  title={SOLO: search online, learn offline for combinatorial optimization problems},
  author={Oren, Joel and Ross, Chana and Lefarov, Maksym and Richter, Felix and Taitler, Ayal and Feldman, Zohar and Di Castro, Dotan and Daniel, Christian},
  booktitle={Proceedings of the International Symposium on Combinatorial Search},
  volume={12},
  pages={97--105},
  year={2021}
}

@article{jaakkola1993convergence,
  title={Convergence of stochastic iterative dynamic programming algorithms},
  author={Jaakkola, Tommi and Jordan, Michael and Singh, Satinder},
  journal={Advances in neural information processing systems},
  volume={6},
  year={1993}
}

@article{wen2020efficiency,
  title={On efficiency in hierarchical reinforcement learning},
  author={Wen, Zheng and Precup, Doina and Ibrahimi, Morteza and Barreto, Andre and Van Roy, Benjamin and Singh, Satinder},
  journal={Advances in Neural Information Processing Systems},
  volume={33},
  pages={6708--6718},
  year={2020}
}

@inproceedings{zhao2023online,
  title={Online learning in stackelberg games with an omniscient follower},
  author={Zhao, Geng and Zhu, Banghua and Jiao, Jiantao and Jordan, Michael},
  booktitle={International Conference on Machine Learning},
  pages={42304--42316},
  year={2023},
  organization={PMLR}
}