@inproceedings{hottung2021efficient,
  title={Efficient Active Search for Combinatorial Optimization Problems},
  author={Hottung, Andr{\'e} and Kwon, Yeong-Dae and Tierney, Kevin},
  booktitle={International Conference on Learning Representations},
  year={2021}
}

@article{kwon2020pomo,
  title={Pomo: Policy optimization with multiple optima for reinforcement learning},
  author={Kwon, Yeong-Dae and Choo, Jinho and Kim, Byoungjip and Yoon, Iljoo and Gwon, Youngjune and Min, Seungjai},
  journal={Advances in Neural Information Processing Systems},
  volume={33},
  pages={21188--21198},
  year={2020}
}

@inproceedings{wilder2021clinical,
  title={Clinical trial of an AI-augmented intervention for HIV prevention in youth experiencing homelessness},
  author={Wilder, Bryan and Onasch-Vera, Laura and Diguiseppi, Graham and Petering, Robin and Hill, Chyna and Yadav, Amulya and Rice, Eric and Tambe, Milind},
  booktitle={AAAI},
  pages={14948-14956},
  year={2021}
}


@inproceedings{ko2020monstor,
  title={MONSTOR: An Inductive Approach for Estimating and Maximizing Influence over Unseen Social Networks},
  author={Ko, Jihoon and Lee, Kyuhan and Shin, Kijung and Park, Noseong},
  booktitle={ASONAM},
  year={2020}
}


@inproceedings{qiu2019dynamic,
  title={Dynamic Electronic Toll Collection via Multi-Agent Deep Reinforcement Learning with Edge-Based Graph Convolutional Networks.},
  author={Qiu, Wei and Chen, Haipeng and An, Bo},
  booktitle={IJCAI},
  pages={4568--4574},
  year={2019}
}


@article{joshi2019efficient,
  title={An efficient graph convolutional network technique for the travelling salesman problem},
  author={Joshi, Chaitanya K and Laurent, Thomas and Bresson, Xavier},
  journal={arXiv preprint arXiv:1906.01227},
  year={2019}
}


@article{jackson,
  title={The diffusion of microfinance},
  author={Banerjee, A. and Chandrasekhar, A. G.\ and Duflo, E. and Jackson, M. O.\},
  journal={Science},
  volume={341},
  number={6144},
  pages={1236498},
  year={2013},
  publisher={American Association for the Advancement of Science}
}

@article{petering2021examining,
  title={Examining Impacts of a Peer-Based Mindfulness and Yoga Intervention to Reduce Interpersonal Violence Among Young Adults Experiencing Homelessness},
  author={Petering, Robin and Barr, Nicholas and Srivastava, Ajitesh and Onasch-Vera, Laura and Thompson, Nicole and Rice, Eric},
  journal={Journal of the Society for Social Work and Research},
  volume={12},
  number={1},
  pages={000--000},
  year={2021},
  publisher={The University of Chicago Press Chicago, IL}
}

@inproceedings{mao2019learning,
  title={Learning scheduling algorithms for data processing clusters},
  author={Mao, Hongzi and Schwarzkopf, Malte and Venkatakrishnan, Shaileshh Bojja and Meng, Zili and Alizadeh, Mohammad},
  booktitle={SIGCOMM},
  pages={270--288},
  year={2019}
}


@article{mehr2017artificial,
  title={Artificial intelligence for citizen services and government},
  author={Mehr, Hila and Ash, H and Fellow, D},
  journal={Ash Cent. Democr. Gov. Innov. Harvard Kennedy Sch., no. August},
  pages={1--12},
  year={2017}
}


@article{mikhaylov2018artificial,
  title={Artificial intelligence for the public sector: opportunities and challenges of cross-sector collaboration},
  author={Mikhaylov, Slava Jankin and Esteve, Marc and Campion, Averill},
  journal={Philosophical Transactions of the Royal Society A: Mathematical, Physical and Engineering Sciences},
  volume={376},
  number={2128},
  pages={20170357},
  year={2018},
  publisher={The Royal Society Publishing}
}


@article{guo2018application,
  title={The application of medical artificial intelligence technology in rural areas of developing countries},
  author={Guo, Jonathan and Li, Bin},
  journal={Health Equity},
  volume={2},
  number={1},
  pages={174--181},
  year={2018},
  publisher={Mary Ann Liebert, Inc. 140 Huguenot Street, 3rd Floor New Rochelle, NY 10801 USA}
}


@article{bouchelle2017preventative,
  title={Preventative health, diversity, and inclusion: A qualitative study of client experience aboard a mobile health clinic in Boston, Massachusetts},
  author={Bouchelle, Zoe and Rawlins, Yasmin and Hill, Caterina and Bennet, Jennifer and Perez, Leonor Xochitl and Oriol, Nancy},
  journal={International Journal for Equity in Health},
  volume={16},
  number={1},
  pages={1--10},
  year={2017},
  publisher={Springer}
}


@article{awasthi2020learning,
  title={Learning Explainable Interventions to Mitigate HIV Transmission in Sex Workers Across Five States in India},
  author={Awasthi, Raghav and Patel, Prachi and Joshi, Vineet and Karkal, Shama and Sethi, Tavpritesh},
  journal={arXiv preprint arXiv:2012.01930},
  year={2020}
}


@article{srivastava2019network,
  title={Network-based intervention strategies to reduce violence among homeless},
  author={Srivastava, Ajitesh and Petering, Robin and Barr, Nicholas and Kannan, Rajgopal and Rice, Eric and Prasanna, Viktor K},
  journal={Social Network Analysis and Mining},
  volume={9},
  number={1},
  pages={1--12},
  year={2019},
  publisher={Springer}
}


@inproceedings{rice2020using,
  title={Using artificial intelligence to augment network-based, HIV prevention for youth experiencing homelessness},
  author={Rice, Eric and Onasch-Vera, Laura and Diguiseppi, Graham and Hill, Chyna and Petering, Robin and Wilson, Nicole and Woo, Darlene and Thompson, Nicole and Tambe, Milind and Wilder, Bryan and others},
  booktitle={APHA's 2020 VIRTUAL Annual Meeting and Expo (Oct. 24-28)},
  year={2020},
  organization={American Public Health Association}
}



@article{onnela2007structure,
  title={Structure and tie strengths in mobile communication networks},
  author={Onnela, J-P and Saram{\"a}ki, Jari and Hyv{\"o}nen, Jorkki and Szab{\'o}, Gy{\"o}rgy and Lazer, David and Kaski, Kimmo and Kert{\'e}sz, J{\'a}nos and Barab{\'a}si, A-L},
  journal={Proceedings of the National Academy of Sciences},
  volume={104},
  number={18},
  pages={7332--7336},
  year={2007},
  publisher={National Acad Sciences}
}


@inproceedings{kingma2015adam,
  title={Adam: A Method for Stochastic Optimization},
  author={Kingma, Diederik P and Ba, Jimmy},
  booktitle={ICLR},
  year={2015}
}



@article{goldenberg2001talk,
  title={Talk of the network: A complex systems look at the underlying process of word-of-mouth},
  author={Goldenberg, Jacob and Libai, Barak and Muller, Eitan},
  journal={Marketing Letters},
  volume={12},
  number={3},
  pages={211--223},
  year={2001},
  publisher={Springer}
}


@article{hoffmann2018cost,
  title={The Cost of Uncertainty in Curing Epidemics},
  author={Hoffmann, Jessica and Caramanis, Constantine},
  journal={POMACS},
  volume={2},
  number={2},
  pages={1--33},
  year={2018},
  publisher={ACM New York, NY, USA}
}


@article{drakopoulos2014efficient,
  title={An efficient curing policy for epidemics on graphs},
  author={Drakopoulos, Kimon and Ozdaglar, Asuman and Tsitsiklis, John N},
  journal={IEEE Transactions on Network Science and Engineering},
  volume={1},
  number={2},
  pages={67--75},
  year={2014},
  publisher={IEEE}
}


@article{drakopoulos2017network,
  title={When is a network epidemic hard to eliminate?},
  author={Drakopoulos, Kimon and Ozdaglar, Asuman and Tsitsiklis, John N},
  journal={Mathematics of Operations Research},
  volume={42},
  number={1},
  pages={1--14},
  year={2017},
  publisher={INFORMS}
}


@article{williams1992simple,
  title={Simple statistical gradient-following algorithms for connectionist reinforcement learning},
  author={Williams, Ronald J},
  journal={Machine Learning},
  volume={8},
  number={3-4},
  pages={229--256},
  year={1992},
  publisher={Springer}
}


@inproceedings{domingos2001mining,
  title={Mining the network value of customers},
  author={Domingos, Pedro and Richardson, Matt},
  booktitle={KDD},
  pages={57--66},
  year={2001}
}


@inproceedings{balcan2018learning,
  title={Learning to branch},
  author={Balcan, Maria-Florina and Dick, Travis and Sandholm, Tuomas and Vitercik, Ellen},
  booktitle={ICML},
  pages={344--353},
  year={2018},
  organization={PMLR}
}

@MISC{watkins1989learning,
  title={Learning from Delayed Rewards},
  author={Watkins, Christopher John Cornish Hellaby},
  year={1989},
  publisher={King's College, Cambridge}
}



@article{mnih2013playing,
  title={Playing atari with deep reinforcement learning},
  author={Mnih, Volodymyr and Kavukcuoglu, Koray and Silver, David and Graves, Alex and Antonoglou, Ioannis and Wierstra, Daan and Riedmiller, Martin},
  journal={arXiv preprint arXiv:1312.5602},
  year={2013}
}

@inproceedings{leskovec2007cost,
  title={Cost-effective outbreak detection in networks},
  author={Leskovec, Jure and Krause, Andreas and Guestrin, Carlos and Faloutsos, Christos and VanBriesen, Jeanne and Glance, Natalie},
  booktitle={KDD},
  pages={420--429},
  year={2007}
}


@inproceedings{borgs2014maximizing,
  title={Maximizing social influence in nearly optimal time},
  author={Borgs, Christian and Brautbar, Michael and Chayes, Jennifer and Lucier, Brendan},
  booktitle={SODA},
  pages={946--957},
  year={2014}
}

@inproceedings{yadav2020optimal,
  title={Optimal and Non-Discriminative Rehabilitation Program Design for Opioid Addiction Among Homeless Youth},
  author={Yadav, Amulya and Singh, Roopali and Siapoutis, Nikolas and Barman-Adhikari, Anamika and Liang, Yu},
  booktitle={29th International Joint Conference on Artificial Intelligence, IJCAI 2020},
  pages={4389--4395},
  year={2020},
  organization={International Joint Conferences on Artificial Intelligence}
}


@inproceedings{yadav2018please,
  title={Please be an Influencer? Contingency-Aware Influence Maximization},
  author={Yadav, Amulya and Noothigattu, Ritesh and Rice, Eric and Onasch-Vera, Laura and Soriano Marcolino, Leandro and Tambe, Milind},
  booktitle={AAMAS},
  pages={1423--1431},   
  year={2018}
}


@inproceedings{wilder2018end,
  title={End-to-End Influence Maximization in the Field.},
  author={Wilder, Bryan and Onasch-Vera, Laura and Hudson, Juliana and Luna, Jose and Wilson, Nicole and Petering, Robin and Woo, Darlene and Tambe, Milind and Rice, Eric},
  booktitle={AAMAS},
  volume={18},
  pages={1414--1422},
  year={2018}
}


@inproceedings{yadav2018bridging,
  title={Bridging the Gap Between Theory and Practice in Influence Maximization: Raising Awareness about HIV among Homeless Youth.},
  author={Yadav, Amulya and Wilder, Bryan and Rice, Eric and Petering, Robin and Craddock, Jaih and Yoshioka-Maxwell, Amanda and Hemler, Mary and Onasch-Vera, Laura and Tambe, Milind and Woo, Darlene},
  booktitle={IJCAI},
  pages={5399--5403},
  year={2018}
}


@inproceedings{wilder2018maximizing,
  title={Maximizing influence in an unknown social network},
  author={Wilder, Bryan and Immorlica, Nicole and Rice, Eric and Tambe, Milind},
  booktitle={Proceedings of the AAAI Conference on Artificial Intelligence},
  volume={32},
  year={2018}
}


@inproceedings{yadav2017influence,
  title={Influence maximization in the field: The arduous journey from emerging to deployed application},
  author={Yadav, Amulya and Wilder, Bryan and Rice, Eric and Petering, Robin and Craddock, Jaih and Yoshioka-Maxwell, Amanda and Hemler, Mary and Onasch-Vera, Laura and Tambe, Milind and Woo, Darlene},
  booktitle={Proceedings of the 16th Conference on Autonomous Agents and Multiagent Systems},
  pages={150--158},
  year={2017}
}


@inproceedings{wilder2017uncharted,
  title={Uncharted but not Uninfluenced: Influence Maximization with an Uncertain Network.},
  author={Wilder, Bryan and Yadav, Amulya and Immorlica, Nicole and Rice, Eric and Tambe, Milind},
  booktitle={AAMAS},
  volume={17},
  pages={1305--1313},
  year={2017}
}


@inproceedings{yadav2016using,
  title={Using Social Networks to Aid Homeless Shelters: Dynamic Influence Maximization under Uncertainty.},
  author={Yadav, Amulya and Chan, Hau and Jiang, Albert Xin and Xu, Haifeng and Rice, Eric and Tambe, Milind},
  booktitle={AAMAS},
  pages={740--748},
  year={2016}
}


@article{guo2020adaptive,
  title={Adaptive Influence Maximization: If Influential Node Unwilling to Be the Seed},
  author={Guo, Jianxiong and Wu, Weili},
  journal={arXiv preprint arXiv:2005.08060},
  year={2020}
}


@article{huang2020efficient,
  title={Efficient approximation algorithms for adaptive influence maximization},
  author={Huang, Keke and Tang, Jing and Han, Kai and Xiao, Xiaokui and Chen, Wei and Sun, Aixin and Tang, Xueyan and Lim, Andrew},
  journal={The VLDB Journal},
  pages={1--22},
  year={2020},
  publisher={Springer}
}


@inproceedings{tang2015influence,
  title={Influence maximization in near-linear time: A martingale approach},
  author={Tang, Youze and Shi, Yanchen and Xiao, Xiaokui},
  booktitle={SIGMOD},
  pages={1539--1554},
  year={2015}
}


@inproceedings{sun2018multi,
  title={Multi-round influence maximization},
  author={Sun, Lichao and Huang, Weiran and Yu, Philip S and Chen, Wei},
  booktitle={KDD},
  pages={2249--2258},
  year={2018}
}


@article{tong2020adaptive,
  title={On Adaptive Influence Maximization under General Feedback Models},
  author={Tong, Guangmo and Wang, Ruiqi},
  journal={IEEE Transactions on Emerging Topics in Computing},
  year={2020},
  publisher={IEEE}
}


@article{golovin2011adaptive,
  title={Adaptive submodularity: Theory and applications in active learning and stochastic optimization},
  author={Golovin, Daniel and Krause, Andreas},
  journal={Journal of Artificial Intelligence Research},
  volume={42},
  pages={427--486},
  year={2011}
}


@article{han2018efficient,
  title={Efficient algorithms for adaptive influence maximization},
  author={Han, Kai and Huang, Keke and Xiao, Xiaokui and Tang, Jing and Sun, Aixin and Tang, Xueyan},
  journal={VLDB},
  volume={11},
  number={9},
  pages={1029--1040},
  year={2018}
}


@article{manchanda2020gcomb,
  title={GCOMB: Learning Budget-constrained Combinatorial Algorithms over Billion-sized Graphs},
  author={Manchanda, Sahil and Mittal, Akash and Dhawan, Anuj and Medya, Sourav and Ranu, Sayan and Singh, Ambuj},
  journal={NeurIPS},
  volume={33},
  year={2020}
}


@inproceedings{li2018combinatorial,
  title={Combinatorial optimization with graph convolutional networks and guided tree search},
  author={Li, Zhuwen and Chen, Qifeng and Koltun, Vladlen},
  booktitle={NeurIPS},
  pages={539--548},
  year={2018}
}



@article{li2019disco,
  title={DISCO: Influence Maximization Meets Network Embedding and Deep Learning},
  author={Li, Hui and Xu, Mengting and Bhowmick, Sourav S and Sun, Changsheng and Jiang, Zhongyuan and Cui, Jiangtao},
  journal={arXiv preprint arXiv:1906.07378},
  year={2019}
}


@article{ali2018novel,
  title={A novel nested q-learning method to tackle time-constrained competitive influence maximization},
  author={Ali, Khurshed and Wang, Chih-Yu and Chen, Yi-Shin},
  journal={IEEE Access},
  volume={7},
  pages={6337--6352},
  year={2018},
  publisher={IEEE}
}



@inproceedings{ali2018boosting,
  title={Boosting reinforcement learning in competitive influence maximization with transfer learning},
  author={Ali, Khurshed and Wang, Chih-Yu and Chen, Yi-Shin},
  booktitle={WI},
  pages={395--400},
  year={2018}
}


@inproceedings{lin2015learning,
  title={A learning-based framework to handle multi-round multi-party influence maximization on social networks},
  author={Lin, Su-Chen and Lin, Shou-De and Chen, Ming-Syan},
  booktitle={KDD},
  pages={695--704},
  year={2015}
}


@article{tian2020deep,
  title={Deep reinforcement learning-based approach to tackle topic-aware influence maximization},
  author={Tian, Shan and Mo, Songsong and Wang, Liwei and Peng, Zhiyong},
  journal={Data Science and Engineering},
  pages={1--11},
  year={2020},
  publisher={Springer}
}



@inproceedings{schoenebeck2017beyond,
  title={Beyond Worst-Case (In) approximability of Nonsubmodular Influence Maximization},
  author={Schoenebeck, Grant and Tao, Biaoshuai},
  booktitle={International Conference on Web and Internet Economics},
  pages={368--382},
  year={2017},
  organization={Springer}
}


@article{centola2010spread,
  title={The spread of behavior in an online social network experiment},
  author={Centola, Damon},
  journal={science},
  volume={329},
  number={5996},
  pages={1194--1197},
  year={2010},
  publisher={American Association for the Advancement of Science}
}


@inproceedings{singer2018optimization,
  title={Optimization for approximate submodularity},
  author={Singer, Yaron and Hassidim, Avinatan},
  booktitle={NeurIPS},
  pages={396--407},
  year={2018}
}


@article{schoenebeck2020think,
  title={Think globally, act locally: On the optimal seeding for nonsubmodular influence maximization},
  author={Schoenebeck, Grant and Tao, Biaoshuai and Yu, Fang-Yi},
  journal={arXiv preprint arXiv:2003.10393},
  year={2020}
}



@article{schoenebeck2019beyond,
  title={Beyond worst-case (in) approximability of nonsubmodular influence maximization},
  author={Schoenebeck, Grant and Tao, Biaoshuai},
  journal={ACM Transactions on Computation Theory (TOCT)},
  volume={11},
  number={3},
  pages={1--56},
  year={2019},
  publisher={ACM New York, NY, USA}
}


@article{ye2020distributed,
  title={Distributed Maximization of Submodular and Approximately Submodular Functions},
  author={Ye, Lintao and Sundaram, Shreyas},
  journal={arXiv preprint arXiv:2009.12992},
  year={2020}
}


@article{jagalur2020batch,
  title={Batch greedy maximization of non-submodular functions: Guarantees and applications to experimental design},
  author={Jagalur-Mohan, Jayanth and Marzouk, Youssef},
  journal={arXiv preprint arXiv:2006.04554},
  year={2020}
}


@inproceedings{elhamifar2019sequential,
  title={Sequential facility location: Approximate submodularity and greedy algorithm},
  author={Elhamifar, Ehsan},
  booktitle={ICML},
  pages={1784--1793},
  year={2019}
}


@inproceedings{kuhnle2018fast,
  title={Fast Maximization of Non-Submodular, Monotonic Functions on the Integer Lattice},
  author={Kuhnle, Alan and Smith, J David and Crawford, Victoria and Thai, My},
  booktitle={ICML},
  pages={2786--2795},
  year={2018}
}


@inproceedings{chen2018weakly,
  title={Weakly submodular maximization beyond cardinality constraints: Does randomization help greedy?},
  author={Chen, Lin and Feldman, Moran and Karbasi, Amin},
  booktitle={ICML},
  pages={804--813},
  year={2018},
  organization={PMLR}
}


@inproceedings{bogunovic2018robust,
  title={Robust Maximization of Non-Submodular Objectives},
  author={Bogunovic, Ilija and Zhao, Junyao and Cevher, Volkan},
  booktitle={International Conference on Artificial Intelligence and Statistics (AISTATS)},
  year={2018}
}


@inproceedings{kawahara2015approximate,
  title={On approximate non-submodular minimization via tree-structured supermodularity},
  author={Kawahara, Yoshinobu and Iyer, Rishabh and Bilmes, Jeffrey},
  booktitle={Artificial Intelligence and Statistics},
  pages={444--452},
  year={2015}
}


@inproceedings{bian2017guarantees,
  title={Guarantees for Greedy maximization of non-submodular functions with applications},
  author={Bian, Andrew An and Buhmann, Joachim M and Krause, Andreas and Tschiatschek, Sebastian},
  booktitle={ICML},
  pages={498--507},
  year={2017}
}


@inproceedings{du2008analysis,
  title={Analysis of greedy approximations with nonsubmodular potential functions.},
  author={Du, Ding-Zhu and Graham, Ronald L and Pardalos, Panos M and Wan, Peng-Jun and Wu, Weili and Zhao, Wenbo},
  booktitle={SODA},
  volume={8},
  pages={167--175},
  year={2008},
  organization={Citeseer}
}


@article{li2017influence,
  title={Influence maximization with $varepsilon$-almost submodular threshold functions},
  author={Li, Qiang and Chen, Wei and Sun, Xiaoming and Zhang, Jialin},
  journal={NeurIPS},
  volume={30},
  pages={3801--3811},
  year={2017}
}


@inproceedings{yang2016social,
  title={Social Role-Aware Emotion Contagion in Image Social Networks.},
  author={Yang, Yang and Jia, Jia and Wu, Boya and Tang, Jie},
  booktitle={AAAI},
  pages={65--71},
  year={2016}
}


@inproceedings{backstrom2006group,
  title={Group formation in large social networks: membership, growth, and evolution},
  author={Backstrom, Lars and Huttenlocher, Dan and Kleinberg, Jon and Lan, Xiangyang},
  booktitle={KDD},
  pages={44--54},
  year={2006}
}


@inproceedings{mossel2007submodularity,
  title={On the submodularity of influence in social networks},
  author={Mossel, Elchanan and Roch, Sebastien},
  booktitle={Proceedings of the thirty-ninth annual ACM symposium on Theory of computing},
  pages={128--134},
  year={2007}
}


@article{nemhauser1978analysis,
  title={An analysis of approximations for maximizing submodular set functions—I},
  author={Nemhauser, George L and Wolsey, Laurence A and Fisher, Marshall L},
  journal={Mathematical programming},
  volume={14},
  number={1},
  pages={265--294},
  year={1978},
  publisher={Springer}
}


@inproceedings{horel2016maximization,
  title={Maximization of approximately submodular functions},
  author={Horel, Thibaut and Singer, Yaron},
  booktitle={NeurIPS},
  pages={3045--3053},
  year={2016}
}



@article{leskovec2007dynamics,
  title={The dynamics of viral marketing},
  author={Leskovec, Jure and Adamic, Lada A and Huberman, Bernardo A},
  journal={ACM Transactions on the Web (TWEB)},
  volume={1},
  number={1},
  pages={5--es},
  year={2007},
  publisher={ACM New York, NY, USA}
}


@inproceedings{romero2011differences,
  title={Differences in the mechanics of information diffusion across topics: idioms, political hashtags, and complex contagion on twitter},
  author={Romero, Daniel M and Meeder, Brendan and Kleinberg, Jon},
  booktitle={Proceedings of the 20th international conference on World wide web},
  pages={695--704},
  year={2011}
}


@inproceedings{angell2017don,
  title={Don’t be greedy: Leveraging community structure to find high quality seed sets for influence maximization},
  author={Angell, Rico and Schoenebeck, Grant},
  booktitle={International Conference on Web and Internet Economics},
  pages={16--29},
  year={2017},
  organization={Springer}
}


@article{young2020modeling,
  title={Modeling the dynamism of HIV information diffusion in multiplex networks of homeless youth},
  author={Young, Lindsay E and Mayaud, Jerome and Suen, Sze-Chuan and Tambe, Milind and Rice, Eric},
  journal={Social Networks},
  volume={63},
  pages={112--121},
  year={2020},
  publisher={Elsevier}
}


@inproceedings{hu2018activating,
  title={Activating the: Modeling Influence Spread in Natural-World Social Networks},
  author={Hu, Lily and Wilder, Bryan and Yadav, Amulya and Rice, Eric and Tambe, Milind},
  booktitle={AAMAS},
  pages={1631--1639},
  year={2018}
}


@article{xu2020inductive,
  title={Inductive Representation Learning on Temporal Graphs},
  author={Xu, Da and Ruan, Chuanwei and Korpeoglu, Evren and Kumar, Sushant and Achan, Kannan},
  journal={arXiv preprint arXiv:2002.07962},
  year={2020}
}


@article{trivedi2018representation,
  title={Representation learning over dynamic graphs},
  author={Trivedi, Rakshit and Farajtabar, Mehrdad and Biswal, Prasenjeet and Zha, Hongyuan},
  journal={arXiv preprint arXiv:1803.04051},
  year={2018}
}


@inproceedings{han2020graph,
  title={Graph Hawkes Neural Network for Forecasting on Temporal Knowledge Graphs},
  author={Han, Zhen and Ma, Yunpu and Wang, Yuyi and G{\"u}nnemann, Stephan and Tresp, Volker},
  booktitle={AKBC},
  year={2020}
}


@article{garcia2018learning,
  title={Learning sequence encoders for temporal knowledge graph completion},
  author={Garc{\'\i}a-Dur{\'a}n, Alberto and Duman{\v{c}}i{\'c}, Sebastijan and Niepert, Mathias},
  journal={arXiv preprint arXiv:1809.03202},
  year={2018}
}


@article{sankar2018dynamic,
  title={Dynamic graph representation learning via self-attention networks},
  author={Sankar, Aravind and Wu, Yanhong and Gou, Liang and Zhang, Wei and Yang, Hao},
  journal={arXiv preprint arXiv:1812.09430},
  year={2018}
}

@article{gao2019edge2vec,
  title={edge2vec: Representation learning using edge semantics for biomedical knowledge discovery},
  author={Gao, Zheng and Fu, Gang and Ouyang, Chunping and Tsutsui, Satoshi and Liu, Xiaozhong and Yang, Jeremy and Gessner, Christopher and Foote, Brian and Wild, David and Ding, Ying and others},
  journal={BMC bioinformatics},
  volume={20},
  number={1},
  pages={306},
  year={2019},
  publisher={BioMed Central}
}


@article{rahmattalabi2019social,
  title={Social network based substance abuse prevention via network modification (a preliminary study)},
  author={Rahmattalabi, Aida and Adhikari, Anamika Barman and Vayanos, Phebe and Tambe, Milind and Rice, Eric and Baker, Robin},
  journal={arXiv preprint arXiv:1902.00171},
  year={2019}
}


@article{rossi2020temporal,
  title={Temporal Graph Networks for Deep Learning on Dynamic Graphs},
  author={Rossi, Emanuele and Chamberlain, Ben and Frasca, Fabrizio and Eynard, Davide and Monti, Federico and Bronstein, Michael},
  journal={arXiv preprint arXiv:2006.10637},
  year={2020}
}



@book{jackson2010social,
  title={Social and economic networks},
  author={Jackson, Matthew O},
  year={2010},
  publisher={Princeton university press}
}


@article{degroot1974reaching,
  title={Reaching a consensus},
  author={DeGroot, Morris H},
  journal={Journal of the American Statistical Association},
  volume={69},
  number={345},
  pages={118--121},
  year={1974},
  publisher={Taylor \&amp; Francis Group}
}


@inproceedings{ou2020,
  title={Who and When to Screen: Multi-Round Active Screening for Network Recurrent Infectious Diseases Under Uncertainty},
  author={Ou, Han-Ching and Sinha, Arunesh and Suen, Sze-Chuan and Perrault, Andrew and Raval, Alpan and Tambe, Milind},
  booktitle={AAMAS},
  pages={992--1000},
  year={2020}
}

@inproceedings{wilder2018optimizing,
  title={Optimizing Network Structure for Preventative Health.},
  author={Wilder, Bryan and Ou, Han-Ching and de la Haye, Kayla and Tambe, Milind},
  booktitle={AAMAS},
  pages={841--849},
  year={2018}
}


@inproceedings{wilder2019end,
  title={End to end learning and optimization on graphs},
  author={Wilder, Bryan and Ewing, Eric and Dilkina, Bistra and Tambe, Milind},
  booktitle={NeurIPS},
  pages={4672--4683},
  year={2019}
}

@article{wang2020automatically,
  title={Automatically Learning Compact Quality-aware Surrogates for Optimization Problems},
  author={Wang, Kai and Wilder, Bryan and Perrault, Andrew and Tambe, Milind},
  journal={arXiv preprint arXiv:2006.10815},
  year={2020}
}

@inproceedings{kamarthi2020influence,
  title={Influence Maximization in Unknown Social Networks: Learning Policies for Effective Graph Sampling.},
  author={Kamarthi, Harshavardhan and Vijayan, Priyesh and Wilder, Bryan and Ravindran, Balaraman and Tambe, Milind},
  booktitle={AAMAS},
  pages={575--583},
  year={2020}
}


@article{bengio2020machine,
  title={Machine learning for combinatorial optimization: A methodological tour d’horizon},
  author={Bengio, Yoshua and Lodi, Andrea and Prouvost, Antoine},
  journal={European Journal of Operational Research},
  year={2020},
  publisher={Elsevier}
}

@inproceedings{vinyals2015pointer,
  title={Pointer networks},
  author={Vinyals, Oriol and Fortunato, Meire and Jaitly, Navdeep},
  booktitle={NeurIPS},
  pages={2692--2700},
  year={2015}
}


@article{graves2016hybrid,
  title={Hybrid computing using a neural network with dynamic external memory},
  author={Graves, Alex and Wayne, Greg and Reynolds, Malcolm and Harley, Tim and Danihelka, Ivo and Grabska-Barwi{\'n}ska, Agnieszka and Colmenarejo, Sergio G{\'o}mez and Grefenstette, Edward and Ramalho, Tiago and Agapiou, John and others},
  journal={Nature},
  volume={538},
  number={7626},
  pages={471--476},
  year={2016},
  publisher={Nature Publishing Group}
}


@article{bello2016neural,
  title={Neural combinatorial optimization with reinforcement learning},
  author={Bello, Irwan and Pham, Hieu and Le, Quoc V and Norouzi, Mohammad and Bengio, Samy},
  journal={arXiv preprint arXiv:1611.09940},
  year={2016}
}


@ARTICLE{1055832,
  author={Lazo, A.V. and Rathie, P.},
  journal={IEEE Transactions on Information Theory}, 
  title={On the entropy of continuous probability distributions (Corresp.)}, 
  year={1978}}


@article{ahmed1989entropy,
  title={Entropy expressions and their estimators for multivariate distributions},
  author={Ahmed, Nabil Ali and Gokhale, DV},
  journal={IEEE Transactions on Information Theory},
  year={1989}
}

@article{haarnoja2018soft1,
  title={Soft actor-critic algorithms and applications},
  author={Haarnoja, Tuomas and Zhou, Aurick and Hartikainen, Kristian and Tucker, George and Ha, Sehoon and Tan, Jie and Kumar, Vikash and Zhu, Henry and Gupta, Abhishek and Abbeel, Pieter and others},
  journal={arXiv preprint arXiv:1812.05905},
  year={2018}
}
@ARTICLE{6773024,
  author={Shannon, C. E.},
  journal={The Bell System Technical Journal}, 
  title={A mathematical theory of communication}, 
  year={1948}}



@article{brockman2016openai,
  title={Openai {G}ym},
  author={Brockman, Greg and Cheung, Vicki and Pettersson, Ludwig and Schneider, Jonas and Schulman, John and Tang, Jie and Zaremba, Wojciech},
  journal={arXiv preprint arXiv:1606.01540},
  year={2016}
}

@inproceedings{fujimoto2018addressing,
  title={Addressing function approximation error in actor-critic methods},
  author={Fujimoto, Scott and Hoof, Herke and Meger, David},
  booktitle={ICML},
  year={2018}
}



@article{kappen2005path,
  title={Path integrals and symmetry breaking for optimal control theory},
  author={Kappen, Hilbert J},
  journal={JSTAT},
  year={2005},
  publisher={IOP Publishing}
}

@inproceedings{haarnoja2017reinforcement,
  title={Reinforcement learning with deep energy-based policies},
  author={Haarnoja, Tuomas and Tang, Haoran and Abbeel, Pieter and Levine, Sergey},
  booktitle={ICML},
  year={2017}
}

@article{zhou2023single,
  title={Single timescale actor-critic method to solve the linear quadratic regulator with convergence guarantees},
  author={Zhou, Mo and Lu, Jianfeng},
  journal={JMLR},
  year={2023}
}

@article{lazaric2007reinforcement,
  title={Reinforcement learning in continuous action spaces through sequential monte carlo methods},
  author={Lazaric, Alessandro and Restelli, Marcello and Bonarini, Andrea},
  journal={NeurIPS},
  year={2007}
}

@inproceedings{rezende2015variational,
  title={Variational inference with normalizing flows},
  author={Rezende, Danilo and Mohamed, Shakir},
  booktitle={ICML},
  year={2015},
  organization={PMLR}
}


@inproceedings{mazoure2020leveraging,
  title={Leveraging exploration in off-policy algorithms via normalizing flows},
  author={Mazoure, Bogdan and Doan, Thang and Durand, Audrey and Pineau, Joelle and Hjelm, R Devon},
  booktitle={CoRL},
  year={2020}
}


@inproceedings{lee2018deep,
  title={Deep reinforcement learning in continuous action spaces: a case study in the game of simulated curling},
  author={Lee, Kyowoon and Kim, Sol-A and Choi, Jaesik and Lee, Seong-Whan},
  booktitle={ICML},
  year={2018}
}

@article{kingma2016improved,
  title={Improved variational inference with inverse autoregressive flow},
  author={Kingma, Durk P and Salimans, Tim and Jozefowicz, Rafal and Chen, Xi and Sutskever, Ilya and Welling, Max},
  journal={NeurIPS},
  year={2016}
}


@article{van1992estimating,
  title={Estimating functionals related to a density by a class of statistics based on spacings},
  author={Van Es, Bert},
  journal={Scandinavian Journal of Statistics},
  year={1992},
  publisher={JSTOR}
}

@article{ebrahimi1994two,
  title={Two measures of sample entropy},
  author={Ebrahimi, Nader and Pflughoeft, Kurt and Soofi, Ehsan S},
  journal={Statistics \& Probability Letters},
  year={1994}
}



@article{vasicek1976test,
  title={A test for normality based on sample entropy},
  author={Vasicek, Oldrich},
  journal={Journal of the Royal Statistical Society: Series B (Methodological)},
  year={1976},
  publisher={Wiley Online Library}
}


@inproceedings{gu2017q,
  title={Q-Prop: Sample-Efficient Policy Gradient with An Off-Policy Critic},
  author={Gu, Shixiang and Lillicrap, Timothy and Ghahramani, Zoubin and Turner, Richard E and Levine, Sergey},
  booktitle={ICLR},
  year={2017},
}

@inproceedings{schulman2015trust,
  title={Trust region policy optimization},
  author={Schulman, John and Levine, Sergey and Abbeel, Pieter and Jordan, Michael and Moritz, Philipp},
  booktitle={ICML},
  year={2015}
}



@article{chen2018unified,
  title={A unified particle-optimization framework for scalable Bayesian sampling},
  author={Chen, Changyou and Zhang, Ruiyi and Wang, Wenlin and Li, Bai and Chen, Liqun},
  journal={arXiv preprint arXiv:1805.11659},
  year={2018}
}

@inproceedings{liu2019understanding,
  title={Understanding and accelerating particle-based variational inference},
  author={Liu, Chang and Zhuo, Jingwei and Cheng, Pengyu and Zhang, Ruiyi and Zhu, Jun},
  booktitle={ICML},
  year={2019}
}


@inproceedings{zhang2020stochastic,
  title={Stochastic particle-optimization sampling and the non-asymptotic convergence theory},
  author={Zhang, Jianyi and Zhang, Ruiyi and Carin, Lawrence and Chen, Changyou},
  booktitle={AIStat},
  year={2020}
}


@inproceedings{zhuo2018message,
  title={Message passing Stein variational gradient descent},
  author={Zhuo, Jingwei and Liu, Chang and Shi, Jiaxin and Zhu, Jun and Chen, Ning and Zhang, Bo},
  booktitle={ICML},
  year={2018}
}

@inproceedings{tieleman2008training,
  title={Training restricted Boltzmann machines using approximations to the likelihood gradient},
  author={Tieleman, Tijmen},
  booktitle={ICML},
  year={2008}
}

@inproceedings{salakhutdinov2010efficient,
  title={Efficient learning of deep Boltzmann machines},
  author={Salakhutdinov, Ruslan and Larochelle, Hugo},
  booktitle={{AISTAT}},
  year={2010}
}

@article{hinton2002training,
  title={Training products of experts by minimizing contrastive divergence},
  author={Hinton, Geoffrey E},
  journal={Neural Computation},
  year={2002}
}

@article{sallans2004reinforcement,
  title={Reinforcement learning with factored states and actions},
  author={Sallans, Brian and Hinton, Geoffrey E},
  journal={JMLR},
  year={2004}
}

@inproceedings{zhao2017energy,
  title={Energy-based generative adversarial networks},
  author={Zhao, Junbo and Mathieu, Michael and LeCun, Yann},
  booktitle={ICLR},
  year={2017}
}

@article{hinton2006unsupervised,
  title={Unsupervised discovery of nonlinear structure using contrastive backpropagation},
  author={Hinton, Geoffrey and Osindero, Simon and Welling, Max and Teh, Yee-Whye},
  journal={Cognitive science},
  year={2006},
  publisher={Wiley Online Library}
}

@article{lecun2006tutorial,
  title={A tutorial on energy-based learning},
  author={LeCun, Yann and Chopra, Sumit and Hadsell, Raia and Ranzato, M and Huang, Fujie},
  journal={Predicting Structured Data},
  year={2006}
}

@inproceedings{welling2011bayesian,
  title={Bayesian learning via stochastic gradient Langevin dynamics},
  author={Welling, Max and Teh, Yee W},
  booktitle={ICML},
  year={2011}
}

@article{schulman2017proximal,
  title={Proximal policy optimization algorithms},
  author={Schulman, John and Wolski, Filip and Dhariwal, Prafulla and Radford, Alec and Klimov, Oleg},
  journal={arXiv preprint arXiv:1707.06347},
  year={2017}
}

@article{o2016combining,
  title={Combining policy gradient and Q-learning},
  author={O'Donoghue, Brendan and Munos, Remi and Kavukcuoglu, Koray and Mnih, Volodymyr},
  journal={arXiv preprint arXiv:1611.01626},
  year={2016}
}

@article{mnih2015human,
  title={Human-level control through deep reinforcement learning},
  author={Mnih, Volodymyr and Kavukcuoglu, Koray and Silver, David and Rusu, Andrei A and Veness, Joel and Bellemare, Marc G and Graves, Alex and Riedmiller, Martin and Fidjeland, Andreas K and Ostrovski, Georg and others},
  journal={Nature},
  year={2015}
}

@inproceedings{todorov2008general,
  title={General duality between optimal control and estimation},
  author={Todorov, Emanuel},
  booktitle={IEEE CDC},
  year={2008},
}

@article{williams1991function,
  title={Function optimization using connectionist reinforcement learning algorithms},
  author={Williams, Ronald J and Peng, Jing},
  journal={Connection Science},
  year={1991}
}

@inproceedings{mnih2016asynchronous,
  title={Asynchronous methods for deep reinforcement learning},
  author={Mnih, Volodymyr and Badia, Adria Puigdomenech and Mirza, Mehdi and Graves, Alex and Lillicrap, Timothy and Harley, Tim and Silver, David and Kavukcuoglu, Koray},
  booktitle={ICML},
  year={2016}
}


@article{kozachenko1987sample,
  title={Sample estimate of the entropy of a random vector},
  author={Kozachenko, Lyudmyla F and Leonenko, Nikolai N},
  journal={Problemy Peredachi Informatsii},
  year={1987}
}

@article{goodfellow2020generative,
  title={Generative adversarial networks},
  author={Goodfellow, Ian and Pouget-Abadie, Jean and Mirza, Mehdi and Xu, Bing and Warde-Farley, David and Ozair, Sherjil and Courville, Aaron and Bengio, Yoshua},
  journal={Communications of the ACM},
  year={2020}
}

@book{haarnoja2018acquiring,
  title={Acquiring diverse robot skills via maximum entropy deep reinforcement learning (Ph.D. thesis)},
  author={Haarnoja, Tuomas},
  year={2018},
  publisher={University of California, Berkeley}
}


@inproceedings{liu2017stein1,
  title={Stein variational gradient descent as gradient flow},
  author={Liu, Qiang},
  booktitle={{NeurIPS}},
  year={2017}
}


@article{neal2011mcmc,
  title={MCMC using Hamiltonian dynamics},
  author={Neal, Radford M and others},
  journal={Handbook of Markov Chain Monte Carlo},
  year={2011},
  publisher={Chapman and Hall/CRC}
}

@inproceedings{liu2022grassmann,
  title={Grassmann Stein Variational Gradient Descent},
  author={Liu, Xing and Zhu, Harrison and Ton, Jean-Francois and Wynne, George and Duncan, Andrew},
  booktitle={{AISTAT}},
  year={2022}
}


@inproceedings{stein1972bound,
  title={A bound for the error in the normal approximation to the distribution of a sum of dependent random variables},
  author={Stein, Charles},
  booktitle={Proceedings of the sixth Berkeley symposium on mathematical statistics and probability, volume 2: Probability theory},
  year={1972},
  organization={University of California Press}
}

@article{kingma2018glow,
  title={Glow: Generative flow with invertible 1x1 convolutions},
  author={Kingma, Durk P and Dhariwal, Prafulla},
  journal={{NeurIPS}},
  volume={31},
  year={2018}
}

@inproceedings{dinh2017density,
  title={Density estimation using real nvp},
  author={Dinh, Laurent and Sohl-Dickstein, Jascha and Bengio, Samy},
  booktitle={ICLR},
  year={2017}
}

@article{ho2020denoising,
  title={Denoising diffusion probabilistic models},
  author={Ho, Jonathan and Jain, Ajay and Abbeel, Pieter},
  journal={{NeurIPS}},
  volume={33},
  pages={6840--6851},
  year={2020}
}

@inproceedings{sohl2015deep,
  title={Deep unsupervised learning using nonequilibrium thermodynamics},
  author={Sohl-Dickstein, Jascha and Weiss, Eric and Maheswaranathan, Niru and Ganguli, Surya},
  booktitle={ICML},
  year={2015}
}

@article{song2019generative,
  title={Generative modeling by estimating gradients of the data distribution},
  author={Song, Yang and Ermon, Stefano},
  journal={{NeurIPS}},
  year={2019}
}

@inproceedings{liu2016kernelized,
  title={A kernelized Stein discrepancy for goodness-of-fit tests},
  author={Liu, Qiang and Lee, Jason and Jordan, Michael},
  booktitle={ICML},
  year={2016}
}

@inproceedings{rezende2014stochastic,
  title={Stochastic backpropagation and approximate inference in deep generative models},
  author={Rezende, Danilo Jimenez and Mohamed, Shakir and Wierstra, Daan},
  booktitle={ICML},
  year={2014}
}

@inproceedings{kingma2014auto,
  title={Auto-encoding variational $\{$Bayes$\}$},
  author={Kingma, Diederik P and Welling, Max},
  booktitle={ICLR},
  year={2014}
}

@article{hoffman2014no,
  title={The {N}o-{U}-{T}urn Sampler: Adaptively Setting Path Lengths in Hamiltonian Monte Carlo},
  author={Hoffman, Matthew D and Gelman, Andrew},
  journal={JMLR},
  year={2014}
}

@article{kucukelbir2015automatic,
  title={Automatic variational inference in Stan},
  author={Kucukelbir, Alp and Ranganath, Rajesh and Gelman, Andrew and Blei, David},
  journal={{NeurIPS}},
  year={2015}
}


@article{gelfand1990sampling,
  title={Sampling-based approaches to calculating marginal densities},
  author={Gelfand, Alan E and Smith, Adrian FM},
  journal={Journal of the American Statistical Association},
  year={1990}
}

@article{geman1984stochastic,
  title={Stochastic relaxation, Gibbs distributions, and the Bayesian restoration of images},
  author={Geman, Stuart and Geman, Donald},
  journal={IEEE Transactions on Pattern Analysis and Machine Intelligence},
  year={1984}
}

@inproceedings{kurle2019multi,
  title={Multi-source neural variational inference},
  author={Kurle, Richard and G{\"u}nnemann, Stephan and Van der Smagt, Patrick},
  booktitle={AAAI},
  year={2019}
}

@article{guo2016boosting,
  title={Boosting variational inference},
  author={Guo, Fangjian and Wang, Xiangyu and Fan, Kai and Broderick, Tamara and Dunson, David B},
  journal={arXiv preprint arXiv:1611.05559},
  year={2016}
}

@article{zhang2020seismic,
  title={Seismic tomography using variational inference methods},
  author={Zhang, Xin and Curtis, Andrew},
  journal={Journal of Geophysical Research: Solid Earth},
  year={2020}
}

@article{zimmermann2021nested,
  title={Nested Variational Inference},
  author={Zimmermann, Heiko and Wu, Hao and Esmaeili, Babak and van de Meent, Jan-Willem},
  journal={{NeurIPS}},
  year={2021}
}

@inproceedings{oh2021bayesian,
  title={Bayesian Disturbance Injection: Robust Imitation Learning of Flexible Policies},
  author={Oh, Hanbit and Sasaki, Hikaru and Michael, Brendan and Matsubara, Takamitsu},
  booktitle={2021 IEEE International Conference on Robotics and Automation (ICRA)},
  year={2021}
}

@inproceedings{kalashnikov2018scalable,
  title={Scalable deep reinforcement learning for vision-based robotic manipulation},
  author={Kalashnikov, Dmitry and Irpan, Alex and Pastor, Peter and Ibarz, Julian and Herzog, Alexander and Jang, Eric and Quillen, Deirdre and Holly, Ethan and Kalakrishnan, Mrinal and Vanhoucke, Vincent and others},
  booktitle={Conference on Robot Learning},
  year={2018}
}

@inproceedings{osa2018hierarchical,
  title={Hierarchical policy search via return-weighted density estimation},
  author={Osa, Takayuki and Sugiyama, Masashi},
  booktitle={AAAI},
  year={2018}
}

@article{kupcsik2017model,
  title={Model-based contextual policy search for data-efficient generalization of robot skills},
  author={Kupcsik, Andras and Deisenroth, Marc Peter and Peters, Jan and Loh, Ai Poh and Vadakkepat, Prahlad and Neumann, Gerhard},
  journal={Artificial Intelligence},
  year={2017}
}

@inproceedings{daniel2012hierarchical,
  title={Hierarchical relative entropy policy search},
  author={Daniel, Christian and Neumann, Gerhard and Peters, Jan},
  booktitle={{AISTAT}},
  year={2012}
}



@inproceedings{levine2013guided,
  title={Guided policy search},
  author={Levine, Sergey and Koltun, Vladlen},
  booktitle={ICML},
  year={2013}
}

@article{abdolmaleki2018maximum,
  title={Maximum a posteriori policy optimisation},
  author={Abdolmaleki, Abbas and Springenberg, Jost Tobias and Tassa, Yuval and Munos, Remi and Heess, Nicolas and Riedmiller, Martin},
  journal={arXiv preprint arXiv:1806.06920},
  year={2018}
}

@article{theodorou2010generalized,
  title={A generalized path integral control approach to reinforcement learning},
  author={Theodorou, Evangelos and Buchli, Jonas and Schaal, Stefan},
  journal={JMLR},
  year={2010}
}

@inproceedings{toussaint2009robot,
  title={Robot trajectory optimization using approximate inference},
  author={Toussaint, Marc},
  booktitle={ICML},
  year={2009}
}

@article{rawlik2012stochastic,
  title={On stochastic optimal control and reinforcement learning by approximate inference},
  author={Rawlik, Konrad and Toussaint, Marc and Vijayakumar, Sethu},
  journal={Proceedings of Robotics: Science and Systems VIII},
  year={2012}
}

@inproceedings{finn2016guided,
  title={Guided cost learning: Deep inverse optimal control via policy optimization},
  author={Finn, Chelsea and Levine, Sergey and Abbeel, Pieter},
  booktitle={ICML},
  year={2016}
}

@inproceedings{ziebart2008maximum,
  title={Maximum entropy inverse reinforcement learning.},
  author={Ziebart, Brian D and Maas, Andrew L and Bagnell, J Andrew and Dey, Anind K and others},
  booktitle={AAAI},
  year={2008}
}

@inproceedings{lillicrap2016continuous,
  title={Continuous control with deep reinforcement learning.},
  author={Lillicrap, Timothy P and Hunt, Jonathan J and Pritzel, Alexander and Heess, Nicolas and Erez, Tom and Tassa, Yuval and Silver, David and Wierstra, Daan},
  booktitle={ICLR},
  year={2016}
}

@inproceedings{zhang2018policy,
  title={Policy optimization as wasserstein gradient flows},
  author={Zhang, Ruiyi and Chen, Changyou and Li, Chunyuan and Carin, Lawrence},
  booktitle={ICML},
  year={2018}
}


@inproceedings{eysenbach2022maximum,
  title={Maximum Entropy RL (Provably) Solves Some Robust RL Problems},
  author={Eysenbach, Benjamin and Levine, Sergey},
  booktitle={ICLR},
  year={2022}
}

@inproceedings{todorov2006linearly,
  title={Linearly-solvable Markov decision problems},
  author={Todorov, Emanuel},
  booktitle={{NeurIPS}},
  year={2006}
}


@book{ziebart2010modeling,
  title={Modeling purposeful adaptive behavior with the principle of maximum causal entropy},
  author={Ziebart, Brian D},
  year={2010},
  publisher={Carnegie Mellon University}
}


@inproceedings{haarnoja2019learning,
  title={Learning to Walk Via Deep Reinforcement Learning.},
  author={Haarnoja, Tuomas and Ha, Sehoon and Zhou, Aurick and Tan, Jie and Tucker, George and Levine, Sergey},
  booktitle={Robotics: Science and Systems},
  year={2019}
}


@inproceedings{fujimoto2019off,
  title={Off-policy deep reinforcement learning without exploration},
  author={Fujimoto, Scott and Meger, David and Precup, Doina},
  booktitle={ICML},
  year={2019}
}


@inproceedings{ho2016generative,
  title={Generative adversarial imitation learning},
  author={Ho, Jonathan and Ermon, Stefano},
  booktitle={{NeurIPS}},
  year={2016}
}


@book{sutton2018reinforcement,
  title={Reinforcement learning: An introduction},
  author={Sutton, Richard S and Barto, Andrew G},
  year={2018},
  publisher={MIT press}
}


@article{szepesvari2010algorithms,
  title={Algorithms for reinforcement learning},
  author={Szepesv{\'a}ri, Csaba},
  journal={Synthesis lectures on artificial intelligence and machine learning},
  year={2010}
}


@article{tsitsiklis1997analysis,
  title={An analysis of temporal-difference learning with function approximation},
  author={Tsitsiklis, John N and Van Roy, Benjamin},
  journal={IEEE transactions on automatic control},
  year={1997}
}





@article{pfau2016connecting,
  title={Connecting generative adversarial networks and actor-critic methods},
  author={Pfau, David and Vinyals, Oriol},
  journal={arXiv preprint arXiv:1610.01945},
  year={2016}
}


@article{finn2016connection,
  title={A connection between generative adversarial networks, inverse reinforcement learning, and energy-based models},
  author={Finn, Chelsea and Christiano, Paul and Abbeel, Pieter and Levine, Sergey},
  journal={arXiv preprint arXiv:1611.03852},
  year={2016}
}

@inproceedings{silver2014deterministic,
  title={Deterministic policy gradient algorithms},
  author={Silver, David and Lever, Guy and Heess, Nicolas and Degris, Thomas and Wierstra, Daan and Riedmiller, Martin},
  booktitle={ICML},
  year={2014}}




@article{wang2016learning,
  title={Learning to draw samples: With application to amortized mle for generative adversarial learning},
  author={Wang, Dilin and Liu, Qiang},
  journal={arXiv preprint arXiv:1611.01722},
  year={2016}
}




@inproceedings{van2016deep,
  title={Deep reinforcement learning with double q-learning},
  author={Van Hasselt, Hado and Guez, Arthur and Silver, David},
  booktitle={AAAI},
  year={2016}
}

@inproceedings{henderson2018deep,
  title={Deep reinforcement learning that matters},
  author={Henderson, Peter and Islam, Riashat and Bachman, Philip and Pineau, Joelle and Precup, Doina and Meger, David},
  booktitle={AAAI},
  year={2018}
}


@inproceedings{duan2016benchmarking,
  title={Benchmarking deep reinforcement learning for continuous control},
  author={Duan, Yan and Chen, Xi and Houthooft, Rein and Schulman, John and Abbeel, Pieter},
  booktitle={ICML},
  year={2016},
}


@article{plappert2017parameter,
  title={Parameter space noise for exploration},
  author={Plappert, Matthias and Houthooft, Rein and Dhariwal, Prafulla and Sidor, Szymon and Chen, Richard Y and Chen, Xi and Asfour, Tamim and Abbeel, Pieter and Andrychowicz, Marcin},
  journal={arXiv preprint arXiv:1706.01905},
  year={2017}
}


@inproceedings{fortunato2018noisy,
  title={Noisy Networks For Exploration},
  author={Fortunato, Meire and Azar, Mohammad Gheshlaghi and Piot, Bilal and Menick, Jacob and Hessel, Matteo and Osband, Ian and Graves, Alex and Mnih, Volodymyr and Munos, Remi and Hassabis, Demis and others},
  booktitle={ICLR},
  year={2018}
}


@inproceedings{colas2018gep,
  title={Gep-pg: Decoupling exploration and exploitation in deep reinforcement learning algorithms},
  author={Colas, C{\'e}dric and Sigaud, Olivier and Oudeyer, Pierre-Yves},
  booktitle={ICML},
  year={2018},
}


@article{matheron2019problem,
  title={The problem with DDPG: understanding failures in deterministic environments with sparse rewards},
  author={Matheron, Guillaume and Perrin, Nicolas and Sigaud, Olivier},
  journal={arXiv preprint arXiv:1911.11679},
  year={2019}
}


@book{bosq2013mathematical,
  title={Mathematical statistics and stochastic processes},
  author={Bosq, Denis},
  year={2013},
  publisher={John Wiley \& Sons}
}

@inproceedings{vieillard2020munchausen,
  title={Munchausen reinforcement learning},
  author={Vieillard, Nino and Pietquin, Olivier and Geist, Matthieu},
  booktitle={NeurIPS},
  year={2020}
}

@article{liu2017stein,
  title={Stein variational gradient descent as gradient flow},
  author={Liu, Qiang},
  journal={NeurIPS},
  year={2017}
}
 
  

@article{simmons2019q,
  title={Q-learning for continuous actions with cross-entropy guided policies},
  author={Simmons-Edler, Riley and Eisner, Ben and Mitchell, Eric and Seung, Sebastian and Lee, Daniel},
  journal={arXiv preprint arXiv:1903.10605},
  year={2019}
}

@article{islam2017reproducibility,
  title={Reproducibility of benchmarked deep reinforcement learning tasks for continuous control},
  author={Islam, Riashat and Henderson, Peter and Gomrokchi, Maziar and Precup, Doina},
  journal={arXiv preprint arXiv:1708.04133},
  year={2017}
}



@article{Schulman_ppo,
  author    = {John Schulman and
               Filip Wolski and
               Prafulla Dhariwal and
               Alec Radford and
               Oleg Klimov},
  title     = {Proximal Policy Optimization Algorithms},
  journal   = {CoRR},
  year      = {2017}
}


@article{han2021max,
  title={A Max-Min Entropy Framework for Reinforcement Learning},
  author={Han, Seungyul and Sung, Youngchul},
  journal={{NeurIPS}},
  year={2021}
}


@article{hyvarinen2005estimation,
  title={Estimation of non-normalized statistical models by score matching.},
  author={Hyv{\"a}rinen, Aapo and Dayan, Peter},
  journal={JMLR},
  year={2005}
}

@article{vincent2011connection,
  title={A connection between score matching and denoising autoencoders},
  author={Vincent, Pascal},
  journal={Neural Computation},
  year={2011}
}

@article{duane1987hybrid,
  title={Hybrid monte carlo},
  author={Duane, Simon and Kennedy, Anthony D and Pendleton, Brian J and Roweth, Duncan},
  journal={Physics letters B},
  year={1987}
}



@article{blei2017variational,
  title={Variational inference: A review for statisticians},
  author={Blei, David M and Kucukelbir, Alp and McAuliffe, Jon D},
  journal={Journal of the American Statistical Association},
  year={2017},
  publisher={Taylor \& Francis}
}
 
 
 @inproceedings{Holmes2017AdaptiveMF,
  title={Adaptive MCMC for multimodal distributions},
  author={Chris C. Holmes and Krzysztof Łatuszyński and Emilia Pompe},
  year={2017}
}


@article{Lan2014WormholeHM,
  title={Wormhole Hamiltonian Monte Carlo},
  author={Shiwei Lan and Jeffrey Streets and Babak Shahbaba},
  journal={AAAI},
  year={2014}
}

@article{kim2016deep,
  title={Deep directed generative models with energy-based probability estimation},
  author={Kim, Taesup and Bengio, Yoshua},
  journal={arXiv preprint arXiv:1606.03439},
  year={2016}
}


@article{zhai2016generative,
  title={Generative adversarial networks as variational training of energy based models},
  author={Zhai, Shuangfei and Cheng, Yu and Feris, Rogerio and Zhang, Zhongfei},
  journal={arXiv preprint arXiv:1611.01799},
  year={2016}
}

@article{kumar2019maximum,
  title={Maximum entropy generators for energy-based models},
  author={Kumar, Rithesh and Ozair, Sherjil and Goyal, Anirudh and Courville, Aaron and Bengio, Yoshua},
  journal={arXiv preprint arXiv:1901.08508},
  year={2019}
}


@ARTICLE{8187667,
  author={Ghesu, Florin-Cristian and Georgescu, Bogdan and Zheng, Yefeng and Grbic, Sasa and Maier, Andreas and Hornegger, Joachim and Comaniciu, Dorin},
  journal={IEEE Transactions on Pattern Analysis and Machine Intelligence}, 
  title={Multi-Scale Deep Reinforcement Learning for Real-Time 3D-Landmark Detection in CT Scans}, 
  year={2019},
  volume={41},
  number={1},
  pages={176-189},
}

@inproceedings{ghesu2016artificial,
  title={An artificial agent for anatomical landmark detection in medical images},
  author={Ghesu, Florin C and Georgescu, Bogdan and Mansi, Tommaso and Neumann, Dominik and Hornegger, Joachim and Comaniciu, Dorin},
  booktitle={MICCAI},
  pages={229--237},
  year={2016},
}

@article{alansary2019evaluating,
  title={Evaluating reinforcement learning agents for anatomical landmark detection},
  author={Alansary, Amir and Oktay, Ozan and Li, Yuanwei and Le Folgoc, Loic and Hou, Benjamin and Vaillant, Ghislain and Kamnitsas, Konstantinos and Vlontzos, Athanasios and Glocker, Ben and Kainz, Bernhard and others},
  journal={Medical image analysis},
  volume={53},
  pages={156--164},
  year={2019},
  publisher={Elsevier}
}


@article{lillicrap2015continuous,
  title={Continuous control with deep reinforcement learning},
  author={Lillicrap, Timothy P and Hunt, Jonathan J and Pritzel, Alexander and Heess, Nicolas and Erez, Tom and Tassa, Yuval and Silver, David and Wierstra, Daan},
  journal={arXiv preprint arXiv:1509.02971},
  year={2015}
}


@article{tang2018boosting,
  title={Boosting trust region policy optimization by normalizing flows policy},
  author={Tang, Yunhao and Agrawal, Shipra},
  journal={arXiv preprint arXiv:1809.10326},
  year={2018}
}


@article{sutton1999policy,
  title={Policy gradient methods for reinforcement learning with function approximation},
  author={Sutton, Richard S and McAllester, David and Singh, Satinder and Mansour, Yishay},
  journal={NeurIPS},
  year={1999}
}

@inproceedings{Stein1972ABF,
  title={A bound for the error in the normal approximation to the distribution of a sum of dependent random variables},
  author={Charles M. Stein},
  year={1972}
}


@article{xu2022energy,
  title={Energy-based continuous inverse optimal control},
  author={Xu, Yifei and Xie, Jianwen and Zhao, Tianyang and Baker, Chris and Zhao, Yibiao and Wu, Ying Nian},
  journal={IEEE transactions on neural networks and learning systems},
  year={2022},
  publisher={IEEE}
}



@inproceedings{xie2016theory,
  title={A theory of generative convnet},
  author={Xie, Jianwen and Lu, Yang and Zhu, Song-Chun and Wu, Yingnian},
  booktitle={ICML},
  year={2016}
}


@article{xie2018cooperative,
  title={Cooperative training of descriptor and generator networks},
  author={Xie, Jianwen and Lu, Yang and Gao, Ruiqi and Zhu, Song-Chun and Wu, Ying Nian},
  journal={IEEE PAMI}
}


@inproceedings{xie2021learning1,
  title={Learning energy-based model with variational auto-encoder as amortized sampler},
  author={Xie, Jianwen and Zheng, Zilong and Li, Ping},
  booktitle={AAAI},
  year={2021}
}

@article{xie2022tale,
  title={A tale of two flows: Cooperative learning of langevin flow and normalizing flow toward energy-based model},
  author={Xie, Jianwen and Zhu, Yaxuan and Li, Jun and Li, Ping},
  journal={arXiv preprint arXiv:2205.06924},
  year={2022}
}











@incollection{NEWEY19942111,
title = {Chapter 36 Large sample estimation and hypothesis testing},
series = {Handbook of Econometrics},
publisher = {Elsevier},
volume = {4},
pages = {2111-2245},
year = {1994},
author = {Whitney K. Newey and Daniel McFadden},
}




@article{chen2018unified,
  title={A unified particle-optimization framework for scalable Bayesian sampling},
  author={Chen, Changyou and Zhang, Ruiyi and Wang, Wenlin and Li, Bai and Chen, Liqun},
  journal={arXiv preprint arXiv:1805.11659},
  year={2018}
}

@inproceedings{liu2019understanding,
  title={Understanding and accelerating particle-based variational inference},
  author={Liu, Chang and Zhuo, Jingwei and Cheng, Pengyu and Zhang, Ruiyi and Zhu, Jun},
  booktitle={ICML},
  year={2019}
}


@inproceedings{zhang2020stochastic,
  title={Stochastic particle-optimization sampling and the non-asymptotic convergence theory},
  author={Zhang, Jianyi and Zhang, Ruiyi and Carin, Lawrence and Chen, Changyou},
  booktitle={AIStat},
  year={2020}
}


@inproceedings{zhuo2018message,
  title={Message passing Stein variational gradient descent},
  author={Zhuo, Jingwei and Liu, Chang and Shi, Jiaxin and Zhu, Jun and Chen, Ning and Zhang, Bo},
  booktitle={ICML},
  year={2018}
}


@article{sallans2004reinforcement,
  title={Reinforcement learning with factored states and actions},
  author={Sallans, Brian and Hinton, Geoffrey E},
  journal={JMLR},
  year={2004}
}


@inproceedings{todorov2008general,
  title={General duality between optimal control and estimation},
  author={Todorov, Emanuel},
  booktitle={IEEE CDC},
  year={2008},
}

@article{williams1991function,
  title={Function optimization using connectionist reinforcement learning algorithms},
  author={Williams, Ronald J and Peng, Jing},
  journal={Connection Science},
  year={1991}
}

@inproceedings{mnih2016asynchronous,
  title={Asynchronous methods for deep reinforcement learning},
  author={Mnih, Volodymyr and Badia, Adria Puigdomenech and Mirza, Mehdi and Graves, Alex and Lillicrap, Timothy and Harley, Tim and Silver, David and Kavukcuoglu, Koray},
  booktitle={ICML},
  year={2016}
}




@article{goodfellow2020generative,
  title={Generative adversarial networks},
  author={Goodfellow, Ian and Pouget-Abadie, Jean and Mirza, Mehdi and Xu, Bing and Warde-Farley, David and Ozair, Sherjil and Courville, Aaron and Bengio, Yoshua},
  journal={Communications of the ACM},
  year={2020}
}



@article{liu2017stein1,
  title={Stein variational gradient descent as gradient flow},
  author={Liu, Qiang},
  journal={{NeurIPS}},
  volume={30},
  year={2017}
}



@inproceedings{liu2022grassmann,
  title={Grassmann Stein Variational Gradient Descent},
  author={Liu, Xing and Zhu, Harrison and Ton, Jean-Francois and Wynne, George and Duncan, Andrew},
  booktitle={{AISTAT}},
  year={2022}
}


@inproceedings{stein1972bound,
  title={A bound for the error in the normal approximation to the distribution of a sum of dependent random variables},
  author={Stein, Charles},
  booktitle={Proceedings of the sixth Berkeley symposium on mathematical statistics and probability, volume 2: Probability theory},
  year={1972},
  organization={University of California Press}
}

@article{kingma2018glow,
  title={Glow: Generative flow with invertible 1x1 convolutions},
  author={Kingma, Durk P and Dhariwal, Prafulla},
  journal={{NeurIPS}},
  volume={31},
  year={2018}
}

@inproceedings{dinh2017density,
  title={Density estimation using real nvp},
  author={Dinh, Laurent and Sohl-Dickstein, Jascha and Bengio, Samy},
  booktitle={ICLR},
  year={2017}
}


@article{song2019generative,
  title={Generative modeling by estimating gradients of the data distribution},
  author={Song, Yang and Ermon, Stefano},
  journal={{NeurIPS}},
  year={2019}
}

@inproceedings{liu2016kernelized,
  title={A kernelized Stein discrepancy for goodness-of-fit tests},
  author={Liu, Qiang and Lee, Jason and Jordan, Michael},
  booktitle={ICML},
  year={2016}
}

@inproceedings{rezende2014stochastic,
  title={Stochastic backpropagation and approximate inference in deep generative models},
  author={Rezende, Danilo Jimenez and Mohamed, Shakir and Wierstra, Daan},
  booktitle={ICML},
  year={2014}
}

@inproceedings{kingma2014auto,
  title={Auto-encoding variational $\{$Bayes$\}$},
  author={Kingma, Diederik P and Welling, Max},
  booktitle={ICLR},
  year={2014}
}


@article{kucukelbir2015automatic,
  title={Automatic variational inference in Stan},
  author={Kucukelbir, Alp and Ranganath, Rajesh and Gelman, Andrew and Blei, David},
  journal={{NeurIPS}},
  year={2015}
}


@inproceedings{kurle2019multi,
  title={Multi-source neural variational inference},
  author={Kurle, Richard and G{\"u}nnemann, Stephan and Van der Smagt, Patrick},
  booktitle={AAAI},
  year={2019}
}

@article{guo2016boosting,
  title={Boosting variational inference},
  author={Guo, Fangjian and Wang, Xiangyu and Fan, Kai and Broderick, Tamara and Dunson, David B},
  journal={arXiv preprint arXiv:1611.05559},
  year={2016}
}

@article{zhang2020seismic,
  title={Seismic tomography using variational inference methods},
  author={Zhang, Xin and Curtis, Andrew},
  journal={Journal of Geophysical Research: Solid Earth},
  year={2020}
}

@article{zimmermann2021nested,
  title={Nested Variational Inference},
  author={Zimmermann, Heiko and Wu, Hao and Esmaeili, Babak and van de Meent, Jan-Willem},
  journal={{NeurIPS}},
  year={2021}
}

@inproceedings{oh2021bayesian,
  title={Bayesian Disturbance Injection: Robust Imitation Learning of Flexible Policies},
  author={Oh, Hanbit and Sasaki, Hikaru and Michael, Brendan and Matsubara, Takamitsu},
  booktitle={2021 IEEE International Conference on Robotics and Automation (ICRA)},
  year={2021}
}

@inproceedings{kalashnikov2018scalable,
  title={Scalable deep reinforcement learning for vision-based robotic manipulation},
  author={Kalashnikov, Dmitry and Irpan, Alex and Pastor, Peter and Ibarz, Julian and Herzog, Alexander and Jang, Eric and Quillen, Deirdre and Holly, Ethan and Kalakrishnan, Mrinal and Vanhoucke, Vincent and others},
  booktitle={Conference on Robot Learning},
  year={2018}
}

@inproceedings{osa2018hierarchical,
  title={Hierarchical policy search via return-weighted density estimation},
  author={Osa, Takayuki and Sugiyama, Masashi},
  booktitle={AAAI},
  year={2018}
}

@article{kupcsik2017model,
  title={Model-based contextual policy search for data-efficient generalization of robot skills},
  author={Kupcsik, Andras and Deisenroth, Marc Peter and Peters, Jan and Loh, Ai Poh and Vadakkepat, Prahlad and Neumann, Gerhard},
  journal={Artificial Intelligence},
  year={2017}
}

@inproceedings{daniel2012hierarchical,
  title={Hierarchical relative entropy policy search},
  author={Daniel, Christian and Neumann, Gerhard and Peters, Jan},
  booktitle={{AISTAT}},
  year={2012}
}


@inproceedings{lillicrap2016continuous,
  title={Continuous control with deep reinforcement learning.},
  author={Lillicrap, Timothy P and Hunt, Jonathan J and Pritzel, Alexander and Heess, Nicolas and Erez, Tom and Tassa, Yuval and Silver, David and Wierstra, Daan},
  booktitle={ICLR},
  year={2016}
}

@inproceedings{zhang2018policy,
  title={Policy optimization as wasserstein gradient flows},
  author={Zhang, Ruiyi and Chen, Changyou and Li, Chunyuan and Carin, Lawrence},
  booktitle={ICML},
  year={2018}
}



@inproceedings{haarnoja2019learning,
  title={Learning to Walk Via Deep Reinforcement Learning.},
  author={Haarnoja, Tuomas and Ha, Sehoon and Zhou, Aurick and Tan, Jie and Tucker, George and Levine, Sergey},
  booktitle={Robotics: Science and Systems},
  year={2019}
}


@inproceedings{fujimoto2019off,
  title={Off-policy deep reinforcement learning without exploration},
  author={Fujimoto, Scott and Meger, David and Precup, Doina},
  booktitle={ICML},
  year={2019}
}


@inproceedings{ho2016generative,
  title={Generative adversarial imitation learning},
  author={Ho, Jonathan and Ermon, Stefano},
  booktitle={{NeurIPS}},
  year={2016}
}


@book{sutton2018reinforcement,
  title={Reinforcement learning: An introduction},
  author={Sutton, Richard S and Barto, Andrew G},
  year={2018},
  publisher={MIT press}
}


@article{szepesvari2010algorithms,
  title={Algorithms for reinforcement learning},
  author={Szepesv{\'a}ri, Csaba},
  journal={Synthesis lectures on artificial intelligence and machine learning},
  year={2010}
}


@article{tsitsiklis1997analysis,
  title={An analysis of temporal-difference learning with function approximation},
  author={Tsitsiklis, John N and Van Roy, Benjamin},
  journal={IEEE transactions on automatic control},
  year={1997}
}



@article{pfau2016connecting,
  title={Connecting generative adversarial networks and actor-critic methods},
  author={Pfau, David and Vinyals, Oriol},
  journal={arXiv preprint arXiv:1610.01945},
  year={2016}
}


@article{finn2016connection,
  title={A connection between generative adversarial networks, inverse reinforcement learning, and energy-based models},
  author={Finn, Chelsea and Christiano, Paul and Abbeel, Pieter and Levine, Sergey},
  journal={arXiv preprint arXiv:1611.03852},
  year={2016}
}

@inproceedings{liu2016stein,
  title={Stein variational Gradient descent: a general purpose Bayesian inference algorithm},
  author={Liu, Qiang and Wang, Dilin},
  booktitle={{NeurIPS}},
  year={2016}
}

@article{castanet2023stein,
  title={Stein Variational Goal Generation for adaptive Exploration in Multi-Goal Reinforcement Learning},
  author={Castanet, Nicolas and Sigaud, Olivier and others},
  year={2023}
}

@article{chen2021variational,
  title={Variational automatic curriculum learning for sparse-reward cooperative multi-agent problems},
  author={Chen, Jiayu and Zhang, Yuanxin and Xu, Yuanfan and Ma, Huimin and Yang, Huazhong and Song, Jiaming and Wang, Yu and Wu, Yi},
  journal={NeurIPS},
  year={2021}
}


@inproceedings{van2016deep,
  title={Deep reinforcement learning with double q-learning},
  author={Van Hasselt, Hado and Guez, Arthur and Silver, David},
  booktitle={AAAI},
  year={2016}
}


@article{levy2017generalizing,
  title={Generalizing hamiltonian monte carlo with neural networks},
  author={Levy, Daniel and Hoffman, Matthew D and Sohl-Dickstein, Jascha},
  journal={arXiv preprint arXiv:1711.09268},
  year={2017}
}

@article{feng2017learning,
  title={Learning to draw samples with amortized stein variational gradient descent},
  author={Feng, Yihao and Wang, Dilin and Liu, Qiang},
  journal={arXiv preprint arXiv:1707.06626},
  year={2017}
}

@article{gong2018meta,
  title={Meta-learning for stochastic gradient MCMC},
  author={Gong, Wenbo and Li, Yingzhen and Hern{\'a}ndez-Lobato, Jos{\'e} Miguel},
  journal={arXiv preprint arXiv:1806.04522},
  year={2018}
}








@inproceedings{henderson2018deep,
  title={Deep reinforcement learning that matters},
  author={Henderson, Peter and Islam, Riashat and Bachman, Philip and Pineau, Joelle and Precup, Doina and Meger, David},
  booktitle={AAAI},
  year={2018}
}


@article{plappert2017parameter,
  title={Parameter space noise for exploration},
  author={Plappert, Matthias and Houthooft, Rein and Dhariwal, Prafulla and Sidor, Szymon and Chen, Richard Y and Chen, Xi and Asfour, Tamim and Abbeel, Pieter and Andrychowicz, Marcin},
  journal={arXiv preprint arXiv:1706.01905},
  year={2017}
}

@article{liu2017steinn,
  title={Stein variational policy gradient},
  author={Liu, Yang and Ramachandran, Prajit and Liu, Qiang and Peng, Jian},
  journal={UAI},
  year={2017}
}


@inproceedings{fortunato2018noisy,
  title={Noisy Networks For Exploration},
  author={Fortunato, Meire and Azar, Mohammad Gheshlaghi and Piot, Bilal and Menick, Jacob and Hessel, Matteo and Osband, Ian and Graves, Alex and Mnih, Volodymyr and Munos, Remi and Hassabis, Demis and others},
  booktitle={ICLR},
  year={2018}
}


@inproceedings{colas2018gep,
  title={Gep-pg: Decoupling exploration and exploitation in deep reinforcement learning algorithms},
  author={Colas, C{\'e}dric and Sigaud, Olivier and Oudeyer, Pierre-Yves},
  booktitle={ICML},
  year={2018},
}


@article{matheron2019problem,
  title={The problem with DDPG: understanding failures in deterministic environments with sparse rewards},
  author={Matheron, Guillaume and Perrin, Nicolas and Sigaud, Olivier},
  journal={arXiv preprint arXiv:1911.11679},
  year={2019}
}



@article{kumar2018engan,
  title={EnGAN: Latent Space MCMC and Maximum Entropy Generators for Energy-based Models},
  author={Kumar, Rithesh and Goyal, Anirudh and Courville, Aaron and Bengio, Yoshua},
  journal={ICLR},
  year={2019}
}

@article{van2018simple,
  title={A simple introduction to Markov Chain Monte--Carlo sampling},
  author={Van Ravenzwaaij, Don and Cassey, Pete and Brown, Scott D},
  journal={Psychon. Bull. Rev.},
  year={2018},
  publisher={Springer}
}


@article{wu2018sparse,
  title={Sparse and deep generalizations of the frame model},
  author={Wu, Ying Nian and Xie, Jianwen and Lu, Yang and Zhu, Song-Chun},
  journal={Annals of Mathematical Sciences and Applications},
  year={2018},
  publisher={International Press of Boston}
}

@article{simmons2019q,
  title={Q-learning for continuous actions with cross-entropy guided policies},
  author={Simmons-Edler, Riley and Eisner, Ben and Mitchell, Eric and Seung, Sebastian and Lee, Daniel},
  journal={arXiv preprint arXiv:1903.10605},
  year={2019}
}

@article{dai2019exponential,
  title={Exponential family estimation via adversarial dynamics embedding},
  author={Dai, Bo and Liu, Zhen and Dai, Hanjun and He, Niao and Gretton, Arthur and Song, Le and Schuurmans, Dale},
  journal={NeurIPS},
  year={2019}
}

@article{cetin2022policy,
  title={Policy Gradient With Serial Markov Chain Reasoning},
  author={Cetin, Edoardo and Celiktutan, Oya},
  journal={NeurIPS},
  year={2022}
}

@article{marino2021iterative,
  title={Iterative amortized policy optimization},
  author={Marino, Joseph and Pich{\'e}, Alexandre and Ialongo, Alessandro Davide and Yue, Yisong},
  journal={NeurIPS},
  year={2021}
}


@article{dinh2016density,
  title={Density estimation using real nvp},
  author={Dinh, Laurent and Sohl-Dickstein, Jascha and Bengio, Samy},
  journal={arXiv preprint arXiv:1605.08803},
  year={2016}
}

@article{kobyzev2020normalizing,
  title={Normalizing flows: An introduction and review of current methods},
  author={Kobyzev, Ivan and Prince, Simon JD and Brubaker, Marcus A},
  journal={PAMI},
  year={2020},
  publisher={IEEE}
}

@article{agarwal2021deep,
  title={Deep Reinforcement Learning at the Edge of the Statistical Precipice},
  author={Agarwal, Rishabh and Schwarzer, Max and Castro, Pablo Samuel
          and Courville, Aaron and Bellemare, Marc G},
  journal={NeurIPS},
  year={2021}
}


@inproceedings{haarnoja2018latent,
  title={Latent space policies for hierarchical reinforcement learning},
  author={Haarnoja, Tuomas and Hartikainen, Kristian and Abbeel, Pieter and Levine, Sergey},
  booktitle={ICML},
  year={2018}
}

@article{tabak2013family,
  title={A family of nonparametric density estimation algorithms},
  author={Tabak, Esteban G and Turner, Cristina V},
  journal={Communications on Pure and Applied Mathematics},
  year={2013},
  publisher={Wiley Online Library}
}

@article{islam2017reproducibility,
  title={Reproducibility of benchmarked deep reinforcement learning tasks for continuous control},
  author={Islam, Riashat and Henderson, Peter and Gomrokchi, Maziar and Precup, Doina},
  journal={arXiv preprint arXiv:1708.04133},
  year={2017}
}



@article{Schulman_ppo,
  author    = {John Schulman and
               Filip Wolski and
               Prafulla Dhariwal and
               Alec Radford and
               Oleg Klimov},
  title     = {Proximal Policy Optimization Algorithms},
  journal   = {CoRR},
  year      = {2017}
}


@article{han2021max,
  title={A Max-Min Entropy Framework for Reinforcement Learning},
  author={Han, Seungyul and Sung, Youngchul},
  journal={{NeurIPS}},
  year={2021}
}


@article{hyvarinen2005estimation,
  title={Estimation of non-normalized statistical models by score matching.},
  author={Hyv{\"a}rinen, Aapo and Dayan, Peter},
  journal={JMLR},
  year={2005}
}

@article{vincent2011connection,
  title={A connection between score matching and denoising autoencoders},
  author={Vincent, Pascal},
  journal={Neural Computation},
  year={2011}
}

  
@inproceedings{Holmes2017AdaptiveMF,
  title={Adaptive MCMC for multimodal distributions},
  author={Chris C. Holmes and Krzysztof Łatuszyński and Emilia Pompe},
  year={2017}
}

@article{carleo2017solving,
  title={Solving the quantum many-body problem with artificial neural networks},
  author={Carleo, Giuseppe and Troyer, Matthias},
  journal={Science},
  year={2017},
  publisher={American Association for the Advancement of Science}
}


@article{gao2017efficient,
  title={Efficient representation of quantum many-body states with deep neural networks},
  author={Gao, Xun and Duan, Lu-Ming},
  journal={Nature communications},
  year={2017}
}

@book{devore2012modern,
  title={Modern mathematical statistics with applications},
  author={Devore, Jay L and Berk, Kenneth N and Carlton, Matthew A and others},
  year={2012},
  publisher={Springer}
}

@book{magnus2019matrix,
  title={Matrix differential calculus with applications in statistics and econometrics},
  author={Magnus, Jan R and Neudecker, Heinz},
  year={2019},
  publisher={John Wiley \& Sons}
}

@article{dai2017calibrating,
  title={Calibrating energy-based generative adversarial networks},
  author={Dai, Zihang and Almahairi, Amjad and Bachman, Philip and Hovy, Eduard and Courville, Aaron},
  journal={arXiv preprint arXiv:1702.01691},
  year={2017}
}

@inproceedings{dai2019kernel,
  title={Kernel exponential family estimation via doubly dual embedding},
  author={Dai, Bo and Dai, Hanjun and Gretton, Arthur and Song, Le and Schuurmans, Dale and He, Niao},
  booktitle={AISTAT},
  year={2019}
}

@inproceedings{salakhutdinov2007restricted,
  title={Restricted Boltzmann machines for collaborative filtering},
  author={Salakhutdinov, Ruslan and Mnih, Andriy and Hinton, Geoffrey},
  booktitle={ICML},
  year={2007}
}


@article{melko2019restricted,
  title={Restricted Boltzmann machines in quantum physics},
  author={Melko, Roger G and Carleo, Giuseppe and Carrasquilla, Juan and Cirac, J Ignacio},
  journal={Nature Physics},
  year={2019},
  publisher={Nature Publishing Group UK London}
}


@article{torlai2018neural,
  title={Neural-network quantum state tomography},
  author={Torlai, Giacomo and Mazzola, Guglielmo and Carrasquilla, Juan and Troyer, Matthias and Melko, Roger and Carleo, Giuseppe},
  journal={Nature Physics},
  year={2018},
  publisher={Nature Publishing Group UK London}
}

@article{Lan2014WormholeHM,
  title={Wormhole Hamiltonian Monte Carlo},
  author={Shiwei Lan and Jeffrey Streets and Babak Shahbaba},
  journal={AAAI},
  year={2014}
}

@article{roldan2021quantifying,
  title={Quantifying entropy production in active fluctuations of the hair-cell bundle from time irreversibility and uncertainty relations},
  author={Rold{\'a}n, {\'E}dgar and Barral, J{\'e}r{\'e}mie and Martin, Pascal and Parrondo, Juan MR and J{\"u}licher, Frank},
  journal={New J. Phys.},
  year={2021}
}


@book{cover1999elements,
  title={Elements of information theory},
  author={Cover, Thomas M},
  year={1999},
  publisher={John Wiley \& Sons}
}

@article{shannon2001mathematical,
  title={A mathematical theory of communication},
  author={Shannon, Claude Elwood},
  journal={ACM SIGMOBILE},
  year={2001}
}

@ARTICLE{1448714,
  author={Tarasenko, F.P.},
  journal={Proceedings of the IEEE}, 
  title={On the evaluation of an unknown probability density function, the direct estimation of the entropy from independent observations of a continuous random variable, and the distribution-free entropy test of goodness-of-fit}, 
  year={1968}
}


@inbook{comon,
author = {Vasicek, Oldrich},
year = {2015},
title = {A Test for Normality Based on Sample Entropy},
publisher={JSTOR}
}

@article{learned2003ica,
  title={ICA using spacings estimates of entropy},
  author={Learned-Miller, Erik G and III, John W Fisher},
  journal={JMLR},
  year={2003},
  publisher={JMLR}
}

@inproceedings{mannor2005cross,
  title={The cross entropy method for classification},
  author={Mannor, Shie and Peleg, Dori and Rubinstein, Reuven},
  booktitle={ICML},
  year={2005}
}

@book{Rubinstein,
author = {Rubinstein, Reuven Y. and Kroese, Dirk P.},
title = {The Cross Entropy Method: A Unified Approach To Combinatorial Optimization, Monte-Carlo Simulation (Information Science and Statistics)},
year = {2004},
publisher = {Springer-Verlag}
}

@article{hino2010conditional,
  title={A conditional entropy minimization criterion for dimensionality reduction and multiple kernel learning},
  author={Hino, Hideitsu and Murata, Noboru},
  journal={Neural Comput.},
  year={2010},
  publisher={MIT Press}
}


@article{hino2013information,
  title={Information estimators for weighted observations},
  author={Hino, Hideitsu and Murata, Noboru},
  journal={Neural networks},
  volume={46},
  pages={260--275},
  year={2013},
  publisher={Elsevier}
}

@article{liu2022combating,
  title={Combating mode collapse in gans via manifold entropy estimation},
  author={Liu, Haozhe and Li, Bing and Wu, Haoqian and Liang, Hanbang and Huang, Yawen and Li, Yuexiang and Ghanem, Bernard and Zheng, Yefeng},
  journal={AAAI},
  year={2022}
}


@article{wulfmeier2015maximum,
  title={Maximum entropy deep inverse reinforcement learning},
  author={Wulfmeier, Markus and Ondruska, Peter and Posner, Ingmar},
  journal={arXiv preprint arXiv:1507.04888},
  year={2015}
}


@inproceedings{haarnoja2018soft,
  title={Soft actor-critic: Off-policy maximum entropy deep reinforcement learning with a stochastic actor},
  author={Haarnoja, Tuomas and Zhou, Aurick and Abbeel, Pieter and Levine, Sergey},
  booktitle={ICML},
  year={2018}
}


@ARTICLE{1055550,
  author={Ahmad, I. and Pi-Erh Lin},
  journal={IEEE Trans. Inf. Theory}, 
  title={A nonparametric estimation of the entropy for absolutely continuous distributions (Corresp.)}, 
  year={1976}
}


@article{Joe,
author = {Joe, Harry},
year = {1989},
title = {Estimation of Entropy and Other Functionals of a Multivariate Density},
journal = {Ann. Inst. Stat. Math.}
}


@article{ivanov1981properties,
  title={On properties of the statistical estimate of the entropy of a random vector with a probability density},
  author={Ivanov, Aleksandr Vasil'evich and Rozhkova, MN},
  journal={Problemy Peredachi Informatsii},
  year={1981},
  publisher={Russian Academy of Sciences, Branch of Informatics, Computer Equipment and~…}
}


@article{BEIRLANT1985300,
title = {The empirical distribution function and strong laws for functions of order statistics of uniform spacings},
journal = {J. Multivar. Anal.},
year = {1985},
author = {Jan Beirlant and M.C.A {van Zuijlen}}
}


@article{Noel,
 author = {Noel Cressie},
 journal = {Biometrika},
 publisher = {[Oxford University Press, Biometrika Trust]},
 title = {Power Results for Tests Based on High-Order Gaps},
 year = {1978}
}


@article{dudewicz1981entropy,
  title={Entropy-based tests of uniformity},
  author={Dudewicz, Edward J and Van Der Meulen, Edward C},
  journal={JASA},
  year={1981},
  publisher={Taylor \& Francis}
}


@article{HALL1986201,
title = {On powerful distributional tests based on sample spacings},
journal = {JMVA},
year = {1986},
author = {Peter Hall},
}


@article{bernhofen1996ranking,
  title={Ranking of the best random number generators via entropy-uniformity theory},
  author={Bernhofen, Laura T and Dudewicz, Edward J and Levendovszky, Janos and van der Meulen, Edward C},
  journal={AJMMS},
  year={1996},
  publisher={Taylor \& Francis}
}

@article{Peter,
author = {Peter J. Bickel and Leo Breiman},
title = {{Sums of Functions of Nearest Neighbor Distances, Moment Bounds, Limit Theorems and a Goodness of Fit Test}},
journal = {Ann. Probab.},
publisher = {Institute of Mathematical Statistics},
year = {1983}
}

@article{igusa1980jacobi,
  title={On Jacobi's derivative formula and its generalizations},
  author={Igusa, Jun-ichi},
  journal={American Journal of Mathematics},
  year={1980},
  publisher={JSTOR}
}



@article{beirlant1997nonparametric,
  title={Nonparametric entropy estimation: An overview},
  author={Beirlant, Jan and Dudewicz, Edward J and Gy{\"o}rfi, L{\'a}szl{\'o} and Van der Meulen, Edward C and others},
  journal={IJSRMSS},
  year={1997},
  publisher={THESAURUS PUBLISHING}
}

@article{GYORFI1987425,
title = {Density-free convergence properties of various estimators of entropy},
journal = {CSDA},
year = {1987},
author = {László Györfi and Edward C. {van der Meulen}},
}


@article{paninski2003estimation,
  title={Estimation of entropy and mutual information},
  author={Paninski, Liam},
  journal={Neural Comput.},
  year={2003},
  publisher={MIT Press}
}

@inproceedings{NIPS2008_ccb09896,
 author = {P\'{e}rez-Cruz, Fernando},
 booktitle = {NeurIPS},
 title = {Estimation of Information Theoretic Measures for Continuous Random Variables},
 year = {2008}
}



%image generation
@inproceedings{zhao2021learning,
  title={Learning energy-based generative models via coarse-to-fine expanding and sampling},
  author={Zhao, Yang and Xie, Jianwen and Li, Ping},
  booktitle={ICLR},
  year={2021}
}

@article{gao2020learning,
  title={Learning energy-based models by diffusion recovery likelihood},
  author={Gao, Ruiqi and Song, Yang and Poole, Ben and Wu, Ying Nian and Kingma, Diederik P},
  journal={arXiv preprint arXiv:2012.08125},
  year={2020}
}

@article{xie2020generative,
  title={Generative VoxelNet: learning energy-based models for 3D shape synthesis and analysis},
  author={Xie, Jianwen and Zheng, Zilong and Gao, Ruiqi and Wang, Wenguan and Zhu, Song-Chun and Wu, Ying Nian},
  journal={IEEE Transactions on Pattern Analysis and Machine Intelligence},
  volume={44},
  number={5},
  year={2020},
  publisher={IEEE}
}



@inproceedings{messaoud2020can,
  title={Can We Learn Heuristics For Graphical Model Inference Using Reinforcement Learning?},
  author={Messaoud, Safa and Kumar, Maghav and Schwing, Alexander G},
  booktitle={CVPR Workshops},
  pages={766--767},
  year={2020}
}

@inproceedings{messaoud2018structural,
  title={Structural consistency and controllability for diverse colorization},
  author={Messaoud, Safa and Forsyth, David and Schwing, Alexander G},
  booktitle={ECCV},
  pages={596--612},
  year={2018}
}

@phdthesis{messaoud2021toward,
  title={Toward More Scalable Structured Models},
  author={Messaoud, Safa},
  year={2021},
  school={University of Illinois Urbana-Champaign}
}

@article{xu2022energy,
  title={Energy-based continuous inverse optimal control},
  author={Xu, Yifei and Xie, Jianwen and Zhao, Tianyang and Baker, Chris and Zhao, Yibiao and Wu, Ying Nian},
  journal={IEEE transactions on neural networks and learning systems},
  year={2022},
  publisher={IEEE}
}


@InProceedings{Zheng_2021_CVPR,
    author    = {Zheng, Zilong and Xie, Jianwen and Li, Ping},
    title     = {Patchwise Generative ConvNet: Training Energy-Based Models From a Single Natural Image for Internal Learning},
    booktitle = {CVPR},
    month     = {June},
    year      = {2021},
    pages     = {2961-2970}
}

@inproceedings{xie2021learning,
  title={Learning cycle-consistent cooperative networks via alternating MCMC teaching for unsupervised cross-domain translation},
  author={Xie, Jianwen and Zheng, Zilong and Fang, Xiaolin and Zhu, Song-Chun and Wu, Ying Nian},
  booktitle={AAAI},
  volume={35},
  number={12},
  pages={10430--10440},
  year={2021}
}

@unknown{moleculr,
author = {Pang, Bo and Han, Tian and Wu, Yingnian},
year = {2020},
month = {10},
pages = {},
title = {Learning Latent Space Energy-Based Prior Model for Molecule Generation}
}

@inproceedings{pang2021trajectory,
  title={Trajectory prediction with latent belief energy-based model},
  author={Pang, Bo and Zhao, Tianyang and Xie, Xu and Wu, Ying Nian},
  booktitle={CVPR},
  pages={11814--11824},
  year={2021}
}5