@inproceedings{ANCE,
  author       = {Lee Xiong and
                  Chenyan Xiong and
                  Ye Li and
                  Kwok{-}Fung Tang and
                  Jialin Liu and
                  Paul N. Bennett and
                  Junaid Ahmed and
                  Arnold Overwijk},
  title        = {Approximate Nearest Neighbor Negative Contrastive Learning for Dense
                  Text Retrieval},
  booktitle    = {9th International Conference on Learning Representations, {ICLR} 2021,
                  Virtual Event, Austria, May 3-7, 2021},
  publisher    = {OpenReview.net},
  year         = {2021},
  url          = {https://openreview.net/forum?id=zeFrfgyZln},
  timestamp    = {Wed, 23 Jun 2021 17:36:39 +0200},
  biburl       = {https://dblp.org/rec/conf/iclr/XiongXLTLBAO21.bib},
  bibsource    = {dblp computer science bibliography, https://dblp.org}
}

@article{BM25,
  title={The probabilistic relevance framework: BM25 and beyond},
  author={Robertson, Stephen and Zaragoza, Hugo and others},
  journal={Foundations and Trends{\textregistered} in Information Retrieval},
  volume={3},
  number={4},
  pages={333--389},
  year={2009},
  publisher={Now Publishers, Inc.}
}

@inproceedings{DPR,
  author       = {Vladimir Karpukhin and
                  Barlas Oguz and
                  Sewon Min and
                  Patrick S. H. Lewis and
                  Ledell Wu and
                  Sergey Edunov and
                  Danqi Chen and
                  Wen{-}tau Yih},
  editor       = {Bonnie Webber and
                  Trevor Cohn and
                  Yulan He and
                  Yang Liu},
  title        = {Dense Passage Retrieval for Open-Domain Question Answering},
  booktitle    = {Proceedings of the 2020 Conference on Empirical Methods in Natural
                  Language Processing, {EMNLP} 2020, Online, November 16-20, 2020},
  pages        = {6769--6781},
  publisher    = {Association for Computational Linguistics},
  year         = {2020},
  url          = {https://doi.org/10.18653/v1/2020.emnlp-main.550},
  doi          = {10.18653/V1/2020.EMNLP-MAIN.550},
  timestamp    = {Thu, 14 Dec 2023 18:03:42 +0100},
  biburl       = {https://dblp.org/rec/conf/emnlp/KarpukhinOMLWEC20.bib},
  bibsource    = {dblp computer science bibliography, https://dblp.org}
}

@inproceedings{DSI,
  author       = {Yi Tay and
                  Vinh Tran and
                  Mostafa Dehghani and
                  Jianmo Ni and
                  Dara Bahri and
                  Harsh Mehta and
                  Zhen Qin and
                  Kai Hui and
                  Zhe Zhao and
                  Jai Prakash Gupta and
                  Tal Schuster and
                  William W. Cohen and
                  Donald Metzler},
  editor       = {Sanmi Koyejo and
                  S. Mohamed and
                  A. Agarwal and
                  Danielle Belgrave and
                  K. Cho and
                  A. Oh},
  title        = {Transformer Memory as a Differentiable Search Index},
  booktitle    = {Advances in Neural Information Processing Systems 35: Annual Conference
                  on Neural Information Processing Systems 2022, NeurIPS 2022, New Orleans,
                  LA, USA, November 28 - December 9, 2022},
  year         = {2022},
  url          = {http://papers.nips.cc/paper\_files/paper/2022/hash/892840a6123b5ec99ebaab8be1530fba-Abstract-Conference.html},
  timestamp    = {Mon, 08 Jan 2024 16:31:37 +0100},
  biburl       = {https://dblp.org/rec/conf/nips/Tay00NBM000GSCM22.bib},
  bibsource    = {dblp computer science bibliography, https://dblp.org}
}

@inproceedings{GENRE,
  author       = {Nicola De Cao and
                  Gautier Izacard and
                  Sebastian Riedel and
                  Fabio Petroni},
  title        = {Autoregressive Entity Retrieval},
  booktitle    = {9th International Conference on Learning Representations, {ICLR} 2021,
                  Virtual Event, Austria, May 3-7, 2021},
  publisher    = {OpenReview.net},
  year         = {2021},
  url          = {https://openreview.net/forum?id=5k8F6UU39V},
  timestamp    = {Wed, 23 Jun 2021 17:36:39 +0200},
  biburl       = {https://dblp.org/rec/conf/iclr/CaoI0P21.bib},
  bibsource    = {dblp computer science bibliography, https://dblp.org}
}

@inproceedings{GLEN,
  author       = {Sunkyung Lee and
                  Minjin Choi and
                  Jongwuk Lee and X},
  editor       = {Houda Bouamor and
                  Juan Pino and
                  Kalika Bali},
  title        = {{GLEN:} Generative Retrieval via Lexical Index Learning},
  booktitle    = {Proceedings of the 2023 Conference on Empirical Methods in Natural
                  Language Processing, {EMNLP} 2023, Singapore, December 6-10, 2023},
  pages        = {7693--7704},
  publisher    = {Association for Computational Linguistics},
  year         = {2023},
  url          = {https://doi.org/10.18653/v1/2023.emnlp-main.477},
  doi          = {10.18653/V1/2023.EMNLP-MAIN.477},
  timestamp    = {Fri, 12 Apr 2024 13:11:51 +0200},
  biburl       = {https://dblp.org/rec/conf/emnlp/00010L23.bib},
  bibsource    = {dblp computer science bibliography, https://dblp.org}
}

@inproceedings{GTR-base,
  author       = {Jianmo Ni and
                  Chen Qu and
                  Jing Lu and
                  Zhuyun Dai and
                  Gustavo Hern{\'{a}}ndez {\'{A}}brego and
                  Ji Ma and
                  Vincent Y. Zhao and
                  Yi Luan and
                  Keith B. Hall and
                  Ming{-}Wei Chang and
                  Yinfei Yang},
  editor       = {Yoav Goldberg and
                  Zornitsa Kozareva and
                  Yue Zhang},
  title        = {Large Dual Encoders Are Generalizable Retrievers},
  booktitle    = {Proceedings of the 2022 Conference on Empirical Methods in Natural
                  Language Processing, {EMNLP} 2022, Abu Dhabi, United Arab Emirates,
                  December 7-11, 2022},
  pages        = {9844--9855},
  publisher    = {Association for Computational Linguistics},
  year         = {2022},
  url          = {https://doi.org/10.18653/v1/2022.emnlp-main.669},
  doi          = {10.18653/V1/2022.EMNLP-MAIN.669},
  timestamp    = {Thu, 10 Aug 2023 12:35:29 +0200},
  biburl       = {https://dblp.org/rec/conf/emnlp/Ni0LDAMZLHCY22.bib},
  bibsource    = {dblp computer science bibliography, https://dblp.org}
}

@inproceedings{Genret,
  author       = {Yujing Wang and
                  Yingyan Hou and
                  Haonan Wang and
                  Ziming Miao and
                  Shibin Wu and
                  Qi Chen and
                  Yuqing Xia and
                  Chengmin Chi and
                  Guoshuai Zhao and
                  Zheng Liu and
                  Xing Xie and
                  Hao Sun and
                  Weiwei Deng and
                  Qi Zhang and
                  Mao Yang},
  editor       = {Sanmi Koyejo and
                  S. Mohamed and
                  A. Agarwal and
                  Danielle Belgrave and
                  K. Cho and
                  A. Oh},
  title        = {A Neural Corpus Indexer for Document Retrieval},
  booktitle    = {Advances in Neural Information Processing Systems 35: Annual Conference
                  on Neural Information Processing Systems 2022, NeurIPS 2022, New Orleans,
                  LA, USA, November 28 - December 9, 2022},
  year         = {2022},
  url          = {http://papers.nips.cc/paper\_files/paper/2022/hash/a46156bd3579c3b268108ea6aca71d13-Abstract-Conference.html},
  timestamp    = {Sat, 27 Jul 2024 13:40:02 +0200},
  biburl       = {https://dblp.org/rec/conf/nips/WangHWMWCXCZL0022.bib},
  bibsource    = {dblp computer science bibliography, https://dblp.org}
}

@inproceedings{LTRGR,
  author       = {Yongqi Li and
                  Nan Yang and
                  Liang Wang and
                  Furu Wei and
                  Wenjie Li},
  editor       = {Michael J. Wooldridge and
                  Jennifer G. Dy and
                  Sriraam Natarajan},
  title        = {Learning to Rank in Generative Retrieval},
  booktitle    = {Thirty-Eighth {AAAI} Conference on Artificial Intelligence, {AAAI}
                  2024, Thirty-Sixth Conference on Innovative Applications of Artificial
                  Intelligence, {IAAI} 2024, Fourteenth Symposium on Educational Advances
                  in Artificial Intelligence, {EAAI} 2014, February 20-27, 2024, Vancouver,
                  Canada},
  pages        = {8716--8723},
  publisher    = {{AAAI} Press},
  year         = {2024},
  url          = {https://doi.org/10.1609/aaai.v38i8.28717},
  doi          = {10.1609/AAAI.V38I8.28717},
  timestamp    = {Mon, 29 Jul 2024 16:50:05 +0200},
  biburl       = {https://dblp.org/rec/conf/aaai/00010WWL24.bib},
  bibsource    = {dblp computer science bibliography, https://dblp.org}
}

@inproceedings{MINDER,
  author       = {Yongqi Li and
                  Nan Yang and
                  Liang Wang and
                  Furu Wei and
                  Wenjie Li},
  editor       = {Anna Rogers and
                  Jordan L. Boyd{-}Graber and
                  Naoaki Okazaki},
  title        = {Multiview Identifiers Enhanced Generative Retrieval},
  booktitle    = {Proceedings of the 61st Annual Meeting of the Association for Computational
                  Linguistics (Volume 1: Long Papers), {ACL} 2023, Toronto, Canada,
                  July 9-14, 2023},
  pages        = {6636--6648},
  publisher    = {Association for Computational Linguistics},
  year         = {2023},
  url          = {https://doi.org/10.18653/v1/2023.acl-long.366},
  doi          = {10.18653/V1/2023.ACL-LONG.366},
  timestamp    = {Fri, 19 Jul 2024 08:52:31 +0200},
  biburl       = {https://dblp.org/rec/conf/acl/0001YWWL23.bib},
  bibsource    = {dblp computer science bibliography, https://dblp.org}
}

@inproceedings{NCI,
  author       = {Yujing Wang and
                  Yingyan Hou and
                  Haonan Wang and
                  Ziming Miao and
                  Shibin Wu and
                  Qi Chen and
                  Yuqing Xia and
                  Chengmin Chi and
                  Guoshuai Zhao and
                  Zheng Liu and
                  Xing Xie and
                  Hao Sun and
                  Weiwei Deng and
                  Qi Zhang and
                  Mao Yang},
  editor       = {Sanmi Koyejo and
                  S. Mohamed and
                  A. Agarwal and
                  Danielle Belgrave and
                  K. Cho and
                  A. Oh},
  title        = {A Neural Corpus Indexer for Document Retrieval},
  booktitle    = {Advances in Neural Information Processing Systems 35: Annual Conference
                  on Neural Information Processing Systems 2022, NeurIPS 2022, New Orleans,
                  LA, USA, November 28 - December 9, 2022},
  year         = {2022},
  url          = {http://papers.nips.cc/paper\_files/paper/2022/hash/a46156bd3579c3b268108ea6aca71d13-Abstract-Conference.html},
  timestamp    = {Sat, 27 Jul 2024 13:40:02 +0200},
  biburl       = {https://dblp.org/rec/conf/nips/WangHWMWCXCZL0022.bib},
  bibsource    = {dblp computer science bibliography, https://dblp.org}
}

@inproceedings{NOVO,
  author       = {Zihan Wang and
                  Yujia Zhou and
                  Yiteng Tu and
                  Zhicheng Dou},
  editor       = {Ingo Frommholz and
                  Frank Hopfgartner and
                  Mark Lee and
                  Michael Oakes and
                  Mounia Lalmas and
                  Min Zhang and
                  Rodrygo L. T. Santos},
  title        = {{NOVO:} Learnable and Interpretable Document Identifiers for Model-Based
                  {IR}},
  booktitle    = {Proceedings of the 32nd {ACM} International Conference on Information
                  and Knowledge Management, {CIKM} 2023, Birmingham, United Kingdom,
                  October 21-25, 2023},
  pages        = {2656--2665},
  publisher    = {{ACM}},
  year         = {2023},
  url          = {https://doi.org/10.1145/3583780.3614993},
  doi          = {10.1145/3583780.3614993},
  timestamp    = {Fri, 27 Oct 2023 20:40:49 +0200},
  biburl       = {https://dblp.org/rec/conf/cikm/Wang0TD23.bib},
  bibsource    = {dblp computer science bibliography, https://dblp.org}
}

@inproceedings{SEAL,
  author       = {Michele Bevilacqua and
                  Giuseppe Ottaviano and
                  Patrick S. H. Lewis and
                  Scott Yih and
                  Sebastian Riedel and
                  Fabio Petroni},
  editor       = {Sanmi Koyejo and
                  S. Mohamed and
                  A. Agarwal and
                  Danielle Belgrave and
                  K. Cho and
                  A. Oh},
  title        = {Autoregressive Search Engines: Generating Substrings as Document Identifiers},
  booktitle    = {Advances in Neural Information Processing Systems 35: Annual Conference
                  on Neural Information Processing Systems 2022, NeurIPS 2022, New Orleans,
                  LA, USA, November 28 - December 9, 2022},
  year         = {2022},
  url          = {http://papers.nips.cc/paper\_files/paper/2022/hash/cd88d62a2063fdaf7ce6f9068fb15dcd-Abstract-Conference.html},
  timestamp    = {Mon, 08 Jan 2024 16:31:27 +0100},
  biburl       = {https://dblp.org/rec/conf/nips/BevilacquaOLY0P22.bib},
  bibsource    = {dblp computer science bibliography, https://dblp.org}
}

@article{SentenceT5,
  author       = {Jianmo Ni and
                  Gustavo Hern{\'{a}}ndez {\'{A}}brego and
                  Noah Constant and
                  Ji Ma and
                  Keith B. Hall and
                  Daniel Cer and
                  Yinfei Yang},
  title        = {Sentence-T5: Scalable Sentence Encoders from Pre-trained Text-to-Text
                  Models},
  journal      = {CoRR},
  volume       = {abs/2108.08877},
  year         = {2021},
  url          = {https://arxiv.org/abs/2108.08877},
  eprinttype    = {arXiv},
  eprint       = {2108.08877},
  timestamp    = {Mon, 23 Aug 2021 14:07:13 +0200},
  biburl       = {https://dblp.org/rec/journals/corr/abs-2108-08877.bib},
  bibsource    = {dblp computer science bibliography, https://dblp.org}
}

@inproceedings{TFIDF,
  title={On relevance weights with little relevance information},
  author={Robertson, Stephen E and Walker, Steve},
  booktitle={Proceedings of the 20th annual international ACM SIGIR conference on Research and development in information retrieval},
  pages={16--24},
  year={1997}
}

@inproceedings{contrastive1,
  author       = {Prannay Khosla and
                  Piotr Teterwak and
                  Chen Wang and
                  Aaron Sarna and
                  Yonglong Tian and
                  Phillip Isola and
                  Aaron Maschinot and
                  Ce Liu and
                  Dilip Krishnan},
  editor       = {Hugo Larochelle and
                  Marc'Aurelio Ranzato and
                  Raia Hadsell and
                  Maria{-}Florina Balcan and
                  Hsuan{-}Tien Lin},
  title        = {Supervised Contrastive Learning},
  booktitle    = {Advances in Neural Information Processing Systems 33: Annual Conference
                  on Neural Information Processing Systems 2020, NeurIPS 2020, December
                  6-12, 2020, virtual},
  year         = {2020},
  url          = {https://proceedings.neurips.cc/paper/2020/hash/d89a66c7c80a29b1bdbab0f2a1a94af8-Abstract.html},
  timestamp    = {Wed, 17 Jul 2024 16:21:25 +0200},
  biburl       = {https://dblp.org/rec/conf/nips/KhoslaTWSTIMLK20.bib},
  bibsource    = {dblp computer science bibliography, https://dblp.org}
}

@inproceedings{contrastive2,
  author       = {Tianyu Gao and
                  Xingcheng Yao and
                  Danqi Chen},
  editor       = {Marie{-}Francine Moens and
                  Xuanjing Huang and
                  Lucia Specia and
                  Scott Wen{-}tau Yih},
  title        = {SimCSE: Simple Contrastive Learning of Sentence Embeddings},
  booktitle    = {Proceedings of the 2021 Conference on Empirical Methods in Natural
                  Language Processing, {EMNLP} 2021, Virtual Event / Punta Cana, Dominican
                  Republic, 7-11 November, 2021},
  pages        = {6894--6910},
  publisher    = {Association for Computational Linguistics},
  year         = {2021},
  url          = {https://doi.org/10.18653/v1/2021.emnlp-main.552},
  doi          = {10.18653/V1/2021.EMNLP-MAIN.552},
  timestamp    = {Thu, 25 Apr 2024 15:20:37 +0200},
  biburl       = {https://dblp.org/rec/conf/emnlp/GaoYC21.bib},
  bibsource    = {dblp computer science bibliography, https://dblp.org}
}

@inproceedings{dense1,
  author       = {Kenton Lee and
                  Ming{-}Wei Chang and
                  Kristina Toutanova},
  editor       = {Anna Korhonen and
                  David R. Traum and
                  Llu{\'{\i}}s M{\`{a}}rquez},
  title        = {Latent Retrieval for Weakly Supervised Open Domain Question Answering},
  booktitle    = {Proceedings of the 57th Conference of the Association for Computational
                  Linguistics, {ACL} 2019, Florence, Italy, July 28- August 2, 2019,
                  Volume 1: Long Papers},
  pages        = {6086--6096},
  publisher    = {Association for Computational Linguistics},
  year         = {2019},
  url          = {https://doi.org/10.18653/v1/p19-1612},
  doi          = {10.18653/V1/P19-1612},
  timestamp    = {Fri, 06 Aug 2021 00:41:01 +0200},
  biburl       = {https://dblp.org/rec/conf/acl/LeeCT19.bib},
  bibsource    = {dblp computer science bibliography, https://dblp.org}
}

