@article{brohan2023rt,
  title={Rt-2: Vision-language-action models transfer web knowledge to robotic control},
  author={Brohan, Anthony and Brown, Noah and Carbajal, Justice and Chebotar, Yevgen and Chen, Xi and Choromanski, Krzysztof and Ding, Tianli and Driess, Danny and Dubey, Avinava and Finn, Chelsea and others},
  journal={arXiv preprint arXiv:2307.15818},
  year={2023}
}

@inproceedings{cauli2018autonomous,
  title={Autonomous table-cleaning from kinesthetic demonstrations using Deep Learning},
  author={Cauli, Nino and Vicente, Pedro and Kim, Jaeseok and Damas, Bruno and Bernardino, Alexandre and Cavallo, Filippo and Santos-Victor, Jos{\'e}},
  booktitle={2018 Joint IEEE 8th International Conference on Development and Learning and Epigenetic Robotics (ICDL-EpiRob)},
  pages={26--32},
  year={2018},
  organization={IEEE}
}

@inproceedings{elliott2017learning,
  title={Learning generalizable surface cleaning actions from demonstration},
  author={Elliott, Sarah and Xu, Zhe and Cakmak, Maya},
  booktitle={2017 26th IEEE international symposium on robot and human interactive communication (RO-MAN)},
  pages={993--999},
  year={2017},
  organization={IEEE}
}

@inproceedings{elliott2018robotic,
  title={Robotic cleaning through dirt rearrangement planning with learned transition models},
  author={Elliott, Sarah and Cakmak, Maya},
  booktitle={2018 IEEE International Conference on Robotics and Automation (ICRA)},
  year={2018},
} % organization={IEEE} pages={1623--1630}

@article{gams2016adaptation,
  title={Adaptation and coaching of periodic motion primitives through physical and visual interaction},
  author={Gams, Andrej and Petri{\v{c}}, Tadej and Do, Martin and Nemec, Bojan and Morimoto, Jun and Asfour, Tamim and Ude, Ale{\v{s}}},
  journal={Robotics and Autonomous Systems},
  volume={75},
  pages={340--351},
  year={2016},
  publisher={Elsevier}
}

@inproceedings{hess2011learning,
  title={Learning the state transition model to efficiently clean surfaces with mobile manipulation robots},
  author={Hess, J{\"u}rgen and Sturm, J{\"u}rgen and Burgard, Wolfram},
  booktitle={Proc. of the Workshop on Manipulation under Uncertainty at the IEEE International Conference on Robotics and Automation (ICRA)},
  year={2011}
}

@inproceedings{kawaharazuka2022learning,
  title={Learning-Based Wiping Behavior of Low-Rigidity Robots Considering Various Surface Materials and Task Definitions},
  author={Kawaharazuka, Kento and Kanazawa, Naoaki and Okada, Kei and Inaba, Masayuki},
  booktitle={2022 IEEE-RAS 21st International Conference on Humanoid Robots (Humanoids)},
  pages={919--924},
  year={2022},
  organization={IEEE}
}

@inproceedings{kim2018icub,
  title={“iCub, clean the table!” A robot learning from demonstration approach using Deep Neural Networks},
  author={Kim, Jaeseok and Cauli, Nino and Vicente, Pedro and Damas, Bruno and Cavallo, Filippo and Santos-Victor, Jos{\'e}},
  booktitle={2018 IEEE international conference on autonomous robot systems and competitions (ICARSC)},
}  % pages={3--9}, year={2018}, organization={IEEE}

@inproceedings{lew2023robotic,
  title={Robotic table wiping via reinforcement learning and whole-body trajectory optimization},
  author={Lew, Thomas and Singh, Sumeet and Prats, Mario and Bingham, Jeffrey and Weisz, Jonathan and Holson, Benjie and Zhang, Xiaohan and Sindhwani, Vikas and Lu, Yao and Xia, Fei and others},
  booktitle={2023 IEEE International Conference on Robotics and Automation (ICRA)},
  pages={7184--7190},
  year={2023},
  organization={IEEE}
}

@article{li2022real,
  title={Real-time normal contact force control for robotic surface processing of workpieces without a priori geometric model},
  author={Li, Jian and Guan, Yisheng and Chen, Haowen and Wang, Bing and Zhang, Tao and Hong, Jie and Wang, Danwei},
  journal={The International Journal of Advanced Manufacturing Technology},
  pages={1--15},
  year={2022},
  publisher={Springer}
}

@article{lin2022real,
  title={Real-time robot pose correction on curved surface employing 6-axis force/torque sensor},
  author={Lin, Chyi-Yeu and Tran, Chi-Cuong and Shah, Syed Humayoon and Ahmad, Anton Royanto},
  journal={IEEE Access},
  volume={10},
  pages={90149--90162},
  year={2022},
  publisher={IEEE}
}

@article{ma2023eureka,
  title={Eureka: Human-level reward design via coding large language models},
  author={Ma, Yecheng Jason and Liang, William and Wang, Guanzhi and Huang, De-An and Bastani, Osbert and Jayaraman, Dinesh and Zhu, Yuke and Fan, Linxi and Anandkumar, Anima},
  journal={arXiv preprint arXiv:2310.12931},
  year={2023}
}

@inproceedings{qian2019sensorless,
  title={Sensorless hybrid normal-force controller with surface prediction},
  author={Qian, Yingjie and Yuan, Jianjun and Bao, Sheng and Gao, Liming},
  booktitle={2019 IEEE International Conference on Robotics and Biomimetics (ROBIO)},
  year={2019},
  organization={IEEE}
}  % pages={83--88}

@inproceedings{saito2020wiping,
  title={Wiping 3D-objects using deep learning model based on image/force/joint information},
  author={Saito, Namiko and Wang, Danyang and Ogata, Tetsuya and Mori, Hiroki and Sugano, Shigeki},
  booktitle={2020 IEEE/RSJ International Conference on Intelligent Robots and Systems (IROS)},
  pages={10152--10157},
  year={2020},
  organization={IEEE}
}

@article{saito2021utilization,
  title={Utilization of image/force/tactile sensor data for object-shape-oriented manipulation: Wiping objects with turning back motions and occlusion},
  author={Saito, Namiko and Shimizu, Takumi and Ogata, Tetsuya and Sugano, Shigeki},
  journal={IEEE Robotics and Automation Letters},
  volume={7},
  number={2},
  pages={968--975},
  year={2021},
  publisher={IEEE}
}

@article{suomalainen2022survey,
  title={A survey of robot manipulation in contact},
  author={Suomalainen, Markku and Karayiannidis, Yiannis and Kyrki, Ville},
  journal={Robotics and Autonomous Systems},
  year={2022},
  publisher={Elsevier}
} % volume={156}, pages={104224}

@article{xie2023text2reward,
  title={Text2reward: Automated dense reward function generation for reinforcement learning},
  author={Xie, Tianbao and Zhao, Siheng and Wu, Chen Henry and Liu, Yitao and Luo, Qian and Zhong, Victor and Yang, Yanchao and Yu, Tao},
  journal={arXiv preprint arXiv:2309.11489},
  year={2023}
}

@article{yin2020table,
  title={Table cleaning task by human support robot using deep learning technique},
  author={Yin, Jia and Apuroop, Koppaka Ganesh Sai and Tamilselvam, Yokhesh Krishnasamy and Mohan, Rajesh Elara and Ramalingam, Balakrishnan and Le, Anh Vu},
  journal={Sensors},
  volume={20},
  number={6},
  pages={1698},
  year={2020},
  publisher={MDPI}
}

@article{yu2023language,
  title={Language to Rewards for Robotic Skill Synthesis},
  author={Yu, Wenhao and Gileadi, Nimrod and Fu, Chuyuan and Kirmani, Sean and Lee, Kuang-Huei and Arenas, Montse Gonzalez and Chiang, Hao-Tien Lewis and Erez, Tom and Hasenclever, Leonard and Humplik, Jan and others},
  journal={preprint arXiv:2306.08647},
  year={2023}
}

@inproceedings{zapico2024semi,
  title={Semi-autonomous surface-tracking tasks using omnidirectional mobile manipulators},
  author={Zapico, Carlos Suarez and Petillot, Yvan and Erden, Mustafa Suphi},
  booktitle={2024 IEEE International Conference on Robotics and Automation (ICRA)},
  pages={2176--2182},
  year={2024},
  organization={IEEE}
}

@article{zhang2020robotic,
  title={Robotic curved surface tracking with a neural network for angle identification and constant force control based on reinforcement learning},
  author={Zhang, Tie and Xiao, Meng and Zou, Yan-biao and Xiao, Jia-dong and Chen, Shou-yan},
  journal={International Journal of Precision Engineering and Manufacturing},
  year={2020},
  publisher={Springer}
} % volume={21}, pages={869--882}

