@article{haarnoja2018soft,
  title={Soft actor-critic algorithms and applications},
  author={Haarnoja, Tuomas and Zhou, Aurick and Hartikainen, Kristian and Tucker, George and Ha, Sehoon and Tan, Jie and Kumar, Vikash and Zhu, Henry and Gupta, Abhishek and Abbeel, Pieter and others},
  journal={arXiv preprint arXiv:1812.05905},
  year={2018}
}


@article{hayes2022practical,
  title={A practical guide to multi-objective reinforcement learning and planning},
  author={Hayes, Conor F and R{\u{a}}dulescu, Roxana and Bargiacchi, Eugenio and K{\"a}llstr{\"o}m, Johan and Macfarlane, Matthew and Reymond, Mathieu and Verstraeten, Timothy and Zintgraf, Luisa M and Dazeley, Richard and Heintz, Fredrik and others},
  journal={Autonomous Agents and Multi-Agent Systems},
  volume={36},
  number={1},
  pages={26},
  year={2022},
  publisher={Springer}
}


@inproceedings{kurach2020google,
  title={Google research football: A novel reinforcement learning environment},
  author={Kurach, Karol and Raichuk, Anton and Stanczyk, Piotr and Zajkac, Michal and Bachem, Olivier and Espeholt, Lasse and Riquelme, Carlos and Vincent, Damien and Michalski, Marcin and Bousquet, Olivier and others},
  booktitle={Proceedings of the AAAI conference on artificial intelligence},
  volume={34},
  number={04},
  pages={4501--4510},
  year={2020}
}

@article{achiam2023gpt,
  title={Gpt-4 technical report},
  author={Achiam, Josh and Adler, Steven and Agarwal, Sandhini and Ahmad, Lama and Akkaya, Ilge and Aleman, Florencia Leoni and Almeida, Diogo and Altenschmidt, Janko and Altman, Sam and Anadkat, Shyamal and others},
  journal={arXiv preprint arXiv:2303.08774},
  year={2023}
}

@inproceedings{todorov2012mujoco,
  title={Mujoco: A physics engine for model-based control},
  author={Todorov, Emanuel and Erez, Tom and Tassa, Yuval},
  booktitle={2012 IEEE/RSJ international conference on intelligent robots and systems},
  pages={5026--5033},
  year={2012},
  organization={IEEE}
}


@article{zhu2020robosuite,
  title={robosuite: A modular simulation framework and benchmark for robot learning},
  author={Zhu, Yuke and Wong, Josiah and Mandlekar, Ajay and Mart{\'\i}n-Mart{\'\i}n, Roberto and Joshi, Abhishek and Nasiriany, Soroush and Zhu, Yifeng},
  journal={preprint arXiv:2009.12293},
  year={2020}
} % arXiv 


%for related work%

% locomotion examples
@article{lee2020learning,
  title={Learning quadrupedal locomotion over challenging terrain},
  author={Lee, Joonho and Hwangbo, Jemin and Wellhausen, Lorenz and Koltun, Vladlen and Hutter, Marco},
  journal={Science robotics},
  volume={5},
  number={47},
  pages={eabc5986},
  year={2020},
  publisher={American Association for the Advancement of Science}
}


@article{kumar2021rma,
  title={Rma: Rapid motor adaptation for legged robots},
  author={Kumar, Ashish and Fu, Zipeng and Pathak, Deepak and Malik, Jitendra},
  journal={arXiv preprint arXiv:2107.04034},
  year={2021}
}

@inproceedings{rudin2022learning,
  title={Learning to walk in minutes using massively parallel deep reinforcement learning},
  author={Rudin, Nikita and Hoeller, David and Reist, Philipp and Hutter, Marco},
  booktitle={Conference on Robot Learning},
  pages={91--100},
  year={2022},
  organization={PMLR}
}

% manipulation examples
@inproceedings{rusu2017sim,
  title={Sim-to-real robot learning from pixels with progressive nets},
  author={Rusu, Andrei A and Ve{\v{c}}er{\'\i}k, Matej and Roth{\"o}rl, Thomas and Heess, Nicolas and Pascanu, Razvan and Hadsell, Raia},
  booktitle={Conference on robot learning},
  pages={262--270},
  year={2017},
  organization={PMLR}
}

@article{akkaya2019solving,
  title={Solving rubik's cube with a robot hand},
  author={Akkaya, Ilge and Andrychowicz, Marcin and Chociej, Maciek and Litwin, Mateusz and McGrew, Bob and Petron, Arthur and Paino, Alex and Plappert, Matthias and Powell, Glenn and Ribas, Raphael and others},
  journal={arXiv preprint arXiv:1910.07113},
  year={2019}
}

@article{lobbezoo2021reinforcement,
  title={Reinforcement learning for pick and place operations in robotics: A survey},
  author={Lobbezoo, Andrew and Qian, Yanjun and Kwon, Hyock-Ju},
  journal={Robotics},
  volume={10},
  number={3},
  pages={105},
  year={2021},
  publisher={MDPI}
}

@article{brohan2023rt,
  title={Rt-2: Vision-language-action models transfer web knowledge to robotic control},
  author={Brohan, Anthony and Brown, Noah and Carbajal, Justice and Chebotar, Yevgen and Chen, Xi and Choromanski, Krzysztof and Ding, Tianli and Driess, Danny and Dubey, Avinava and Finn, Chelsea and others},
  journal={arXiv preprint arXiv:2307.15818},
  year={2023}
}


%% robotics

%27
@inproceedings{hess2011learning,
  title={Learning the state transition model to efficiently clean surfaces with mobile manipulation robots},
  author={Hess, J{\"u}rgen and Sturm, J{\"u}rgen and Burgard, Wolfram},
  booktitle={Proc. of the Workshop on Manipulation under Uncertainty at the IEEE International Conference on Robotics and Automation (ICRA)},
  year={2011}
}

%28
@article{leidner2016robotic,
  title={Robotic agents representing, reasoning, and executing wiping tasks for daily household chores},
  author={Leidner, Daniel and Bejjani, Wissam and Albu-Sch{\"a}ffer, Alin and Beetz, Michael},
  journal={AUTONOMOUS AGENTS AND MULTI-AGENT SYSTEMS},
  year={2016}
}

%34
@article{gams2016adaptation,
  title={Adaptation and coaching of periodic motion primitives through physical and visual interaction},
  author={Gams, Andrej and Petri{\v{c}}, Tadej and Do, Martin and Nemec, Bojan and Morimoto, Jun and Asfour, Tamim and Ude, Ale{\v{s}}},
  journal={Robotics and Autonomous Systems},
  volume={75},
  pages={340--351},
  year={2016},
  publisher={Elsevier}
}

%31
@inproceedings{finn2017deep,
  title={Deep visual foresight for planning robot motion},
  author={Finn, Chelsea and Levine, Sergey},
  booktitle={2017 IEEE International Conference on Robotics and Automation (ICRA)},
  pages={2786--2793},
  year={2017},
  organization={IEEE}
}

%35
@inproceedings{elliott2017learning,
  title={Learning generalizable surface cleaning actions from demonstration},
  author={Elliott, Sarah and Xu, Zhe and Cakmak, Maya},
  booktitle={2017 26th IEEE international symposium on robot and human interactive communication (RO-MAN)},
  pages={993--999},
  year={2017},
  organization={IEEE}
}


%29
@inproceedings{elliott2018robotic,
  title={Robotic cleaning through dirt rearrangement planning with learned transition models},
  author={Elliott, Sarah and Cakmak, Maya},
  booktitle={2018 IEEE International Conference on Robotics and Automation (ICRA)},
  year={2018},
} % organization={IEEE} pages={1623--1630},

%32
@inproceedings{kim2018icub,
  title={“iCub, clean the table!” A robot learning from demonstration approach using Deep Neural Networks},
  author={Kim, Jaeseok and Cauli, Nino and Vicente, Pedro and Damas, Bruno and Cavallo, Filippo and Santos-Victor, Jos{\'e}},
  booktitle={2018 IEEE international conference on autonomous robot systems and competitions (ICARSC)},
}  % pages={3--9}, year={2018}, organization={IEEE}

%33
@inproceedings{liu2018imitation,
  title={Imitation from observation: Learning to imitate behaviors from raw video via context translation},
  author={Liu, YuXuan and Gupta, Abhishek and Abbeel, Pieter and Levine, Sergey},
  booktitle={2018 IEEE International Conference on Robotics and Automation (ICRA)},
  pages={1118--1125},
  year={2018},
  organization={IEEE}
}

%36
@inproceedings{cauli2018autonomous,
  title={Autonomous table-cleaning from kinesthetic demonstrations using Deep Learning},
  author={Cauli, Nino and Vicente, Pedro and Kim, Jaeseok and Damas, Bruno and Bernardino, Alexandre and Cavallo, Filippo and Santos-Victor, Jos{\'e}},
  booktitle={2018 Joint IEEE 8th International Conference on Development and Learning and Epigenetic Robotics (ICDL-EpiRob)},
  pages={26--32},
  year={2018},
  organization={IEEE}
}


%26
@article{yin2020table,
  title={Table cleaning task by human support robot using deep learning technique},
  author={Yin, Jia and Apuroop, Koppaka Ganesh Sai and Tamilselvam, Yokhesh Krishnasamy and Mohan, Rajesh Elara and Ramalingam, Balakrishnan and Le, Anh Vu},
  journal={Sensors},
  volume={20},
  number={6},
  pages={1698},
  year={2020},
  publisher={MDPI}
}

%37
@inproceedings{shridhar2022cliport,
  title={Cliport: What and where pathways for robotic manipulation},
  author={Shridhar, Mohit and Manuelli, Lucas and Fox, Dieter},
  booktitle={Conference on Robot Learning},
  pages={894--906},
  year={2022},
  organization={PMLR}
}


%google
@inproceedings{lew2023robotic,
  title={Robotic table wiping via reinforcement learning and whole-body trajectory optimization},
  author={Lew, Thomas and Singh, Sumeet and Prats, Mario and Bingham, Jeffrey and Weisz, Jonathan and Holson, Benjie and Zhang, Xiaohan and Sindhwani, Vikas and Lu, Yao and Xia, Fei and others},
  booktitle={2023 IEEE International Conference on Robotics and Automation (ICRA)},
  pages={7184--7190},
  year={2023},
  organization={IEEE}
}


% Dr. Kang
@article{suomalainen2022survey,
  title={A survey of robot manipulation in contact},
  author={Suomalainen, Markku and Karayiannidis, Yiannis and Kyrki, Ville},
  journal={Robotics and Autonomous Systems},
  year={2022},
  publisher={Elsevier}
} % volume={156}, pages={104224},

@inproceedings{qian2019sensorless,
  title={Sensorless hybrid normal-force controller with surface prediction},
  author={Qian, Yingjie and Yuan, Jianjun and Bao, Sheng and Gao, Liming},
  booktitle={2019 IEEE International Conference on Robotics and Biomimetics (ROBIO)},
  year={2019},
  organization={IEEE}
}  % pages={83--88},


@article{lin2022real,
  title={Real-time robot pose correction on curved surface employing 6-axis force/torque sensor},
  author={Lin, Chyi-Yeu and Tran, Chi-Cuong and Shah, Syed Humayoon and Ahmad, Anton Royanto},
  journal={IEEE Access},
  volume={10},
  pages={90149--90162},
  year={2022},
  publisher={IEEE}
}


@article{li2022real,
  title={Real-time normal contact force control for robotic surface processing of workpieces without a priori geometric model},
  author={Li, Jian and Guan, Yisheng and Chen, Haowen and Wang, Bing and Zhang, Tao and Hong, Jie and Wang, Danwei},
  journal={The International Journal of Advanced Manufacturing Technology},
  pages={1--15},
  year={2022},
  publisher={Springer}
}


@inproceedings{deng2016learning,
  title={Learning human compliant behavior from demonstration for force-based robot manipulation},
  author={Deng, Zhen and Mi, Jinpeng and Chen, Zhixian and Einig, Lasse and Zou, Cheng and Zhang, Jianwei},
  booktitle={2016 IEEE International Conference on Robotics and Biomimetics (ROBIO)},
  pages={319--324},
  year={2016},
  organization={IEEE}
}

@inproceedings{hazara2016reinforcement,
  title={Reinforcement learning for improving imitated in-contact skills},
  author={Hazara, Murtaza and Kyrki, Ville},
  booktitle={2016 IEEE-RAS 16th International Conference on Humanoid Robots (Humanoids)},
  year={2016},
  organization={IEEE}
} % pages={194--201},

@article{zhang2020robotic,
  title={Robotic curved surface tracking with a neural network for angle identification and constant force control based on reinforcement learning},
  author={Zhang, Tie and Xiao, Meng and Zou, Yan-biao and Xiao, Jia-dong and Chen, Shou-yan},
  journal={International Journal of Precision Engineering and Manufacturing},
  year={2020},
  publisher={Springer}
} % volume={21}, pages={869--882},




%llm
@article{yu2023language,
  title={Language to Rewards for Robotic Skill Synthesis},
  author={Yu, Wenhao and Gileadi, Nimrod and Fu, Chuyuan and Kirmani, Sean and Lee, Kuang-Huei and Arenas, Montse Gonzalez and Chiang, Hao-Tien Lewis and Erez, Tom and Hasenclever, Leonard and Humplik, Jan and others},
  journal={preprint arXiv:2306.08647},
  year={2023}
} % arXiv 

@article{ma2023eureka,
  title={Eureka: Human-level reward design via coding large language models},
  author={Ma, Yecheng Jason and Liang, William and Wang, Guanzhi and Huang, De-An and Bastani, Osbert and Jayaraman, Dinesh and Zhu, Yuke and Fan, Linxi and Anandkumar, Anima},
  journal={arXiv preprint arXiv:2310.12931},
  year={2023}
}

@article{xie2023text2reward,
  title={Text2reward: Automated dense reward function generation for reinforcement learning},
  author={Xie, Tianbao and Zhao, Siheng and Wu, Chen Henry and Liu, Yitao and Luo, Qian and Zhong, Victor and Yang, Yanchao and Yu, Tao},
  journal={arXiv preprint arXiv:2309.11489},
  year={2023}
}

@inproceedings{singh2023progprompt,
  title={Progprompt: Generating situated robot task plans using large language models},
  author={Singh, Ishika and Blukis, Valts and Mousavian, Arsalan and Goyal, Ankit and Xu, Danfei and Tremblay, Jonathan and Fox, Dieter and Thomason, Jesse and Garg, Animesh},
  booktitle={2023 IEEE International Conference on Robotics and Automation (ICRA)},
  pages={11523--11530},
  year={2023},
  organization={IEEE}
}

@article{zhang2023bootstrap,
  title={Bootstrap your own skills: Learning to solve new tasks with large language model guidance},
  author={Zhang, Jesse and Zhang, Jiahui and Pertsch, Karl and Liu, Ziyi and Ren, Xiang and Chang, Minsuk and Sun, Shao-Hua and Lim, Joseph J},
  journal={arXiv preprint arXiv:2310.10021},
  year={2023}
}



@inproceedings{mees2021composing,
  title={Composing pick-and-place tasks by grounding language},
  author={Mees, Oier and Burgard, Wolfram},
  booktitle={Experimental Robotics: The 17th International Symposium},
  pages={491--501},
  year={2021},
  organization={Springer}
}

@inproceedings{shridhar2023perceiver,
  title={Perceiver-actor: A multi-task transformer for robotic manipulation},
  author={Shridhar, Mohit and Manuelli, Lucas and Fox, Dieter},
  booktitle={Conference on Robot Learning},
  pages={785--799},
  year={2023},
  organization={PMLR}
}

@article{ren2023robots,
  title={Robots that ask for help: Uncertainty alignment for large language model planners},
  author={Ren, Allen Z and Dixit, Anushri and Bodrova, Alexandra and Singh, Sumeet and Tu, Stephen and Brown, Noah and Xu, Peng and Takayama, Leila and Xia, Fei and Varley, Jake and others},
  journal={arXiv preprint arXiv:2307.01928},
  year={2023}
}

@article{yao2024tree,
  title={Tree of thoughts: Deliberate problem solving with large language models},
  author={Yao, Shunyu and Yu, Dian and Zhao, Jeffrey and Shafran, Izhak and Griffiths, Tom and Cao, Yuan and Narasimhan, Karthik},
  journal={Advances in Neural Information Processing Systems},
  volume={36},
  year={2024}
}

@misc{OpenAIGPT4Vision2023,
  author = {OpenAI},
  title = {GPT-4 Vision Preview},
  year = {2023},
  howpublished = {\url{https://platform.openai.com/docs/guides/vision}}
}

% note = {Accessed: 2023-02-24}
%experiments
@inproceedings{tobin2017domain,
  title={Domain randomization for transferring deep neural networks from simulation to the real world},
  author={Tobin, Josh and Fong, Rachel and Ray, Alex and Schneider, Jonas and Zaremba, Wojciech and Abbeel, Pieter},
  booktitle={2017 IEEE/RSJ international conference on intelligent robots and systems (IROS)},
  pages={23--30},
  year={2017},
  organization={IEEE}
}


@article{khatib1987unified,
  title={A unified approach for motion and force control of robot manipulators: The operational space formulation},
  author={Khatib, Oussama},
  journal={IEEE Journal on Robotics and Automation},
  volume={3},
  number={1},
  pages={43--53},
  year={1987},
  publisher={IEEE}
}

@inproceedings{kawaharazuka2022learning,
  title={Learning-Based Wiping Behavior of Low-Rigidity Robots Considering Various Surface Materials and Task Definitions},
  author={Kawaharazuka, Kento and Kanazawa, Naoaki and Okada, Kei and Inaba, Masayuki},
  booktitle={2022 IEEE-RAS 21st International Conference on Humanoid Robots (Humanoids)},
  pages={919--924},
  year={2022},
  organization={IEEE}
}

@inproceedings{saito2020wiping,
  title={Wiping 3D-objects using deep learning model based on image/force/joint information},
  author={Saito, Namiko and Wang, Danyang and Ogata, Tetsuya and Mori, Hiroki and Sugano, Shigeki},
  booktitle={2020 IEEE/RSJ International Conference on Intelligent Robots and Systems (IROS)},
  pages={10152--10157},
  year={2020},
  organization={IEEE}
}

@article{saito2021utilization,
  title={Utilization of image/force/tactile sensor data for object-shape-oriented manipulation: Wiping objects with turning back motions and occlusion},
  author={Saito, Namiko and Shimizu, Takumi and Ogata, Tetsuya and Sugano, Shigeki},
  journal={IEEE Robotics and Automation Letters},
  volume={7},
  number={2},
  pages={968--975},
  year={2021},
  publisher={IEEE}
}

@article{wang2024llm,
  title={LLM-Empowered State Representation for Reinforcement Learning},
  author={Wang, Boyuan and Qu, Yun and Jiang, Yuhang and Shao, Jianzhun and Liu, Chang and Yang, Wenming and Ji, Xiangyang},
  journal={arXiv preprint arXiv:2407.13237},
  year={2024}
}

@article{amersdorfer2020real,
  title={Real-time freeform surface and path tracking for force controlled robotic tooling applications},
  author={Amersdorfer, Manuel and Kappey, Jens and Meurer, Thomas},
  journal={Robotics and Computer-Integrated Manufacturing},
  volume={65},
  pages={101955},
  year={2020},
  publisher={Elsevier}
}
@article{iskandar2023hybrid,
  title={Hybrid force-impedance control for fast end-effector motions},
  author={Iskandar, Maged and Ott, Christian and Albu-Sch{\"a}ffer, Alin and Siciliano, Bruno and Dietrich, Alexander},
  journal={IEEE Robotics and Automation Letters},
  volume={8},
  number={7},
  pages={3931--3938},
  year={2023},
  publisher={IEEE}
}
@article{vazquez2023continuous,
  title={A continuous terminal sliding mode algorithm for robot manipulators: an application to force control},
  author={V{\'a}zquez-Alberto, Lauro F and Arteaga, Marco A},
  journal={International Journal of Control},
  volume={96},
  number={11},
  pages={2812--2826},
  year={2023},
  publisher={Taylor \& Francis}
}


@inproceedings{zapico2024semi,
  title={Semi-autonomous surface-tracking tasks using omnidirectional mobile manipulators},
  author={Zapico, Carlos Suarez and Petillot, Yvan and Erden, Mustafa Suphi},
  booktitle={2024 IEEE International Conference on Robotics and Automation (ICRA)},
  pages={2176--2182},
  year={2024},
  organization={IEEE}
}


@article{alt2024robogrind,
  title={RoboGrind: Intuitive and Interactive Surface Treatment with Industrial Robots},
  author={Alt, Benjamin and St{\"o}ckl, Florian and M{\"u}ller, Silvan and Braun, Christopher and Raible, Julian and Alhasan, Saad and Rettig, Oliver and Ringle, Lukas and Katic, Darko and J{\"a}kel, Rainer and others},
  journal={arXiv preprint arXiv:2402.16542},
  year={2024}
}

@techreport{openai2023gptv,
  author = {{OpenAI}},
  title = {GPT-V System Card},
  year = {2023},
  institution = {OpenAI},
  url = {https://cdn.openai.com/papers/GPTV_System_Card.pdf},
  note = {Accessed: INSERT-DATE-OF-ACCESS}
}