

% instance seg for cell
@article{latorre2013segmentation,
  title={Segmentation of neuronal nuclei based on clump splitting and a two-step binarization of images},
  author={LaTorre, Antonio and Alonso-Nanclares, Lidia and Muelas, Santiago and Pe{\~n}a, JM and DeFelipe, Javier},
  journal={Expert Systems with Applications},
  volume={40},
  number={16},
  pages={6521--6530},
  year={2013},
  publisher={Elsevier}
}
@article{abbas2014occluded,
  title={Occluded red blood cells splitting via boundaries analysis and lines drawing in microscopic thin blood smear digital images},
  author={Abbas, Naveed},
  journal={VFAST Transactions on Software Engineering},
  volume={2},
  number={1},
  pages={100--107},
  year={2014}
}
@inproceedings{sheeba2014splitting,
  title={Splitting of overlapping cells in peripheral blood smear images by concavity analysis},
  author={Sheeba, Feminna and Thamburaj, Robinson and Mammen, Joy John and Nagar, Atulya K},
  booktitle={Combinatorial Image Analysis: 16th International Workshop, IWCIA 2014, Brno, Czech Republic, May 28-30, 2014. Proceedings 16},
  pages={238--249},
  year={2014},
  organization={Springer}
}
@article{cheng2008segmentation,
  title={Segmentation of clustered nuclei with shape markers and marking function},
  author={Cheng, Jierong and Rajapakse, Jagath C and others},
  journal={IEEE transactions on Biomedical Engineering},
  volume={56},
  number={3},
  pages={741--748},
  year={2008},
  publisher={IEEE}
}

@inproceedings{zhou2019cia,
  title={Cia-net: Robust nuclei instance segmentation with contour-aware information aggregation},
  author={Zhou, Yanning and Onder, Omer Fahri and Dou, Qi and Tsougenis, Efstratios and Chen, Hao and Heng, Pheng-Ann},
  booktitle={Information Processing in Medical Imaging: 26th International Conference, IPMI 2019, Hong Kong, China, June 2--7, 2019, Proceedings 26},
  pages={682--693},
  year={2019},
  organization={Springer}
}

% DCAN
@article{chen2017dcan,
  title={DCAN: Deep contour-aware networks for object instance segmentation from histology images},
  author={Chen, Hao and Qi, Xiaojuan and Yu, Lequan and Dou, Qi and Qin, Jing and Heng, Pheng-Ann},
  journal={Medical image analysis},
  volume={36},
  pages={135--146},
  year={2017},
  publisher={Elsevier}
}
% Hover-Net
@article{graham2019hover,
  title={Hover-net: Simultaneous segmentation and classification of nuclei in multi-tissue histology images},
  author={Graham, Simon and Vu, Quoc Dang and Raza, Shan E Ahmed and Azam, Ayesha and Tsang, Yee Wah and Kwak, Jin Tae and Rajpoot, Nasir},
  journal={Medical image analysis},
  volume={58},
  pages={101563},
  year={2019},
  publisher={Elsevier}
}
% mask r-cnn
@inproceedings{he2017mask,
  title={Mask r-cnn},
  author={He, Kaiming and Gkioxari, Georgia and Doll{\'a}r, Piotr and Girshick, Ross},
  booktitle={Proceedings of the IEEE international conference on computer vision},
  pages={2961--2969},
  year={2017}
}
% PFF-Net
@article{liu2021panoptic,
  title={Panoptic feature fusion net: a novel instance segmentation paradigm for biomedical and biological images},
  author={Liu, Dongnan and Zhang, Donghao and Song, Yang and Huang, Heng and Cai, Weidong},
  journal={IEEE Transactions on Image Processing},
  volume={30},
  pages={2045--2059},
  year={2021},
  publisher={IEEE}
}
% DIST
@article{naylor2018segmentation,
  title={Segmentation of nuclei in histopathology images by deep regression of the distance map},
  author={Naylor, Peter and La{\'e}, Marick and Reyal, Fabien and Walter, Thomas},
  journal={IEEE transactions on medical imaging},
  volume={38},
  number={2},
  pages={448--459},
  year={2018},
  publisher={IEEE}
}

@article{he2021hybrid,
  title={A hybrid-attention nested UNet for nuclear segmentation in histopathological images},
  author={He, Hongliang and Zhang, Chi and Chen, Jie and Geng, Ruizhe and Chen, Luyang and Liang, Yongsheng and Lu, Yanchang and Wu, Jihua and Xu, Yongjie},
  journal={Frontiers in Molecular Biosciences},
  volume={8},
  pages={614174},
  year={2021},
  publisher={Frontiers Media SA}
}


% Full-Net
@inproceedings{qu2019improving,
  title={Improving nuclei/gland instance segmentation in histopathology images by full resolution neural network and spatial constrained loss},
  author={Qu, Hui and Yan, Zhennan and Riedlinger, Gregory M and De, Subhajyoti and Metaxas, Dimitris N},
  booktitle={Medical Image Computing and Computer Assisted Intervention--MICCAI 2019: 22nd International Conference, Shenzhen, China, October 13--17, 2019, Proceedings, Part I 22},
  pages={378--386},
  year={2019},
  organization={Springer}
}
% Micro-Net
@article{raza2019micro,
  title={Micro-Net: A unified model for segmentation of various objects in microscopy images},
  author={Raza, Shan E Ahmed and Cheung, Linda and Shaban, Muhammad and Graham, Simon and Epstein, David and Pelengaris, Stella and Khan, Michael and Rajpoot, Nasir M},
  journal={Medical image analysis},
  volume={52},
  pages={160--173},
  year={2019},
  publisher={Elsevier}
}
% unet
@inproceedings{ronneberger2015u,
  title={U-net: Convolutional networks for biomedical image segmentation},
  author={Ronneberger, Olaf and Fischer, Philipp and Brox, Thomas},
  booktitle={Medical image computing and computer-assisted intervention--MICCAI 2015: 18th international conference, Munich, Germany, October 5-9, 2015, proceedings, part III 18},
  pages={234--241},
  year={2015},
  organization={Springer}
}
@article{chen2023cpp,
  title={CPP-net: Context-aware polygon proposal network for nucleus segmentation},
  author={Chen, Shengcong and Ding, Changxing and Liu, Minfeng and Cheng, Jun and Tao, Dacheng},
  journal={IEEE Transactions on Image Processing},
  volume={32},
  pages={980--994},
  year={2023},
  publisher={IEEE}
}
@article{liu2021mdc,
  title={MDC-net: A new convolutional neural network for nucleus segmentation in histopathology images with distance maps and contour information},
  author={Liu, Xiaoming and Guo, Zhengsheng and Cao, Jun and Tang, Jinshan},
  journal={Computers in Biology and Medicine},
  volume={135},
  pages={104543},
  year={2021},
  publisher={Elsevier}
}



@article{zhou2022semantic,
  title={Semantic instance segmentation with discriminative deep supervision for medical images},
  author={Zhou, Sihang and Nie, Dong and Adeli, Ehsan and Wei, Qian and Ren, Xuhua and Liu, Xinwang and Zhu, En and Yin, Jianping and Wang, Qian and Shen, Dinggang},
  journal={Medical Image Analysis},
  volume={82},
  pages={102626},
  year={2022},
  publisher={Elsevier}
}
@inproceedings{he2023transnuseg,
  title={Transnuseg: A lightweight multi-task transformer for nuclei segmentation},
  author={He, Zhenqi and Unberath, Mathias and Ke, Jing and Shen, Yiqing},
  booktitle={International Conference on Medical Image Computing and Computer-Assisted Intervention},
  pages={206--215},
  year={2023},
  organization={Springer}
}

@inproceedings{nam2023pronet,
  title={PROnet: Point Refinement Using Shape-Guided Offset Map for Nuclei Instance Segmentation},
  author={Nam, Siwoo and Jeong, Jaehoon and Luna, Miguel and Chikontwe, Philip and Park, Sang Hyun},
  booktitle={International Conference on Medical Image Computing and Computer-Assisted Intervention},
  pages={528--538},
  year={2023},
  organization={Springer}
}
@article{upschulte2022contour,
  title={Contour proposal networks for biomedical instance segmentation},
  author={Upschulte, Eric and Harmeling, Stefan and Amunts, Katrin and Dickscheid, Timo},
  journal={Medical image analysis},
  volume={77},
  pages={102371},
  year={2022},
  publisher={Elsevier}
}
@inproceedings{zhou2020deep,
  title={Deep semi-supervised knowledge distillation for overlapping cervical cell instance segmentation},
  author={Zhou, Yanning and Chen, Hao and Lin, Huangjing and Heng, Pheng-Ann},
  booktitle={Medical Image Computing and Computer Assisted Intervention--MICCAI 2020: 23rd International Conference, Lima, Peru, October 4--8, 2020, Proceedings, Part I 23},
  pages={521--531},
  year={2020},
  organization={Springer}
}
@inproceedings{he2023toposeg,
  title={Toposeg: Topology-aware nuclear instance segmentation},
  author={He, Hongliang and Wang, Jun and Wei, Pengxu and Xu, Fan and Ji, Xiangyang and Liu, Chang and Chen, Jie},
  booktitle={Proceedings of the IEEE/CVF International Conference on Computer Vision},
  pages={21307--21316},
  year={2023}
}
@inproceedings{liu2023learning,
  title={Learning cross-representation affinity consistency for sparsely supervised biomedical instance segmentation},
  author={Liu, Xiaoyu and Huang, Wei and Xiong, Zhiwei and Zhou, Shenglong and Zhang, Yueyi and Chen, Xuejin and Zha, Zheng-Jun and Wu, Feng},
  booktitle={Proceedings of the IEEE/CVF International Conference on Computer Vision},
  pages={21107--21117},
  year={2023}
}
@article{chen2024sam,
  title={UN-SAM: Universal Prompt-Free Segmentation for Generalized Nuclei Images},
  author={Chen, Zhen and Xu, Qing and Liu, Xinyu and Yuan, Yixuan},
  journal={arXiv preprint arXiv:2402.16663},
  year={2024}
}
@article{qu2020weakly,
  title={Weakly supervised deep nuclei segmentation using partial points annotation in histopathology images},
  author={Qu, Hui and Wu, Pengxiang and Huang, Qiaoying and Yi, Jingru and Yan, Zhennan and Li, Kang and Riedlinger, Gregory M and De, Subhajyoti and Zhang, Shaoting and Metaxas, Dimitris N},
  journal={IEEE transactions on medical imaging},
  volume={39},
  number={11},
  pages={3655--3666},
  year={2020},
  publisher={IEEE}
}

@inproceedings{basak2023pseudo,
  title={Pseudo-label guided contrastive learning for semi-supervised medical image segmentation},
  author={Basak, Hritam and Yin, Zhaozheng},
  booktitle={Proceedings of the IEEE/CVF conference on computer vision and pattern recognition},
  pages={19786--19797},
  year={2023}
}
@inproceedings{ijcai2022-201,
  title     = {Uncertainty-Guided Pixel Contrastive Learning for Semi-Supervised Medical Image Segmentation},
  author    = {Wang, Tao and Lu, Jianglin and Lai, Zhihui and Wen, Jiajun and Kong, Heng},
  booktitle = {Proceedings of the Thirty-First International Joint Conference on
               Artificial Intelligence, {IJCAI-22}},
  publisher = {International Joint Conferences on Artificial Intelligence Organization},
  editor    = {Lud De Raedt},
  pages     = {1444--1450},
  year      = {2022},
  month     = {7},
  note      = {Main Track},
  doi       = {10.24963/ijcai.2022/201},
  url       = {https://doi.org/10.24963/ijcai.2022/201},
}
@inproceedings{he2021cdnet,
  title={Cdnet: Centripetal direction network for nuclear instance segmentation},
  author={He, Hongliang and Huang, Zhongyi and Ding, Yao and Song, Guoli and Wang, Lin and Ren, Qian and Wei, Pengxu and Gao, Zhiqiang and Chen, Jie},
  booktitle={Proceedings of the IEEE/CVF International Conference on Computer Vision},
  pages={4026--4035},
  year={2021}
}
@inproceedings{chen2020semi,
  title={Semi-supervised instance segmentation with a learned shape prior},
  author={Chen, Long and Zhang, Weiwen and Wu, Yuli and Strauch, Martin and Merhof, Dorit},
  booktitle={International Workshop on Interpretability of Machine Intelligence in Medical Image Computing},
  pages={94--102},
  year={2020},
  organization={Springer}
}
@inproceedings{zhou2020deep,
  title={Deep semi-supervised knowledge distillation for overlapping cervical cell instance segmentation},
  author={Zhou, Yanning and Chen, Hao and Lin, Huangjing and Heng, Pheng-Ann},
  booktitle={Medical Image Computing and Computer Assisted Intervention--MICCAI 2020: 23rd International Conference, Lima, Peru, October 4--8, 2020, Proceedings, Part I 23},
  pages={521--531},
  year={2020},
  organization={Springer}
}
@inproceedings{liu2022weakly,
  title={Weakly supervised nuclei segmentation via instance learning},
  author={Liu, Weizhen and He, Qian and He, Xuming},
  booktitle={2022 IEEE 19th International Symposium on Biomedical Imaging (ISBI)},
  pages={1--5},
  year={2022},
  organization={IEEE}
}
@inproceedings{oh2023diffmix,
  title={Diffmix: Diffusion model-based data synthesis for nuclei segmentation and classification in imbalanced pathology image datasets},
  author={Oh, Hyun-Jic and Jeong, Won-Ki},
  booktitle={International Conference on Medical Image Computing and Computer-Assisted Intervention},
  pages={337--345},
  year={2023},
  organization={Springer}
}
@inproceedings{yu2023diffusion,
  title={Diffusion-based data augmentation for nuclei image segmentation},
  author={Yu, Xinyi and Li, Guanbin and Lou, Wei and Liu, Siqi and Wan, Xiang and Chen, Yan and Li, Haofeng},
  booktitle={International Conference on Medical Image Computing and Computer-Assisted Intervention},
  pages={592--602},
  year={2023},
  organization={Springer}
}
@inproceedings{liu2020unsupervised,
  title={Unsupervised instance segmentation in microscopy images via panoptic domain adaptation and task re-weighting},
  author={Liu, Dongnan and Zhang, Donghao and Song, Yang and Zhang, Fan and O'Donnell, Lauren and Huang, Heng and Chen, Mei and Cai, Weidong},
  booktitle={Proceedings of the IEEE/CVF conference on computer vision and pattern recognition},
  pages={4243--4252},
  year={2020}
}
@inproceedings{li2023segment,
  title={Segment Membranes and Nuclei from Histopathological Images via Nuclei Point-Level Supervision},
  author={Li, Hansheng and Xu, Zhengyang and Zhou, Mo and Shi, Xiaoshuang and Kang, Yuxin and Bu, Qirong and Lv, Hong and Li, Ming and Lin, Mingzhen and Cui, Lei and others},
  booktitle={International Conference on Medical Image Computing and Computer-Assisted Intervention},
  pages={539--548},
  year={2023},
  organization={Springer}
}



% fourier
@inproceedings{wang2024fremim,
  title={FreMIM: Fourier Transform Meets Masked Image Modeling for Medical Image Segmentation},
  author={Wang, Wenxuan and Wang, Jing and Chen, Chen and Jiao, Jianbo and Cai, Yuanxiu and Song, Shanshan and Li, Jiangyun},
  booktitle={Proceedings of the IEEE/CVF Winter Conference on Applications of Computer Vision},
  pages={7860--7870},
  year={2024}
}
@article{zou2023fourier,
  title={Fourier Channel Attention Powered Lightweight Network for Image Segmentation},
  author={Zou, Fu and Liu, Yuanhua and Chen, Zelyu and Zhanghao, Karl and Jin, Dayong},
  journal={IEEE Journal of Translational Engineering in Health and Medicine},
  volume={11},
  pages={252--260},
  year={2023},
  publisher={IEEE}
}
@article{ewaidat2024frequency,
  title={Frequency-Guided U-Net: Leveraging Attention Filter Gates and Fast Fourier Transformation for Enhanced Medical Image Segmentation},
  author={Ewaidat, Haytham Al and Brag, Youness El and E'layan, Ahmad Wajeeh Yousef and Almakhadmeh, Ali},
  journal={arXiv preprint arXiv:2405.00683},
  year={2024}
}
@inproceedings{liu2021feddg,
  title={Feddg: Federated domain generalization on medical image segmentation via episodic learning in continuous frequency space},
  author={Liu, Quande and Chen, Cheng and Qin, Jing and Dou, Qi and Heng, Pheng-Ann},
  booktitle={Proceedings of the IEEE/CVF Conference on Computer Vision and Pattern Recognition},
  pages={1013--1023},
  year={2021}
}


% contrastive
@inproceedings{wu2022cross,
  title={Cross-patch dense contrastive learning for semi-supervised segmentation of cellular nuclei in histopathologic images},
  author={Wu, Huisi and Wang, Zhaoze and Song, Youyi and Yang, Lin and Qin, Jing},
  booktitle={Proceedings of the IEEE/CVF Conference on Computer Vision and Pattern Recognition},
  pages={11666--11675},
  year={2022}
}
@article{wu2023continual,
  title={Continual Nuclei Segmentation via Prototype-wise Relation Distillation and Contrastive Learning},
  author={Wu, Huisi and Wang, Zhaoze and Zhao, Zebin and Chen, Cheng and Qin, Jing},
  journal={IEEE Transactions on Medical Imaging},
  year={2023},
  publisher={IEEE}
}


% dataset
@article{kumar2017dataset,
  title={A dataset and a technique for generalized nuclear segmentation for computational pathology},
  author={Kumar, Neeraj and Verma, Ruchika and Sharma, Sanuj and Bhargava, Surabhi and Vahadane, Abhishek and Sethi, Amit},
  journal={IEEE transactions on medical imaging},
  volume={36},
  number={7},
  pages={1550--1560},
  year={2017},
  publisher={IEEE}
}
@article{vu2019methods,
  title={Methods for segmentation and classification of digital microscopy tissue images},
  author={Vu, Quoc Dang and Graham, Simon and Kurc, Tahsin and To, Minh Nguyen Nhat and Shaban, Muhammad and Qaiser, Talha and Koohbanani, Navid Alemi and Khurram, Syed Ali and Kalpathy-Cramer, Jayashree and Zhao, Tianhao and others},
  journal={Frontiers in bioengineering and biotechnology},
  volume={7},
  pages={433738},
  year={2019},
  publisher={Frontiers}
}
@inproceedings{kirillov2019panoptic,
  title={Panoptic segmentation},
  author={Kirillov, Alexander and He, Kaiming and Girshick, Ross and Rother, Carsten and Doll{\'a}r, Piotr},
  booktitle={Proceedings of the IEEE/CVF conference on computer vision and pattern recognition},
  pages={9404--9413},
  year={2019}
}

% optimizer
% adam
@article{kingma2014adam,
  title={Adam: A method for stochastic optimization},
  author={Kingma, Diederik P and Ba, Jimmy},
  journal={arXiv preprint arXiv:1412.6980},
  year={2014}
}
% AdamW
@article{loshchilov2017decoupled,
  title={Decoupled weight decay regularization},
  author={Loshchilov, Ilya and Hutter, Frank},
  journal={arXiv preprint arXiv:1711.05101},
  year={2017}
}
% BN
@inproceedings{ioffe2015batch,
  title={Batch normalization: Accelerating deep network training by reducing internal covariate shift},
  author={Ioffe, Sergey and Szegedy, Christian},
  booktitle={International conference on machine learning},
  pages={448--456},
  year={2015},
  organization={pmlr}
}



% label smoothing
@article{muller2019does,
  title={When does label smoothing help?},
  author={M{\"u}ller, Rafael and Kornblith, Simon and Hinton, Geoffrey E},
  journal={Advances in neural information processing systems},
  volume={32},
  year={2019}
}

% un-supervised method
@inproceedings{sun2024clip,
  title={Clip as rnn: Segment countless visual concepts without training endeavor},
  author={Sun, Shuyang and Li, Runjia and Torr, Philip and Gu, Xiuye and Li, Siyang},
  booktitle={Proceedings of the IEEE/CVF Conference on Computer Vision and Pattern Recognition},
  pages={13171--13182},
  year={2024}
}


@inproceedings{niu2024unsupervised,
  title={Unsupervised universal image segmentation},
  author={Niu, Dantong and Wang, Xudong and Han, Xinyang and Lian, Long and Herzig, Roei and Darrell, Trevor},
  booktitle={Proceedings of the IEEE/CVF Conference on Computer Vision and Pattern Recognition},
  pages={22744--22754},
  year={2024}
}

% info-nce
@article{oord2018representation,
  title={Representation learning with contrastive predictive coding},
  author={Oord, Aaron van den and Li, Yazhe and Vinyals, Oriol},
  journal={arXiv preprint arXiv:1807.03748},
  year={2018}
}

% SIMCLRV2
@article{chen2020big,
  title={Big self-supervised models are strong semi-supervised learners},
  author={Chen, Ting and Kornblith, Simon and Swersky, Kevin and Norouzi, Mohammad and Hinton, Geoffrey E},
  journal={Advances in neural information processing systems},
  volume={33},
  pages={22243--22255},
  year={2020}
}

% resnet
@article{he2015deep,
  title={Deep Residual Learning},
  author={He, Kaiming and Zhang, Xiangyu and Ren, Shaoqing and others},
  journal={Image Recognition},
  year={2015},
  publisher={arXiv preprint arXiv:1512.03385}
}

% contrastive learning
@inproceedings{chen2020simple,
  title={A simple framework for contrastive learning of visual representations},
  author={Chen, Ting and Kornblith, Simon and Norouzi, Mohammad and Hinton, Geoffrey},
  booktitle={International conference on machine learning},
  pages={1597--1607},
  year={2020},
  organization={PMLR}
}
@article{chen2020improved,
  title={Improved baselines with momentum contrastive learning},
  author={Chen, Xinlei and Fan, Haoqi and Girshick, Ross and He, Kaiming},
  journal={arXiv preprint arXiv:2003.04297},
  year={2020}
}
@article{grill2020bootstrap,
  title={Bootstrap your own latent-a new approach to self-supervised learning},
  author={Grill, Jean-Bastien and Strub, Florian and Altch{\'e}, Florent and Tallec, Corentin and Richemond, Pierre and Buchatskaya, Elena and Doersch, Carl and Avila Pires, Bernardo and Guo, Zhaohan and Gheshlaghi Azar, Mohammad and others},
  journal={Advances in neural information processing systems},
  volume={33},
  pages={21271--21284},
  year={2020}
}

@article{chaitanya2020contrastive,
  title={Contrastive learning of global and local features for medical image segmentation with limited annotations},
  author={Chaitanya, Krishna and Erdil, Ertunc and Karani, Neerav and Konukoglu, Ender},
  journal={Advances in neural information processing systems},
  volume={33},
  pages={12546--12558},
  year={2020}
}
@inproceedings{wang2021dense,
  title={Dense contrastive learning for self-supervised visual pre-training},
  author={Wang, Xinlong and Zhang, Rufeng and Shen, Chunhua and Kong, Tao and Li, Lei},
  booktitle={Proceedings of the IEEE/CVF conference on computer vision and pattern recognition},
  pages={3024--3033},
  year={2021}
}
@inproceedings{xie2021propagate,
  title={Propagate yourself: Exploring pixel-level consistency for unsupervised visual representation learning},
  author={Xie, Zhenda and Lin, Yutong and Zhang, Zheng and Cao, Yue and Lin, Stephen and Hu, Han},
  booktitle={Proceedings of the IEEE/CVF conference on computer vision and pattern recognition},
  pages={16684--16693},
  year={2021}
}
@inproceedings{wang2021exploring,
  title={Exploring cross-image pixel contrast for semantic segmentation},
  author={Wang, Wenguan and Zhou, Tianfei and Yu, Fisher and Dai, Jifeng and Konukoglu, Ender and Van Gool, Luc},
  booktitle={Proceedings of the IEEE/CVF international conference on computer vision},
  pages={7303--7313},
  year={2021}
}
@inproceedings{lai2021semi,
  title={Semi-supervised semantic segmentation with directional context-aware consistency},
  author={Lai, Xin and Tian, Zhuotao and Jiang, Li and Liu, Shu and Zhao, Hengshuang and Wang, Liwei and Jia, Jiaya},
  booktitle={Proceedings of the IEEE/CVF Conference on Computer Vision and Pattern Recognition},
  pages={1205--1214},
  year={2021}
}

% weak supervised
@inproceedings{papandreou2015weakly,
  title={Weakly-and semi-supervised learning of a deep convolutional network for semantic image segmentation},
  author={Papandreou, George and Chen, Liang-Chieh and Murphy, Kevin P and Yuille, Alan L},
  booktitle={Proceedings of the IEEE international conference on computer vision},
  pages={1742--1750},
  year={2015}
}
@inproceedings{pathak2015constrained,
  title={Constrained convolutional neural networks for weakly supervised segmentation},
  author={Pathak, Deepak and Krahenbuhl, Philipp and Darrell, Trevor},
  booktitle={Proceedings of the IEEE international conference on computer vision},
  pages={1796--1804},
  year={2015}
}
@inproceedings{bearman2016s,
  title={What’s the point: Semantic segmentation with point supervision},
  author={Bearman, Amy and Russakovsky, Olga and Ferrari, Vittorio and Fei-Fei, Li},
  booktitle={European conference on computer vision},
  pages={549--565},
  year={2016},
  organization={Springer}
}
@inproceedings{lin2016scribblesup,
  title={Scribblesup: Scribble-supervised convolutional networks for semantic segmentation},
  author={Lin, Di and Dai, Jifeng and Jia, Jiaya and He, Kaiming and Sun, Jian},
  booktitle={Proceedings of the IEEE conference on computer vision and pattern recognition},
  pages={3159--3167},
  year={2016}
}
@inproceedings{dai2015boxsup,
  title={Boxsup: Exploiting bounding boxes to supervise convolutional networks for semantic segmentation},
  author={Dai, Jifeng and He, Kaiming and Sun, Jian},
  booktitle={Proceedings of the IEEE international conference on computer vision},
  pages={1635--1643},
  year={2015}
}
@article{rajchl2016deepcut,
  title={Deepcut: Object segmentation from bounding box annotations using convolutional neural networks},
  author={Rajchl, Martin and Lee, Matthew CH and Oktay, Ozan and Kamnitsas, Konstantinos and Passerat-Palmbach, Jonathan and Bai, Wenjia and Damodaram, Mellisa and Rutherford, Mary A and Hajnal, Joseph V and Kainz, Bernhard and others},
  journal={IEEE transactions on medical imaging},
  volume={36},
  number={2},
  pages={674--683},
  year={2016},
  publisher={IEEE}
}
@article{yang2018boxnet,
  title={Boxnet: Deep learning based biomedical image segmentation using boxes only annotation},
  author={Yang, Lin and Zhang, Yizhe and Zhao, Zhuo and Zheng, Hao and Liang, Peixian and Ying, Michael TC and Ahuja, Anil T and Chen, Danny Z},
  journal={arXiv preprint arXiv:1806.00593},
  year={2018}
}
@inproceedings{zhao2018deep,
  title={Deep learning based instance segmentation in 3D biomedical images using weak annotation},
  author={Zhao, Zhuo and Yang, Lin and Zheng, Hao and Guldner, Ian H and Zhang, Siyuan and Chen, Danny Z},
  booktitle={Medical Image Computing and Computer Assisted Intervention--MICCAI 2018: 21st International Conference, Granada, Spain, September 16-20, 2018, Proceedings, Part IV 11},
  pages={352--360},
  year={2018},
  organization={Springer}
}
@article{kervadec2019constrained,
  title={Constrained-CNN losses for weakly supervised segmentation},
  author={Kervadec, Hoel and Dolz, Jose and Tang, Meng and Granger, Eric and Boykov, Yuri and Ayed, Ismail Ben},
  journal={Medical image analysis},
  volume={54},
  pages={88--99},
  year={2019},
  publisher={Elsevier}
}
