@article{ChangSurvey2024,
author = {Chang, Yupeng and Wang, Xu and Wang, Jindong and Wu, Yuan and Yang, Linyi and Zhu, Kaijie and Chen, Hao and Yi, Xiaoyuan and Wang, Cunxiang and Wang, Yidong and Ye, Wei and Zhang, Yue and Chang, Yi and Yu, Philip S. and Yang, Qiang and Xie, Xing},
title = {A Survey on Evaluation of Large Language Models},
year = {2024},
issue_date = {June 2024},
publisher = {Association for Computing Machinery},
address = {New York, NY, USA},
volume = {15},
number = {3},
issn = {2157-6904},
url = {https://doi.org/10.1145/3641289},
doi = {10.1145/3641289},
journal = {ACM Trans. Intell. Syst. Technol.},
month = mar,
articleno = {39},
numpages = {45},
keywords = {Large language models, evaluation, model assessment, benchmark}
}

@inproceedings{Shahul2024,
  title     = "{RAGA}s: Automated Evaluation of Retrieval Augmented Generation",
  author    = "Es, Shahul and James, Jithin and Espinosa Anke, Luis and Schockaert, Steven",
  editor    = "Aletras, Nikolaos and De Clercq, Orphee",
  booktitle = "Proceedings of the 18th Conference of the European Chapter of the Association for Computational Linguistics: System Demonstrations",
  month     = mar,
  year      = "2024",
  address   = "St. Julians, Malta",
  publisher = "Association for Computational Linguistics",
  url       = "https://aclanthology.org/2024.eacl-demo.16",
  pages     = "150--158"
}

@misc{Xuanfan2024,
      title={A Systematic Evaluation of Large Language Models for Natural Language Generation Tasks}, 
      author={Xuanfan Ni and Piji Li},
      year={2024},
      eprint={2405.10251},
      archivePrefix={arXiv},
      primaryClass={cs.CL},
      url={https://arxiv.org/abs/2405.10251}, 
}

@inproceedings{dhuliawala2024,
    title = "Chain-of-Verification Reduces Hallucination in Large Language Models",
    author = "Dhuliawala, Shehzaad  and
      Komeili, Mojtaba  and
      Xu, Jing  and
      Raileanu, Roberta  and
      Li, Xian  and
      Celikyilmaz, Asli  and
      Weston, Jason",
    editor = "Ku, Lun-Wei  and
      Martins, Andre  and
      Srikumar, Vivek",
    booktitle = "Findings of the Association for Computational Linguistics: ACL 2024",
    month = aug,
    year = "2024",
    address = "Bangkok, Thailand",
    publisher = "Association for Computational Linguistics",
    url = "https://aclanthology.org/2024.findings-acl.212",
    doi = "10.18653/v1/2024.findings-acl.212",
    pages = "3563--3578"
}

@inproceedings{wang2023measuring,
  author = {Wang, Hongwei and Chen, Jack and Shu, Katerina and Zhang, Lucy},
  title = {Measuring Reliability of Large Language Models through Semantic Consistency},
  booktitle = {Proceedings of the 45th International Conference on Software Engineering},
  series = {ICSE '23},
  pages = {982--993},
  year = {2023},
  month = may,
  location = {Melbourne, Australia},
  publisher = {IEEE/ACM},
  doi = {10.1109/ICSE48619.2023.00093}
}

