@article{ChangSurvey2024,
author = {Chang, Yupeng and Wang, Xu and Wang, Jindong and Wu, Yuan and Yang, Linyi and Zhu, Kaijie and Chen, Hao and Yi, Xiaoyuan and Wang, Cunxiang and Wang, Yidong and Ye, Wei and Zhang, Yue and Chang, Yi and Yu, Philip S. and Yang, Qiang and Xie, Xing},
title = {A Survey on Evaluation of Large Language Models},
year = {2024},
issue_date = {June 2024},
publisher = {Association for Computing Machinery},
address = {New York, NY, USA},
volume = {15},
number = {3},
issn = {2157-6904},
url = {https://doi.org/10.1145/3641289},
doi = {10.1145/3641289},
journal = {ACM Trans. Intell. Syst. Technol.},
month = mar,
articleno = {39},
numpages = {45},
keywords = {Large language models, evaluation, model assessment, benchmark}
}


@inproceedings{Shahul2024,
  title     = "{RAGA}s: Automated Evaluation of Retrieval Augmented Generation",
  author    = "Es, Shahul and James, Jithin and Espinosa Anke, Luis and Schockaert, Steven",
  editor    = "Aletras, Nikolaos and De Clercq, Orphee",
  booktitle = "Proceedings of the 18th Conference of the European Chapter of the Association for Computational Linguistics: System Demonstrations",
  month     = mar,
  year      = "2024",
  address   = "St. Julians, Malta",
  publisher = "Association for Computational Linguistics",
  url       = "https://aclanthology.org/2024.eacl-demo.16",
  pages     = "150--158"
}



@inproceedings{es-etal-2024-ragas,
  title     = "{RAGA}s: Automated Evaluation of Retrieval Augmented Generation",
  author    = "Es, Shahul and James, Jithin and Espinosa Anke, Luis and Schockaert, Steven",
  editor    = "Aletras, Nikolaos and De Clercq, Orphee",
  booktitle = "Proceedings of the 18th Conference of the European Chapter of the Association for Computational Linguistics: System Demonstrations",
  month     = mar,
  year      = "2024",
  address   = "St. Julians, Malta",
  publisher = "Association for Computational Linguistics",
  url       = "https://aclanthology.org/2024.eacl-demo.16",
  pages     = "150--158",
}


@inproceedings{wang2023measuring,
  author = {Wang, Hongwei and Chen, Jack and Shu, Katerina and Zhang, Lucy},
  title = {Measuring Reliability of Large Language Models through Semantic Consistency},
  booktitle = {Proceedings of the 45th International Conference on Software Engineering},
  series = {ICSE '23},
  pages = {982--993},
  year = {2023},
  month = may,
  location = {Melbourne, Australia},
  publisher = {IEEE/ACM},
  doi = {10.1109/ICSE48619.2023.00093}
}

@misc{Xuanfan2024,
      title={A Systematic Evaluation of Large Language Models for Natural Language Generation Tasks}, 
      author={Xuanfan Ni and Piji Li},
      year={2024},
      eprint={2405.10251},
      archivePrefix={arXiv},
      primaryClass={cs.CL},
      url={https://arxiv.org/abs/2405.10251}, 
}

@inproceedings{dhuliawala2024,
    title = "Chain-of-Verification Reduces Hallucination in Large Language Models",
    author = "Dhuliawala, Shehzaad  and
      Komeili, Mojtaba  and
      Xu, Jing  and
      Raileanu, Roberta  and
      Li, Xian  and
      Celikyilmaz, Asli  and
      Weston, Jason",
    editor = "Ku, Lun-Wei  and
      Martins, Andre  and
      Srikumar, Vivek",
    booktitle = "Findings of the Association for Computational Linguistics: ACL 2024",
    month = aug,
    year = "2024",
    address = "Bangkok, Thailand",
    publisher = "Association for Computational Linguistics",
    url = "https://aclanthology.org/2024.findings-acl.212",
    doi = "10.18653/v1/2024.findings-acl.212",
    pages = "3563--3578"
}

@inproceedings{Brown2020,
  booktitle = {Advances in Neural Information Processing Systems},
  author = {Tom B. Brown and Benjamin Mann and Nick Ryder and Melanie Subbiah and Jared D. Kaplan and Prafulla Dhariwal and Arvind Neelakantan and Pranav Shyam and Girish Sastry and Amanda Askell and Sandhini Agarwal and Ariel Herbert-Voss and Gretchen Krueger and Tom Henighan and Rewon Child and Aditya Ramesh and Daniel M. Ziegler and Jeffrey Wu and Clemens Winter and Chris Hesse and Mark Chen and Eric Sigler and Mateusz Litwin and Scott Gray and Benjamin Chess and Jack Clark and Christopher Berner and Sam McCandlish and Alec Radford and Ilya Sutskever and Dario Amodei},
  editor = {H. Larochelle and M. Ranzato and R. Hadsell and M.F. Balcan and H. Lin},
  pages = {1877--1901},
  publisher = {Curran Associates, Inc.},
  title = {Language Models are Few-Shot Learners},
  volume = {33},
  year = {2020},
  url = {https://proceedings.neurips.cc/paper/2020/file/1457c0d6bfcb4967418bfb8ac142f64a-Paper.pdf}
}

@inproceedings{Lewis2020,
author = {Lewis, Patrick and Perez, Ethan and Piktus, Aleksandra and Petroni, Fabio and Karpukhin, Vladimir and Goyal, Naman and K\"{u}ttler, Heinrich and Lewis, Mike and Yih, Wen-tau and Rockt\"{a}schel, Tim and Riedel, Sebastian and Kiela, Douwe},
title = {Retrieval-augmented generation for knowledge-intensive NLP tasks},
year = {2020},
isbn = {9781713829546},
publisher = {Curran Associates Inc.},
address = {Red Hook, NY, USA},
booktitle = {Proceedings of the 34th International Conference on Neural Information Processing Systems},
articleno = {793},
numpages = {16},
location = {Vancouver, BC, Canada},
series = {NIPS '20}
}

@article{WangTSE2024,
author = {Wang, Junjie and Huang, Yuchao and Chen, Chunyang and Liu, Zhe and Wang, Song and Wang, Qing},
title = {Software Testing With Large Language Models: Survey, Landscape, and Vision},
year = {2024},
issue_date = {April 2024},
publisher = {IEEE Press},
volume = {50},
number = {4},
issn = {0098-5589},
url = {https://doi.org/10.1109/TSE.2024.3368208},
doi = {10.1109/TSE.2024.3368208},
journal = {IEEE Trans. Softw. Eng.},
month = feb,
pages = {911â€“936},
numpages = {26}
}

@misc{zhao2024arxive,
      title={Towards Understanding Retrieval Accuracy and Prompt Quality in RAG Systems}, 
      author={Shengming Zhao and Yuheng Huang and Jiayang Song and Zhijie Wang and Chengcheng Wan and Lei Ma},
      year={2024},
      eprint={2411.19463},
      archivePrefix={arXiv},
      primaryClass={cs.SE},
      url={https://arxiv.org/abs/2411.19463}, 
}


@misc{hudson2024softwareeng,
      title={A Software Engineering Perspective on Testing Large Language Models: Research, Practice, Tools and Benchmarks}, 
      author={Sinclair Hudson and Sophia Jit and Boyue Caroline Hu and Marsha Chechik},
      year={2024},
      eprint={2406.08216},
      archivePrefix={arXiv},
      primaryClass={cs.SE},
      url={https://arxiv.org/abs/2406.08216}, 
}

@article{douze2024faiss,
  title={The faiss library},
  author={Douze, Matthijs and Guzhva, Alexandr and Deng, Chengqi and Johnson, Jeff and Szilvasy, Gergely and Mazar{\'e}, Pierre-Emmanuel and Lomeli, Maria and Hosseini, Lucas and J{\'e}gou, Herv{\'e}},
  journal={arXiv preprint arXiv:2401.08281},
  year={2024}
}