@inproceedings{achiam2017constrained,
  title={Constrained policy optimization},
  author={Achiam, Joshua and Held, David and Tamar, Aviv and Abbeel, Pieter},
  booktitle={International conference on machine learning},
  pages={22--31},
  year={2017},
  organization={PMLR}
}

@article{ajay2022conditional,
  title={Is conditional generative modeling all you need for decision-making?},
  author={Ajay, Anurag and Du, Yilun and Gupta, Abhi and Tenenbaum, Joshua and Jaakkola, Tommi and Agrawal, Pulkit},
  journal={arXiv preprint arXiv:2211.15657},
  year={2022}
}

@inproceedings{calian2020balancing,
  title={Balancing constraints and rewards with meta-gradient d4pg},
  author={Calian, Dan A and Mankowitz, Daniel J and Zahavy, Tom and Xu, Zhongwen and Oh, Junhyuk and Levine, Nir and Mann, Timothy},
  booktitle={International Conference on Learning Representations},
  year={2020}
}

@article{chen2021decision,
  title={Decision transformer: Reinforcement learning via sequence modeling},
  author={Chen, Lili and Lu, Kevin and Rajeswaran, Aravind and Lee, Kimin and Grover, Aditya and Laskin, Misha and Abbeel, Pieter and Srinivas, Aravind and Mordatch, Igor},
  journal={Advances in neural information processing systems},
  volume={34},
  pages={15084--15097},
  year={2021}
}

@article{chen2023score,
  title={Score regularized policy optimization through diffusion behavior},
  author={Chen, Huayu and Lu, Cheng and Wang, Zhengyi and Su, Hang and Zhu, Jun},
  journal={arXiv preprint arXiv:2310.07297},
  year={2023}
}

@article{chi2023diffusion,
  title={Diffusion policy: Visuomotor policy learning via action diffusion},
  author={Chi, Cheng and Xu, Zhenjia and Feng, Siyuan and Cousineau, Eric and Du, Yilun and Burchfiel, Benjamin and Tedrake, Russ and Song, Shuran},
  journal={The International Journal of Robotics Research},
  pages={02783649241273668},
  year={2023},
  publisher={SAGE Publications Sage UK: London, England}
}

@article{chow2018risk,
  title={Risk-constrained reinforcement learning with percentile risk criteria},
  author={Chow, Yinlam and Ghavamzadeh, Mohammad and Janson, Lucas and Pavone, Marco},
  journal={Journal of Machine Learning Research},
  volume={18},
  number={167},
  pages={1--51},
  year={2018}
}

@article{ding2020natural,
  title={Natural policy gradient primal-dual method for constrained markov decision processes},
  author={Ding, Dongsheng and Zhang, Kaiqing and Basar, Tamer and Jovanovic, Mihailo},
  journal={Advances in Neural Information Processing Systems},
  volume={33},
  pages={8378--8390},
  year={2020}
}

@article{fang2024diffusion,
  title={Diffusion Actor-Critic: Formulating Constrained Policy Iteration as Diffusion Noise Regression for Offline Reinforcement Learning},
  author={Fang, Linjiajie and Liu, Ruoxue and Zhang, Jing and Wang, Wenjia and Jing, Bing-Yi},
  journal={arXiv preprint arXiv:2405.20555},
  year={2024}
}

@article{gu2022review,
  title={A review of safe reinforcement learning: Methods, theories and applications},
  author={Gu, Shangding and Yang, Long and Du, Yali and Chen, Guang and Walter, Florian and Wang, Jun and Knoll, Alois},
  journal={IEEE Transactions on Pattern Analysis and Machine Intelligence},
  year={2024}
}

@inproceedings{gu2024balance,
  title={Balance reward and safety optimization for safe reinforcement learning: A perspective of gradient manipulation},
  author={Gu, Shangding and Sel, Bilgehan and Ding, Yuhao and Wang, Lu and Lin, Qingwei and Jin, Ming and Knoll, Alois},
  booktitle={Proceedings of the AAAI Conference on Artificial Intelligence},
  volume={38},
  number={19},
  pages={21099--21106},
  year={2024}
}

@article{hansen2023idql,
  title={Idql: Implicit q-learning as an actor-critic method with diffusion policies},
  author={Hansen-Estruch, Philippe and Kostrikov, Ilya and Janner, Michael and Kuba, Jakub Grudzien and Levine, Sergey},
  journal={arXiv preprint arXiv:2304.10573},
  year={2023}
}

@article{he2024diffusion,
  title={Diffusion model is an effective planner and data synthesizer for multi-task reinforcement learning},
  author={He, Haoran and Bai, Chenjia and Xu, Kang and Yang, Zhuoran and Zhang, Weinan and Wang, Dong and Zhao, Bin and Li, Xuelong},
  journal={Advances in neural information processing systems},
  volume={36},
  year={2024}
}

@article{janner2022planning,
  title={Planning with diffusion for flexible behavior synthesis},
  author={Janner, Michael and Du, Yilun and Tenenbaum, Joshua B and Levine, Sergey},
  journal={arXiv preprint arXiv:2205.09991},
  year={2022}
}

@inproceedings{lin2023safe,
  title={Safe offline reinforcement learning with real-time budget constraints},
  author={Lin, Qian and Tang, Bo and Wu, Zifan and Yu, Chao and Mao, Shangqin and Xie, Qianlong and Wang, Xingxing and Wang, Dong},
  booktitle={International Conference on Machine Learning},
  pages={21127--21152},
  year={2023},
  organization={PMLR}
}

@inproceedings{liu2022constrained,
  title={Constrained variational policy optimization for safe reinforcement learning},
  author={Liu, Zuxin and Cen, Zhepeng and Isenbaev, Vladislav and Liu, Wei and Wu, Steven and Li, Bo and Zhao, Ding},
  booktitle={International Conference on Machine Learning},
  pages={13644--13668},
  year={2022},
  organization={PMLR}
}

@inproceedings{liu2023constrained,
  title={Constrained decision transformer for offline safe reinforcement learning},
  author={Liu, Zuxin and Guo, Zijian and Yao, Yihang and Cen, Zhepeng and Yu, Wenhao and Zhang, Tingnan and Zhao, Ding},
  booktitle={International Conference on Machine Learning},
  pages={21611--21630},
  year={2023},
  organization={PMLR}
}

@article{lu2022dpm,
  title={Dpm-solver: A fast ode solver for diffusion probabilistic model sampling in around 10 steps},
  author={Lu, Cheng and Zhou, Yuhao and Bao, Fan and Chen, Jianfei and Li, Chongxuan and Zhu, Jun},
  journal={Advances in Neural Information Processing Systems},
  volume={35},
  pages={5775--5787},
  year={2022}
}

@inproceedings{lu2023contrastive,
  title={Contrastive energy prediction for exact energy-guided diffusion sampling in offline reinforcement learning},
  author={Lu, Cheng and Chen, Huayu and Chen, Jianfei and Su, Hang and Li, Chongxuan and Zhu, Jun},
  booktitle={International Conference on Machine Learning},
  pages={22825--22855},
  year={2023},
  organization={PMLR}
}

@article{schulman2015trust,
  title={Trust Region Policy Optimization},
  author={Schulman, John},
  journal={arXiv preprint arXiv:1502.05477},
  year={2015}
}

@article{song2020denoising,
  title={Denoising diffusion implicit models},
  author={Song, Jiaming and Meng, Chenlin and Ermon, Stefano},
  journal={arXiv preprint arXiv:2010.02502},
  year={2020}
}

@article{tessler2018reward,
  title={Reward constrained policy optimization},
  author={Tessler, Chen and Mankowitz, Daniel J and Mannor, Shie},
  journal={arXiv preprint arXiv:1805.11074},
  year={2018}
}

@article{wang2022diffusion,
  title={Diffusion policies as an expressive policy class for offline reinforcement learning},
  author={Wang, Zhendong and Hunt, Jonathan J and Zhou, Mingyuan},
  journal={arXiv preprint arXiv:2208.06193},
  year={2022}
}

@inproceedings{xu2021crpo,
  title={Crpo: A new approach for safe reinforcement learning with convergence guarantee},
  author={Xu, Tengyu and Liang, Yingbin and Lan, Guanghui},
  booktitle={International Conference on Machine Learning},
  pages={11480--11491},
  year={2021},
  organization={PMLR}
}

@inproceedings{xu2022constraints,
  title={Constraints penalized q-learning for safe offline reinforcement learning},
  author={Xu, Haoran and Zhan, Xianyuan and Zhu, Xiangyu},
  booktitle={Proceedings of the AAAI Conference on Artificial Intelligence},
  volume={36},
  number={8},
  pages={8753--8760},
  year={2022}
}

@inproceedings{yangprojection,
  title={Projection-Based Constrained Policy Optimization},
  author={Yang, Tsung-Yen and Rosca, Justinian and Narasimhan, Karthik and Ramadge, Peter J},
  booktitle={International Conference on Learning Representations},
  year={2020}
}

@inproceedings{ying2022dual,
  title={A dual approach to constrained markov decision processes with entropy regularization},
  author={Ying, Donghao and Ding, Yuhao and Lavaei, Javad},
  booktitle={International Conference on Artificial Intelligence and Statistics},
  pages={1887--1909},
  year={2022},
  organization={PMLR}
}

@inproceedings{zhou2023gradient,
  title={Gradient-adaptive pareto optimization for constrained reinforcement learning},
  author={Zhou, Zixian and Huang, Mengda and Pan, Feiyang and He, Jia and Ao, Xiang and Tu, Dandan and He, Qing},
  booktitle={Proceedings of the AAAI Conference on Artificial Intelligence},
  volume={37},
  number={9},
  pages={11443--11451},
  year={2023}
}

