@article{Brown2020,
  title={Language models are few-shot learners},
  author={Brown, Tom B and Mann, Benjamin and Ryder, Nick and Subbiah, Melanie and Kaplan, Jared D and Dhariwal, Prafulla and Neelakantan, Arvind and Shyam, Pranav and Sastry, Girish and Askell, Amanda and others},
  journal={arXiv preprint arXiv:2005.14165},
  year={2020}
}

@article{Deng2009,
  title={ImageNet: A large-scale hierarchical image database},
  author={Deng, Jia and Dong, Wei and Socher, Richard and Li, Li-Jia and Li, Kai and Fei-Fei, Li},
  journal={2009 IEEE conference on computer vision and pattern recognition},
  pages={248--255},
  year={2009},
  organization={Ieee}
}

@article{Narayanan2021,
title = 	 {Memory-Efficient Pipeline-Parallel DNN Training},
  author =       {Narayanan, Deepak and Phanishayee, Amar and Shi, Kaiyu and Chen, Xie and Zaharia, Matei},
  booktitle = 	 {Proceedings of the 38th International Conference on Machine Learning},
  pages = 	 {7937--7947},
  year = 	 {2021},
  editor = 	 {Meila, Marina and Zhang, Tong},
  volume = 	 {139},
  series = 	 {Proceedings of Machine Learning Research},
  month = 	 {18--24 Jul},
  publisher =    {PMLR},
  pdf = 	 {http://proceedings.mlr.press/v139/narayanan21a/narayanan21a.pdf},
  url = 	 {https://proceedings.mlr.press/v139/narayanan21a.html},
}

@article{Rae2021,
  title={Scaling language models: Methods, analysis \& insights from training gopher},
  author={Rae, Jack W and Borgeaud, Sebastian and Cai, Trevor and Millican, Katie and Hoffmann, Jordan and Song, Francis and Aslanides, John and Henderson, Scott and Ring, Roman and Young, Susannah and others},
  journal={arXiv preprint arXiv:2112.11446},
  year={2021}
}

@article{Snow2008,
  title={Cheap and fast---but is it good? Evaluating non-expert annotations for natural language tasks},
  author={Snow, Rion and O'Connor, Brendan and Jurafsky, Daniel and Ng, Andrew Y},
  journal={Proceedings of the conference on empirical methods in natural language processing (EMNLP)},
  pages={254--263},
  year={2008},
  organization={Association for Computational Linguistics}
}

@misc{chen2023frugalgptuselargelanguage,
      title={FrugalGPT: How to Use Large Language Models While Reducing Cost and Improving Performance}, 
      author={Lingjiao Chen and Matei Zaharia and James Zou},
      year={2023},
      eprint={2305.05176},
      archivePrefix={arXiv},
      url={https://arxiv.org/abs/2305.05176}, 
}

@article{devlin2018bert,
  title={BERT: Pre-training of Deep Bidirectional Transformers for Language Understanding},
  author={Devlin, Jacob and Chang, Ming-Wei and Lee, Kenton and Toutanova, Kristina},
  journal={arXiv preprint arXiv:1810.04805},
  year={2018}
}

@article{dodge2020finetune,
  title={Fine-Tuning Pretrained Language Models: Weight Initializations, Data Orders, and Early Stopping},
  author={Dodge, Jesse and Gururangan, Suchin and Card, Dallas and Schwartz, Roy and Smith, Noah A},
  journal={arXiv preprint arXiv:2002.06305},
  year={2020}
}

@article{hochreiter1997long,
  title={Long short-term memory},
  author={Hochreiter, Sepp and Schmidhuber, J{\"u}rgen},
  journal={Neural computation},
  volume={9},
  number={8},
  pages={1735--1780},
  year={1997},
  publisher={MIT Press}
}

@inproceedings{kim2014convolutional,
  title={Convolutional neural networks for sentence classification},
  author={Kim, Yoon},
  booktitle={Proceedings of the 2014 conference on empirical methods in natural language processing (EMNLP)},
  pages={1746--1751},
  year={2014}
}

@article{kovaleva2019secrets,
  title={Revealing the Dark Secrets of BERT},
  author={Kovaleva, Olga and Romanov, Alexey and Rogers, Anna and Rumshisky, Anna},
  journal={arXiv preprint arXiv:1908.08593},
  year={2019}
}

@inproceedings{pang2002thumbs,
  title={Thumbs up?: sentiment classification using machine learning techniques},
  author={Pang, Bo and Lee, Lillian and Vaithyanathan, Shivakumar},
  booktitle={Proceedings of the ACL-02 conference on Empirical methods in natural language processing-Volume 10},
  pages={79--86},
  year={2002},
  organization={Association for Computational Linguistics}
}

@article{sebastiani2002machine,
  title={Machine learning in automated text categorization},
  author={Sebastiani, Fabrizio},
  journal={ACM computing surveys (CSUR)},
  volume={34},
  number={1},
  pages={1--47},
  year={2002},
  publisher={ACM New York, NY, USA}
}

@inproceedings{strubell-etal-2019-energy,
    title = "Energy and Policy Considerations for Deep Learning in {NLP}",
    author = "Strubell, Emma  and
      Ganesh, Ananya  and
      McCallum, Andrew",
    editor = "Korhonen, Anna  and
      Traum, David  and
      M{\`a}rquez, Llu{\'\i}s",
    booktitle = "Proceedings of the 57th Annual Meeting of the Association for Computational Linguistics",
    month = jul,
    year = "2019",
    address = "Florence, Italy",
    publisher = "Association for Computational Linguistics",
    url = "https://aclanthology.org/P19-1355",
    doi = "10.18653/v1/P19-1355",
    pages = "3645--3650",
}

@article{sun2019finetune,
  title={How to Fine-Tune BERT for Text Classification?},
  author={Sun, Chi and Qiu, Xipeng and Xu, Yige and Huang, Xuanjing},
  journal={arXiv preprint arXiv:1905.05583},
  year={2019}
}

@article{taboada2011lexicon,
  title={Lexicon-based methods for sentiment analysis},
  author={Taboada, Maite and Brooke, Julian and Tofiloski, Milan and Voll, Kimberly and Stede, Manfred},
  journal={Computational linguistics},
  volume={37},
  number={2},
  pages={267--307},
  year={2011},
  publisher={MIT Press}
}

@article{yang2019xlnet,
  title={XLNet: Generalized Autoregressive Pretraining for Language Understanding},
  author={Yang, Zhilin and Dai, Zihang and Yang, Yiming and Carbonell, Jaime and Salakhutdinov, Ruslan R and Le, Quoc V},
  journal={arXiv preprint arXiv:1906.08237},
  year={2019}
}

@article{zhang2018deep,
  title={Deep learning for sentiment analysis: A survey},
  author={Zhang, Lei and Wang, Shuai and Liu, Bing},
  journal={Wiley Interdisciplinary Reviews: Data Mining and Knowledge Discovery},
  volume={8},
  number={4},
  pages={e1253},
  year={2018},
  publisher={Wiley Online Library}
}

