@inproceedings{
wei2023jailbroken,
title={Jailbroken: How Does {LLM} Safety Training Fail?},
author={Alexander Wei and Nika Haghtalab and Jacob Steinhardt},
booktitle={Thirty-seventh Conference on Neural Information Processing Systems},
year={2023},
}

@article{gemma2,
  title={Gemma 2: Improving open language models at a practical size},
  author={Team, Gemma and Riviere, Morgane and Pathak, Shreya and Sessa, Pier Giuseppe and Hardin, Cassidy and Bhupatiraju, Surya and Hussenot, L{\'e}onard and Mesnard, Thomas and Shahriari, Bobak and Ram{\'e}, Alexandre and others},
  journal={arXiv preprint arXiv:2408.00118},
  year={2024}
}

@article{jiang2023mistral,
  title={Mistral 7B},
  author={Jiang, Albert Q and Sablayrolles, Alexandre and Mensch, Arthur and Bamford, Chris and Chaplot, Devendra Singh and Casas, Diego de las and Bressand, Florian and Lengyel, Gianna and Lample, Guillaume and Saulnier, Lucile and others},
  journal={arXiv preprint arXiv:2310.06825},
  year={2023}
}

@article{bai2023qwen,
  title={Qwen technical report},
  author={Bai, Jinze and Bai, Shuai and Chu, Yunfei and Cui, Zeyu and Dang, Kai and Deng, Xiaodong and Fan, Yang and Ge, Wenbin and Han, Yu and Huang, Fei and others},
  journal={arXiv preprint arXiv:2309.16609},
  year={2023}
}

@article{achiam2023gpt,
  title={Gpt-4 technical report},
  author={Achiam, Josh and Adler, Steven and Agarwal, Sandhini and Ahmad, Lama and Akkaya, Ilge and Aleman, Florencia Leoni and Almeida, Diogo and Altenschmidt, Janko and Altman, Sam and Anadkat, Shyamal and others},
  journal={arXiv preprint arXiv:2303.08774},
  year={2023}
}

@article{hurst2024gpt,
  title={Gpt-4o system card},
  author={Hurst, Aaron and Lerer, Adam and Goucher, Adam P and Perelman, Adam and Ramesh, Aditya and Clark, Aidan and Ostrow, AJ and Welihinda, Akila and Hayes, Alan and Radford, Alec and others},
  journal={arXiv preprint arXiv:2410.21276},
  year={2024}
}

@article{ji2024pku,
  title={PKU-SafeRLHF: Towards Multi-Level Safety Alignment for LLMs with Human Preference},
  author={Ji, Jiaming and Hong, Donghai and Zhang, Borong and Chen, Boyuan and Dai, Josef and Zheng, Boren and Qiu, Tianyi and Li, Boxun and Yang, Yaodong},
  journal={arXiv preprint arXiv:2406.15513},
  year={2024}
}

@misc{cui2023ultrafeedback,
      title={UltraFeedback: Boosting Language Models with High-quality Feedback}, 
      author={Ganqu Cui and Lifan Yuan and Ning Ding and Guanming Yao and Wei Zhu and Yuan Ni and Guotong Xie and Zhiyuan Liu and Maosong Sun},
      year={2023},
      eprint={2310.01377},
      archivePrefix={arXiv},
      primaryClass={cs.CL}
}

@article{wang2023not,
  title={Do-not-answer: A dataset for evaluating safeguards in llms},
  author={Wang, Yuxia and Li, Haonan and Han, Xudong and Nakov, Preslav and Baldwin, Timothy},
  journal={arXiv preprint arXiv:2308.13387},
  year={2023}
}

@inproceedings{shen2024anything,
  title={" do anything now": Characterizing and evaluating in-the-wild jailbreak prompts on large language models},
  author={Shen, Xinyue and Chen, Zeyuan and Backes, Michael and Shen, Yun and Zhang, Yang},
  booktitle={Proceedings of the 2024 on ACM SIGSAC Conference on Computer and Communications Security},
  pages={1671--1685},
  year={2024}
}
@article{derta,
  title={Refuse whenever you feel unsafe: Improving safety in llms via decoupled refusal training},
  author={Yuan, Youliang and Jiao, Wenxiang and Wang, Wenxuan and Huang, Jen-tse and Xu, Jiahao and Liang, Tian and He, Pinjia and Tu, Zhaopeng},
  journal={arXiv preprint arXiv:2407.09121},
  year={2024}
}
@article{gptsmart,
  title={Gpt-4 is too smart to be safe: Stealthy chat with llms via cipher},
  author={Yuan, Youliang and Jiao, Wenxiang and Wang, Wenxuan and Huang, Jen-tse and He, Pinjia and Shi, Shuming and Tu, Zhaopeng},
  journal={arXiv preprint arXiv:2308.06463},
  year={2023}
}
@article{PAIR,
  title={Jailbreaking black box large language models in twenty queries},
  author={Chao, Patrick and Robey, Alexander and Dobriban, Edgar and Hassani, Hamed and Pappas, George J and Wong, Eric},
  journal={arXiv preprint arXiv:2310.08419},
  year={2023}
}
@article{zhou2023instruction,
  title={Instruction-following evaluation for large language models},
  author={Zhou, Jeffrey and Lu, Tianjian and Mishra, Swaroop and Brahma, Siddhartha and Basu, Sujoy and Luan, Yi and Zhou, Denny and Hou, Le},
  journal={arXiv preprint arXiv:2311.07911},
  year={2023}
}
@article{cobbe2021gsm8k,
  title={Training Verifiers to Solve Math Word Problems},
  author={Cobbe, Karl and Kosaraju, Vineet and Bavarian, Mohammad and Chen, Mark and Jun, Heewoo and Kaiser, Lukasz and Plappert, Matthias and Tworek, Jerry and Hilton, Jacob and Nakano, Reiichiro and Hesse, Christopher and Schulman, John},
  journal={arXiv preprint arXiv:2110.14168},
  year={2021}
}
@article{hendrycksmath2021,
  title={Measuring Mathematical Problem Solving With the MATH Dataset},
  author={Dan Hendrycks and Collin Burns and Saurav Kadavath and Akul Arora and Steven Basart and Eric Tang and Dawn Song and Jacob Steinhardt},
  journal={NeurIPS},
  year={2021}
}
@inproceedings{BFCL,
  title={Berkeley Function Calling Leaderboard},
  author={Fanjia Yan and Huanzhi Mao and Charlie Cheng-Jie Ji and Tianjun Zhang and Shishir G. Patil and Ion Stoica and Joseph E. Gonzalez},
  year={2024},
  howpublished={\url{https://gorilla.cs.berkeley.edu/blogs/8_berkeley_function_calling_leaderboard.html}},
}

@article{deepseekcoder,
  title={DeepSeek-Coder-V2: Breaking the Barrier of Closed-Source Models in Code Intelligence},
  author={Zhu, Qihao and Guo, Daya and Shao, Zhihong and Yang, Dejian and Wang, Peiyi and Xu, Runxin and Wu, Y and Li, Yukun and Gao, Huazuo and Ma, Shirong and others},
  journal={arXiv preprint arXiv:2406.11931},
  year={2024}
}

@article{codellama,
  title={Code llama: Open foundation models for code},
  author={Roziere, Baptiste and Gehring, Jonas and Gloeckle, Fabian and Sootla, Sten and Gat, Itai and Tan, Xiaoqing Ellen and Adi, Yossi and Liu, Jingyu and Sauvestre, Romain and Remez, Tal and others},
  journal={arXiv preprint arXiv:2308.12950},
  year={2023}
}

@article{deepseekmath,
  title={DeepSeek-Prover: Advancing Theorem Proving in LLMs through Large-Scale Synthetic Data},
  author={Xin, Huajian and Guo, Daya and Shao, Zhihong and Ren, Zhizhou and Zhu, Qihao and Liu, Bo and Ruan, Chong and Li, Wenda and Liang, Xiaodan},
  journal={arXiv preprint arXiv:2405.14333},
  year={2024}
}

@misc{qwq32bpreview,
    title = {QwQ: Reflect Deeply on the Boundaries of the Unknown},
    url = {https://qwenlm.github.io/blog/qwq-32b-preview/},
    author = {Qwen Team},
    month = {November},
    year = {2024}
}

@article{qwen2,
      title={Qwen2 Technical Report}, 
      author={An Yang and Baosong Yang and Binyuan Hui and Bo Zheng and Bowen Yu and Chang Zhou and Chengpeng Li and Chengyuan Li and Dayiheng Liu and Fei Huang and Guanting Dong and Haoran Wei and Huan Lin and Jialong Tang and Jialin Wang and Jian Yang and Jianhong Tu and Jianwei Zhang and Jianxin Ma and Jin Xu and Jingren Zhou and Jinze Bai and Jinzheng He and Junyang Lin and Kai Dang and Keming Lu and Keqin Chen and Kexin Yang and Mei Li and Mingfeng Xue and Na Ni and Pei Zhang and Peng Wang and Ru Peng and Rui Men and Ruize Gao and Runji Lin and Shijie Wang and Shuai Bai and Sinan Tan and Tianhang Zhu and Tianhao Li and Tianyu Liu and Wenbin Ge and Xiaodong Deng and Xiaohuan Zhou and Xingzhang Ren and Xinyu Zhang and Xipin Wei and Xuancheng Ren and Yang Fan and Yang Yao and Yichang Zhang and Yu Wan and Yunfei Chu and Yuqiong Liu and Zeyu Cui and Zhenru Zhang and Zhihao Fan},
      journal={arXiv preprint arXiv:2407.10671},
      year={2024}
}

@article{li2024entropic,
  title={Entropic Distribution Matching in Supervised Fine-tuning of LLMs: Less Overfitting and Better Diversity},
  author={Li, Ziniu and Chen, Congliang and Xu, Tian and Qin, Zeyu and Xiao, Jiancong and Sun, Ruoyu and Luo, Zhi-Quan},
  journal={arXiv preprint arXiv:2408.16673},
  year={2024}
}

@article{hurst2024gpt4o,
  title={Gpt-4o system card},
  author={Hurst, Aaron and Lerer, Adam and Goucher, Adam P and Perelman, Adam and Ramesh, Aditya and Clark, Aidan and Ostrow, AJ and Welihinda, Akila and Hayes, Alan and Radford, Alec and others},
  journal={arXiv preprint arXiv:2410.21276},
  year={2024}
}

@article{zhang2024raft,
  title={Raft: Adapting language model to domain specific rag},
  author={Zhang, Tianjun and Patil, Shishir G and Jain, Naman and Shen, Sheng and Zaharia, Matei and Stoica, Ion and Gonzalez, Joseph E},
  journal={arXiv preprint arXiv:2403.10131},
  year={2024}
}
@article{selfrag,
  title={Self-rag: Learning to retrieve, generate, and critique through self-reflection},
  author={Asai, Akari and Wu, Zeqiu and Wang, Yizhong and Sil, Avirup and Hajishirzi, Hannaneh},
  journal={arXiv preprint arXiv:2310.11511},
  year={2023}
}
@article{agentsurvey,
  title={Large language model based multi-agents: A survey of progress and challenges},
  author={Guo, Taicheng and Chen, Xiuying and Wang, Yaqi and Chang, Ruidi and Pei, Shichao and Chawla, Nitesh V and Wiest, Olaf and Zhang, Xiangliang},
  journal={arXiv preprint arXiv:2402.01680},
  year={2024}
}

@article{thirunavukarasu2023large,
  title={Large language models in medicine},
  author={Thirunavukarasu, Arun James and Ting, Darren Shu Jeng and Elangovan, Kabilan and Gutierrez, Laura and Tan, Ting Fang and Ting, Daniel Shu Wei},
  journal={Nature medicine},
  volume={29},
  number={8},
  pages={1930--1940},
  year={2023},
  publisher={Nature Publishing Group US New York}
}

@article{sheshadri2024latent,
  title={Latent adversarial training improves robustness to persistent harmful behaviors in llms},
  author={Sheshadri, Abhay and Ewart, Aidan and Guo, Phillip and Lynch, Aengus and Wu, Cindy and Hebbar, Vivek and Sleight, Henry and Stickland, Asa Cooper and Perez, Ethan and Hadfield-Menell, Dylan and others},
  journal={arXiv preprint arXiv:2407.15549},
  year={2024}
}

@inproceedings{
zou2024improving,
title={Improving Alignment and Robustness with Circuit Breakers},
author={Andy Zou and Long Phan and Justin Wang and Derek Duenas and Maxwell Lin and Maksym Andriushchenko and J Zico Kolter and Matt Fredrikson and Dan Hendrycks},
booktitle={The Thirty-eighth Annual Conference on Neural Information Processing Systems},
year={2024},
}

@article{bran2023chemcrow,
  title={ChemCrow: Augmenting large-language models with chemistry tools},
  author={Bran, Andres M and Cox, Sam and Schilter, Oliver and Baldassari, Carlo and White, Andrew D and Schwaller, Philippe},
  journal={arXiv preprint arXiv:2304.05376},
  year={2023}
}
@article{kaplan2020scaling,
  title={Scaling laws for neural language models},
  author={Kaplan, Jared and McCandlish, Sam and Henighan, Tom and Brown, Tom B and Chess, Benjamin and Child, Rewon and Gray, Scott and Radford, Alec and Wu, Jeffrey and Amodei, Dario},
  journal={arXiv preprint arXiv:2001.08361},
  year={2020}
}
@article{openaio1,
  title={OpenAI o1 System Card},
  author={Jaech, Aaron and Kalai, Adam and Lerer, Adam and Richardson, Adam and El-Kishky, Ahmed and Low, Aiden and Helyar, Alec and Madry, Aleksander and Beutel, Alex and Carney, Alex and others},
  journal={arXiv preprint arXiv:2412.16720},
  year={2024}
}
@misc{openaio1examples,
  title={OpenAI o1 System Card examples},
  author={Ahmed El-Kishky, Daniel Selsam,...},
  url ={https://openai.com/index/learning-to-reason-with-llms/},
  year={2024}
}
@article{bai2022constitutional,
  title={Constitutional ai: Harmlessness from ai feedback},
  author={Bai, Yuntao and Kadavath, Saurav and Kundu, Sandipan and Askell, Amanda and Kernion, Jackson and Jones, Andy and Chen, Anna and Goldie, Anna and Mirhoseini, Azalia and McKinnon, Cameron and others},
  journal={arXiv preprint arXiv:2212.08073},
  year={2022}
}
@article{circuitbreaker,
  title={Improving Alignment and Robustness with Short Circuiting},
  author={Zou, Andy and Phan, Long and Wang, Justin and Duenas, Derek and Lin, Maxwell and Andriushchenko, Maksym and Wang, Rowan and Kolter, Zico and Fredrikson, Matt and Hendrycks, Dan},
  journal={arXiv preprint arXiv:2406.04313},
  year={2024}
}

@article{askell2021general,
  title={A general language assistant as a laboratory for alignment},
  author={Askell, Amanda and Bai, Yuntao and Chen, Anna and Drain, Dawn and Ganguli, Deep and Henighan, Tom and Jones, Andy and Joseph, Nicholas and Mann, Ben and DasSarma, Nova and others},
  journal={arXiv preprint arXiv:2112.00861},
  year={2021}
}


@misc{chatgpt,
    title = {Introducing {ChatGPT}} ,
    author = {OpenAI},
    url = {https://openai.com/blog/chatgpt},
    year = {2022}
}


@article{gpt4,
  title={{GPT4} technical report},
  author={OpenAI},
  journal={arXiv preprint arXiv:2303.08774},
  year={2023}
}


@misc{o1,
  title={Learning to reason with LLMs},
  author={OpenAI},
  year={2024},
  url = {https://openai.com/index/learning-to-reason-with-llms/}
}

@article{qi2024safety,
  title={Safety Alignment Should Be Made More Than Just a Few Tokens Deep},
  author={Qi, Xiangyu and Panda, Ashwinee and Lyu, Kaifeng and Ma, Xiao and Roy, Subhrajit and Beirami, Ahmad and Mittal, Prateek and Henderson, Peter},
  journal={arXiv preprint arXiv:2406.05946},
  year={2024}
}
@article{youliang,
  title={Refuse whenever you feel unsafe: Improving safety in llms via decoupled refusal training},
  author={Yuan, Youliang and Jiao, Wenxiang and Wang, Wenxuan and Huang, Jen-tse and Xu, Jiahao and Liang, Tian and He, Pinjia and Tu, Zhaopeng},
  journal={arXiv preprint arXiv:2407.09121},
  year={2024}
}
@article{arc,
  title={On the measure of intelligence},
  author={Chollet, Fran{\c{c}}ois},
  journal={arXiv preprint arXiv:1911.01547},
  year={2019}
}

@article{shah2023scalable,
  title={Scalable and transferable black-box jailbreaks for language models via persona modulation},
  author={Shah, Rusheb and Pour, Soroush and Tagade, Arush and Casper, Stephen and Rando, Javier and others},
  journal={arXiv preprint arXiv:2311.03348},
  year={2023}
}
@article{pasttense,
  title={Does Refusal Training in LLMs Generalize to the Past Tense?},
  author={Andriushchenko, Maksym and Flammarion, Nicolas},
  journal={arXiv preprint arXiv:2407.11969},
  year={2024}
}

@article{zeng2024johnny,
  title={How johnny can persuade llms to jailbreak them: Rethinking persuasion to challenge ai safety by humanizing llms},
  author={Zeng, Yi and Lin, Hongpeng and Zhang, Jingwen and Yang, Diyi and Jia, Ruoxi and Shi, Weiyan},
  journal={arXiv preprint arXiv:2401.06373},
  year={2024}
}
@misc{template1,
  title={website template1},
  author={Benjamin Klieger},
  url ={https://github.com/bklieger-groq/g1},
  year={2024}
}

@misc{template2,
  title={website template2},
  author={Philipp Schmid},
  url ={https://x.com/_philschmid/status/1842846050320544016},
  year={2024}
}

@article{llama2,
  title={Llama 2: Open foundation and fine-tuned chat models},
  author={Touvron, Hugo and Martin, Louis and Stone, Kevin and Albert, Peter and Almahairi, Amjad and Babaei, Yasmine and Bashlykov, Nikolay and Batra, Soumya and Bhargava, Prajjwal and Bhosale, Shruti and others},
  journal={arXiv preprint arXiv:2307.09288},
  year={2023}
}
@article{cot,
  title={Chain-of-thought prompting elicits reasoning in large language models},
  author={Wei, Jason and Wang, Xuezhi and Schuurmans, Dale and Bosma, Maarten and Xia, Fei and Chi, Ed and Le, Quoc V and Zhou, Denny and others},
  journal={Advances in neural information processing systems},
  volume={35},
  pages={24824--24837},
  year={2022}
}
@article{yu2023metamath,
  title={MetaMath: Bootstrap Your Own Mathematical Questions for Large Language Models},
  author={Yu, Longhui and Jiang, Weisen and Shi, Han and Yu, Jincheng and Liu, Zhengying and Zhang, Yu and Kwok, James T and Li, Zhenguo and Weller, Adrian and Liu, Weiyang},
  journal={arXiv preprint arXiv:2309.12284},
  year={2023}
}

@article{thinkingllm,
  title={Thinking LLMs: General Instruction Following with Thought Generation},
  author={Wu, Tianhao and Lan, Janice and Yuan, Weizhe and Jiao, Jiantao and Weston, Jason and Sukhbaatar, Sainbayar},
  journal={arXiv preprint arXiv:2410.10630},
  year={2024}
}
@misc{qi2023finetuning,
      title={Fine-tuning Aligned Language Models Compromises Safety, Even When Users Do Not Intend To!}, 
      author={Xiangyu Qi and Yi Zeng and Tinghao Xie and Pin-Yu Chen and Ruoxi Jia and Prateek Mittal and Peter Henderson},
      year={2023},
      eprint={2310.03693},
      archivePrefix={arXiv},
      primaryClass={cs.CL}
}
@misc{safetyjudge,
  title={safety judge},
  author={Xiangyu Qi},
  url ={https://github.com/LLM-Tuning-Safety/LLMs-Finetuning-Safety/blob/main/gpt-3.5/eval_utils/openai_policy_gpt4_judge.py},
  year={2024}
}

@inproceedings{zheng2024llamafactory,
  title={LlamaFactory: Unified Efficient Fine-Tuning of 100+ Language Models},
  author={Yaowei Zheng and Richong Zhang and Junhao Zhang and Yanhan Ye and Zheyan Luo and Zhangchi Feng and Yongqiang Ma},
  booktitle={Proceedings of the 62nd Annual Meeting of the Association for Computational Linguistics (Volume 3: System Demonstrations)},
  address={Bangkok, Thailand},
  publisher={Association for Computational Linguistics},
  year={2024},
  url={http://arxiv.org/abs/2403.13372}
}
@article{hu2021lora,
  title={Lora: Low-rank adaptation of large language models},
  author={Hu, Edward J and Shen, Yelong and Wallis, Phillip and Allen-Zhu, Zeyuan and Li, Yuanzhi and Wang, Shean and Wang, Lu and Chen, Weizhu},
  journal={arXiv preprint arXiv:2106.09685},
  year={2021}
}
@misc{zou2023transparency,
      title={Representation Engineering: A Top-Down Approach to AI Transparency}, 
      author={Andy Zou, Long Phan},
      year={2023},
      eprint={2310.01405},
      archivePrefix={arXiv},
      primaryClass={cs.CL}
}


@inproceedings{
bianchi2024safetytuned,
title={Safety-Tuned {LL}a{MA}s: Lessons From Improving the Safety of Large Language Models that Follow Instructions},
author={Federico Bianchi and Mirac Suzgun and Giuseppe Attanasio and Paul Rottger and Dan Jurafsky and Tatsunori Hashimoto and James Zou},
booktitle={The Twelfth International Conference on Learning Representations},
year={2024},
}

@article{touvron2023llama,
  title={Llama 2: Open foundation and fine-tuned chat models},
  author={Touvron, Hugo and Martin, Louis and Stone, Kevin and Albert, Peter and Almahairi, Amjad and Babaei, Yasmine and Bashlykov, Nikolay and Batra, Soumya and Bhargava, Prajjwal and Bhosale, Shruti and others},
  journal={arXiv preprint arXiv:2307.09288},
  year={2023}
}


@article{zou2023representation,
  title={Representation engineering: A top-down approach to ai transparency},
  author={Zou, Andy and Phan, Long and Chen, Sarah and Campbell, James and Guo, Phillip and Ren, Richard and Pan, Alexander and Yin, Xuwang and Mazeika, Mantas and Dombrowski, Ann-Kathrin and others},
  journal={arXiv preprint arXiv:2310.01405},
  year={2023}
}

@article{mazeika2024harmbench,
  title={Harmbench: A standardized evaluation framework for automated red teaming and robust refusal},
  author={Mazeika, Mantas and Phan, Long and Yin, Xuwang and Zou, Andy and Wang, Zifan and Mu, Norman and Sakhaee, Elham and Li, Nathaniel and Basart, Steven and Li, Bo and others},
  journal={arXiv preprint arXiv:2402.04249},
  year={2024}
}

@article{ben2006analysis,
  title={Analysis of representations for domain adaptation},
  author={Ben-David, Shai and Blitzer, John and Crammer, Koby and Pereira, Fernando},
  journal={Advances in neural information processing systems},
  volume={19},
  year={2006}
}

@article{dubey2024llama,
  title={The llama 3 herd of models},
  author={Dubey, Abhimanyu and Jauhri, Abhinav and Pandey, Abhinav and Kadian, Abhishek and Al-Dahle, Ahmad and Letman, Aiesha and Mathur, Akhil and Schelten, Alan and Yang, Amy and Fan, Angela and others},
  journal={arXiv preprint arXiv:2407.21783},
  year={2024}
}


@article{li2024common,
  title={Common 7b language models already possess strong math capabilities},
  author={Li, Chen and Wang, Weiqi and Hu, Jingcheng and Wei, Yixuan and Zheng, Nanning and Hu, Han and Zhang, Zheng and Peng, Houwen},
  journal={arXiv preprint arXiv:2403.04706},
  year={2024}
}

@inproceedings{gao2023scaling,
  title={Scaling laws for reward model overoptimization},
  author={Gao, Leo and Schulman, John and Hilton, Jacob},
  booktitle={International Conference on Machine Learning},
  pages={10835--10866},
  year={2023},
  organization={PMLR}
}

@misc{dubey2024llama3herdmodels,
  title =         {The Llama 3 Herd of Models},
  author =        {Llama Team, AI @ Meta},
  year =          {2024},
  eprint =        {2407.21783},
  archivePrefix = {arXiv},
  primaryClass =  {cs.AI},
  url =           {https://arxiv.org/abs/2407.21783}
}


@article{ultrachat,
  title={Enhancing Chat Language Models by Scaling High-quality Instructional Conversations},
  author={Ding, Ning and Chen, Yulin and Xu, Bokai and Qin, Yujia and Zheng, Zhi and Hu, Shengding and Liu, Zhiyuan and Sun, Maosong and Zhou, Bowen},
  journal={arXiv preprint arXiv:2305.14233},
  year={2023}
}
@article{xu2023wizardlm,
  title={Wizardlm: Empowering large language models to follow complex instructions},
  author={Xu, Can and Sun, Qingfeng and Zheng, Kai and Geng, Xiubo and Zhao, Pu and Feng, Jiazhan and Tao, Chongyang and Jiang, Daxin},
  journal={arXiv preprint arXiv:2304.12244},
  year={2023}
}
@misc{DANismy,
  title={Do-Anything-Now},
  author={Walkerspider},
  url ={https://www.reddit.com/r/ChatGPT/comments/zlcyr9/dan_is_my_new_friend/?rdt=63210},
  year={2022}
}

@inproceedings{evalplus,
  title = {Is Your Code Generated by Chat{GPT} Really Correct? Rigorous Evaluation of Large Language Models for Code Generation},
  author = {Liu, Jiawei and Xia, Chunqiu Steven and Wang, Yuyao and Zhang, Lingming},
  booktitle = {Thirty-seventh Conference on Neural Information Processing Systems},
  year = {2023}
}

@article{humaneval,
  title={Evaluating Large Language Models Trained on Code},
  author={Mark Chen and Jerry Tworek and Heewoo Jun and Qiming Yuan and Henrique Ponde de Oliveira Pinto and Jared Kaplan and Harri Edwards and Yuri Burda and Nicholas Joseph and Greg Brockman and Alex Ray and Raul Puri and Gretchen Krueger and Michael Petrov and Heidy Khlaaf and Girish Sastry and Pamela Mishkin and Brooke Chan and Scott Gray and Nick Ryder and Mikhail Pavlov and Alethea Power and Lukasz Kaiser and Mohammad Bavarian and Clemens Winter and Philippe Tillet and Felipe Petroski Such and Dave Cummings and Matthias Plappert and Fotios Chantzis and Elizabeth Barnes and Ariel Herbert-Voss and William Hebgen Guss and Alex Nichol and Alex Paino and Nikolas Tezak and Jie Tang and Igor Babuschkin and Suchir Balaji and Shantanu Jain and William Saunders and Christopher Hesse and Andrew N. Carr and Jan Leike and Josh Achiam and Vedant Misra and Evan Morikawa and Alec Radford and Matthew Knight and Miles Brundage and Mira Murati and Katie Mayer and Peter Welinder and Bob McGrew and Dario Amodei and Sam McCandlish and Ilya Sutskever and Wojciech Zaremba},
  year={2021},
  eprint={2107.03374},
  archivePrefix={arXiv},
  primaryClass={cs.LG}
}

@article{mbpp,
  title={Program synthesis with large language models},
  author={Austin, Jacob and Odena, Augustus and Nye, Maxwell and Bosma, Maarten and Michalewski, Henryk and Dohan, David and Jiang, Ellen and Cai, Carrie and Terry, Michael and Le, Quoc and others},
  journal={arXiv preprint arXiv:2108.07732},
  year={2021}
}

@misc{AMC10,
  title={AMC10},
  author={AMC10},
  url ={https://artofproblemsolving.com/wiki/index.php/2024_AMC_10A},
  year={2024}
}

@misc{AMC12,
  title={AMC12},
  author={AMC12},
  url ={https://artofproblemsolving.com/wiki/index.php/2024_AMC_12A},
  year={2024}
}

@misc{AIME,
  title={AIME},
  author={AIME},
  url ={https://artofproblemsolving.com/wiki/index.php/2024_AIME_I},
  year={2024}
}


@article{madaan2024self,
  title={Self-refine: Iterative refinement with self-feedback},
  author={Madaan, Aman and Tandon, Niket and Gupta, Prakhar and Hallinan, Skyler and Gao, Luyu and Wiegreffe, Sarah and Alon, Uri and Dziri, Nouha and Prabhumoye, Shrimai and Yang, Yiming and others},
  journal={Advances in Neural Information Processing Systems},
  volume={36},
  year={2023}
}



@inproceedings{
qu2024recursive,
title={Recursive Introspection: Teaching Language Model Agents How to Self-Improve},
author={Yuxiao Qu and Tianjun Zhang and Naman Garg and Aviral Kumar},
booktitle={The Thirty-eighth Annual Conference on Neural Information Processing Systems},
year={2024}
}


@article{ouyang2022training,
  title={Training language models to follow instructions with human feedback},
  author={Ouyang, Long and Wu, Jeffrey and Jiang, Xu and Almeida, Diogo and Wainwright, Carroll and Mishkin, Pamela and Zhang, Chong and Agarwal, Sandhini and Slama, Katarina and Ray, Alex and others},
  journal={Advances in neural information processing systems},
  volume={35},
  pages={27730--27744},
  year={2022}
}

@article{zhou2024lima,
  title={Lima: Less is more for alignment},
  author={Zhou, Chunting and Liu, Pengfei and Xu, Puxin and Iyer, Srinivasan and Sun, Jiao and Mao, Yuning and Ma, Xuezhe and Efrat, Avia and Yu, Ping and Yu, Lili and others},
  journal={Advances in Neural Information Processing Systems},
  volume={36},
  year={2023}
}


@article{wang2024step,
  title={Step-on-feet tuning: Scaling self-alignment of llms via bootstrapping},
  author={Wang, Haoyu and Ma, Guozheng and Meng, Ziqiao and Qin, Zeyu and Shen, Li and Zhang, Zhong and Wu, Bingzhe and Liu, Liu and Bian, Yatao and Xu, Tingyang and others},
  journal={arXiv preprint arXiv:2402.07610},
  year={2024}
}
@article{dpo,
  title={Direct preference optimization: Your language model is secretly a reward model},
  author={Rafailov, Rafael and Sharma, Archit and Mitchell, Eric and Manning, Christopher D and Ermon, Stefano and Finn, Chelsea},
  journal={Advances in Neural Information Processing Systems},
  volume={36},
  year={2023}
}

@inproceedings{vllm,
  title={Efficient Memory Management for Large Language Model Serving with PagedAttention},
  author={Woosuk Kwon and Zhuohan Li and Siyuan Zhuang and Ying Sheng and Lianmin Zheng and Cody Hao Yu and Joseph E. Gonzalez and Hao Zhang and Ion Stoica},
  booktitle={Proceedings of the ACM SIGOPS 29th Symposium on Operating Systems Principles},
  year={2023}
}

@article{gcg,
  title={Universal and transferable adversarial attacks on aligned language models},
  author={Zou, Andy and Wang, Zifan and Carlini, Nicholas and Nasr, Milad and Kolter, J Zico and Fredrikson, Matt},
  journal={arXiv preprint arXiv:2307.15043},
  year={2023}
}
@article{liu2023autodan,
  title={Autodan: Generating stealthy jailbreak prompts on aligned large language models},
  author={Liu, Xiaogeng and Xu, Nan and Chen, Muhao and Xiao, Chaowei},
  journal={arXiv preprint arXiv:2310.04451},
  year={2023}
}

@article{geisler2024attacking,
  title={Attacking large language models with projected gradient descent},
  author={Geisler, Simon and Wollschl{\"a}ger, Tom and Abdalla, MHI and Gasteiger, Johannes and G{\"u}nnemann, Stephan},
  journal={arXiv preprint arXiv:2402.09154},
  year={2024}
}

@article{guo2021gradient,
  title={Gradient-based adversarial attacks against text transformers},
  author={Guo, Chuan and Sablayrolles, Alexandre and J{\'e}gou, Herv{\'e} and Kiela, Douwe},
  journal={arXiv preprint arXiv:2104.13733},
  year={2021}
}

@article{kojima2022large,
  title={Large language models are zero-shot reasoners},
  author={Kojima, Takeshi and Gu, Shixiang Shane and Reid, Machel and Matsuo, Yutaka and Iwasawa, Yusuke},
  journal={Advances in neural information processing systems},
  volume={35},
  pages={22199--22213},
  year={2022}
}

@article{lightman2023let,
  title={Let's verify step by step},
  author={Lightman, Hunter and Kosaraju, Vineet and Burda, Yura and Edwards, Harri and Baker, Bowen and Lee, Teddy and Leike, Jan and Schulman, John and Sutskever, Ilya and Cobbe, Karl},
  journal={arXiv preprint arXiv:2305.20050},
  year={2023}
}

@article{zelikman2022star,
  title={Star: Bootstrapping reasoning with reasoning},
  author={Zelikman, Eric and Wu, Yuhuai and Mu, Jesse and Goodman, Noah},
  journal={Advances in Neural Information Processing Systems},
  volume={35},
  pages={15476--15488},
  year={2022}
}
@article{yuan2023scaling,
  title={Scaling relationship on learning mathematical reasoning with large language models},
  author={Yuan, Zheng and Yuan, Hongyi and Li, Chengpeng and Dong, Guanting and Lu, Keming and Tan, Chuanqi and Zhou, Chang and Zhou, Jingren},
  journal={arXiv preprint arXiv:2308.01825},
  year={2023}
}
@inproceedings{wang2024math,
  title={Math-shepherd: Verify and reinforce llms step-by-step without human annotations},
  author={Wang, Peiyi and Li, Lei and Shao, Zhihong and Xu, Runxin and Dai, Damai and Li, Yifei and Chen, Deli and Wu, Yu and Sui, Zhifang},
  booktitle={Proceedings of the 62nd Annual Meeting of the Association for Computational Linguistics (Volume 1: Long Papers)},
  pages={9426--9439},
  year={2024}
}
@article{mitra2024orca,
  title={Orca-math: Unlocking the potential of slms in grade school math},
  author={Mitra, Arindam and Khanpour, Hamed and Rosset, Corby and Awadallah, Ahmed},
  journal={arXiv preprint arXiv:2402.14830},
  year={2024}
}

@article{uesato2022solving,
  title={Solving math word problems with process-and outcome-based feedback},
  author={Uesato, Jonathan and Kushman, Nate and Kumar, Ramana and Song, Francis and Siegel, Noah and Wang, Lisa and Creswell, Antonia and Irving, Geoffrey and Higgins, Irina},
  journal={arXiv preprint arXiv:2211.14275},
  year={2022}
}

@article{guan2025rstar,
  title={rStar-Math: Small LLMs Can Master Math Reasoning with Self-Evolved Deep Thinking},
  author={Guan, Xinyu and Zhang, Li Lyna and Liu, Yifei and Shang, Ning and Sun, Youran and Zhu, Yi and Yang, Fan and Yang, Mao},
  journal={arXiv preprint arXiv:2501.04519},
  year={2025}
}

@article{kumar2024training,
  title={Training language models to self-correct via reinforcement learning},
  author={Kumar, Aviral and Zhuang, Vincent and Agarwal, Rishabh and Su, Yi and Co-Reyes, John D and Singh, Avi and Baumli, Kate and Iqbal, Shariq and Bishop, Colton and Roelofs, Rebecca and others},
  journal={arXiv preprint arXiv:2409.12917},
  year={2024}
}

@article{guo2025deepseek,
  title={DeepSeek-R1: Incentivizing Reasoning Capability in LLMs via Reinforcement Learning},
  author={Guo, Daya and Yang, Dejian and Zhang, Haowei and Song, Junxiao and Zhang, Ruoyu and Xu, Runxin and Zhu, Qihao and Ma, Shirong and Wang, Peiyi and Bi, Xiao and others},
  journal={arXiv preprint arXiv:2501.12948},
  year={2025}
}

@article{guan2024deliberative,
  title={Deliberative alignment: Reasoning enables safer language models},
  author={Guan, Melody Y and Joglekar, Manas and Wallace, Eric and Jain, Saachi and Barak, Boaz and Heylar, Alec and Dias, Rachel and Vallone, Andrea and Ren, Hongyu and Wei, Jason and others},
  journal={arXiv preprint arXiv:2412.16339},
  year={2024}
}
@article{kumar2022fine,
  title={Fine-tuning can distort pretrained features and underperform out-of-distribution},
  author={Kumar, Ananya and Raghunathan, Aditi and Jones, Robbie and Ma, Tengyu and Liang, Percy},
  journal={arXiv preprint arXiv:2202.10054},
  year={2022}
}

@article{lee2022diversify,
  title={Diversify and disambiguate: Learning from underspecified data},
  author={Lee, Yoonho and Yao, Huaxiu and Finn, Chelsea},
  journal={arXiv preprint arXiv:2202.03418},
  year={2022}
}

@article{izmailov2022feature,
  title={On feature learning in the presence of spurious correlations},
  author={Izmailov, Pavel and Kirichenko, Polina and Gruver, Nate and Wilson, Andrew G},
  journal={Advances in Neural Information Processing Systems},
  volume={35},
  pages={38516--38532},
  year={2022}
}

@misc{mathevalution,
  title={qwenmath},
  author={Yang An, Yang Baosong, Hui Binyuan},
  url ={https://github.com/QwenLM/Qwen2.5-Math},
  year={2024}
}

@inproceedings{
halawi2024overthinking,
title={Overthinking the Truth: Understanding how Language Models Process False Demonstrations},
author={Danny Halawi and Jean-Stanislas Denain and Jacob Steinhardt},
booktitle={The Twelfth International Conference on Learning Representations},
year={2024}
}
