% Use this file for citations not found in the ACL Anthology (contained in "anthology.bib").

@book{Aho:72,
    author  = {Alfred V. Aho and Jeffrey D. Ullman},
    title   = {The Theory of Parsing, Translation and Compiling},
    year    = "1972",
    volume  = "1",
    publisher = {Prentice-Hall},
    address = {Englewood Cliffs, NJ}
}

@book{APA:83,
    author  = {{American Psychological Association}},
    title   = {Publications Manual},
    year    = "1983",
    publisher = {American Psychological Association},
    address = {Washington, DC}
}

@article{Chandra:81,
	author = {Ashok K. Chandra and Dexter C. Kozen and Larry J. Stockmeyer},
	year = "1981",
	title = {Alternation},
	journal = {Journal of the Association for Computing Machinery},
	volume = "28",
	number = "1",
	pages = "114--133",
	doi = "10.1145/322234.322243",
}

@inproceedings{andrew2007scalable,
  title={Scalable training of {L1}-regularized log-linear models},
  author={Andrew, Galen and Gao, Jianfeng},
  booktitle={Proceedings of the 24th International Conference on Machine Learning},
  pages={33--40},
  year={2007},
}

@book{Gusfield:97,
    author  = {Dan Gusfield},
    title   = {Algorithms on Strings, Trees and Sequences},
    year    = "1997",
    publisher = {Cambridge University Press},
    address = {Cambridge, UK}
}

@article{rasooli-tetrault-2015,
    author    = {Mohammad Sadegh Rasooli and Joel R. Tetreault},
    title     = {Yara Parser: {A} Fast and Accurate Dependency Parser},
    journal   = {Computing Research Repository},
    volume    = {arXiv:1503.06733},
    year      = {2015},
    url       = {http://arxiv.org/abs/1503.06733},
    note    = {version 2}
}

@article{Ando2005,
	Acmid = {1194905},
	Author = {Ando, Rie Kubota and Zhang, Tong},
	Issn = {1532-4435},
	Issue_Date = {12/1/2005},
	Journal = {Journal of Machine Learning Research},
	Month = dec,
	Numpages = {37},
	Pages = {1817--1853},
	Publisher = {JMLR.org},
	Title = {A Framework for Learning Predictive Structures from Multiple Tasks and Unlabeled Data},
	Volume = {6},
	Year = {2005}
}


@article{Zhang2023SafetyBenchET,
  title={SafetyBench: Evaluating the Safety of Large Language Models with Multiple Choice Questions},
  author={Zhexin Zhang and Leqi Lei and Lindong Wu and Rui Sun and Yongkang Huang and Chong Long and Xiao Liu and Xuanyu Lei and Jie Tang and Minlie Huang},
  journal={ArXiv},
  year={2023},
  volume={abs/2309.07045},
  url={https://api.semanticscholar.org/CorpusID:261706197}
}

@inproceedings{Davidson2017AutomatedHS,
  title={Automated Hate Speech Detection and the Problem of Offensive Language},
  author={Thomas Davidson and Dana Warmsley and Michael W. Macy and Ingmar Weber},
  booktitle={International Conference on Web and Social Media},
  year={2017},
  url={https://api.semanticscholar.org/CorpusID:1733167}
}


@article{Sun2023SafetyAO,
  title={Safety Assessment of Chinese Large Language Models},
  author={Hao Sun and Zhexin Zhang and Jiawen Deng and Jiale Cheng and Minlie Huang},
  journal={ArXiv},
  year={2023},
  volume={abs/2304.10436},
  url={https://api.semanticscholar.org/CorpusID:258236069}
}

@article{Kiela2020TheHM,
  title={The Hateful Memes Challenge: Detecting Hate Speech in Multimodal Memes},
  author={Douwe Kiela and Hamed Firooz and Aravind Mohan and Vedanuj Goswami and Amanpreet Singh and Pratik Ringshia and Davide Testuggine},
  journal={ArXiv},
  year={2020},
  volume={abs/2005.04790},
  url={https://api.semanticscholar.org/CorpusID:218581273}
}

@inproceedings{Levy2022SafeTextAB,
  title={SafeText: A Benchmark for Exploring Physical Safety in Language Models},
  author={Sharon Levy and Emily Allaway and Melanie Subbiah and Lydia B. Chilton and Desmond Upton Patton and Kathleen McKeown and William Yang Wang},
  booktitle={Conference on Empirical Methods in Natural Language Processing},
  year={2022},
  url={https://api.semanticscholar.org/CorpusID:252968000}
}


@article{Qiu2023ABF,
  title={A Benchmark for Understanding Dialogue Safety in Mental Health Support},
  author={Huachuan Qiu and Tong Zhao and Anqi Li and Shuai Zhang and Hongliang He and Zhenzhong Lan},
  journal={ArXiv},
  year={2023},
  volume={abs/2307.16457},
  url={https://api.semanticscholar.org/CorpusID:260334700}
}


@article{Rttger2023XSTestAT,
  title={XSTest: A Test Suite for Identifying Exaggerated Safety Behaviours in Large Language Models},
  author={Paul R{\"o}ttger and Hannah Rose Kirk and Bertie Vidgen and Giuseppe Attanasio and Federico Bianchi and Dirk Hovy},
  journal={ArXiv},
  year={2023},
  volume={abs/2308.01263},
  url={https://api.semanticscholar.org/CorpusID:260378842}
}


@article{Ran2022ChemicalSS,
  title={Chemical Safety Sign Detection: A Survey and Benchmark},
  author={Shuoyi Ran and T. Weise and Zhize Wu},
  journal={2022 International Joint Conference on Neural Networks (IJCNN)},
  year={2022},
  pages={1-7},
  url={https://api.semanticscholar.org/CorpusID:252626486}
}

@article{Convertini2020ACB,
  title={A Controlled Benchmark of Video Violence Detection Techniques},
  author={Vito Nicola Convertini and Vincenzo Dentamaro and Donato Impedovo and Giuseppe Pirlo and Lucia Sarcinella},
  journal={Inf.},
  year={2020},
  volume={11},
  pages={321},
  url={https://api.semanticscholar.org/CorpusID:220885355}
}

@article{Phan2022LSPDAL,
  title={LSPD: A Large-Scale Pornographic Dataset for Detection and Classification},
  author={Dinh-Duy Phan and Thanh-Thien Nguyen and Quang-Huy Nguyen and Hoang-Loc Tran and Khac-Ngoc-Khoi Nguyen and Duc-Lung Vu},
  journal={International Journal of Intelligent Engineering and Systems},
  year={2022},
  url={https://api.semanticscholar.org/CorpusID:245551151}
}

@inproceedings{2023GPT4VisionSC,
  title={GPT-4V(ision) System Card},
  author={OpenAI},
  year={2023},
  url={https://api.semanticscholar.org/CorpusID:263218031}
}




@misc{bard,
  author    = {Google},
  title = {Bard - Chat Based AI Tool from Google, Powered by PaLM 2},
  howpublished = {\url{https://bard.google.com/}},
  note = {Accessed: 2023-11-01},
  year = {2023},
}


@article{Lu2023MathVistaEM,
  title={MathVista: Evaluating Math Reasoning in Visual Contexts with GPT-4V, Bard, and Other Large Multimodal Models},
  author={Pan Lu and Hritik Bansal and Tony Xia and Jiacheng Liu and Chun-yue Li and Hannaneh Hajishirzi and Hao Cheng and Kai-Wei Chang and Michel Galley and Jianfeng Gao},
  journal={ArXiv},
  year={2023},
  volume={abs/2310.02255},
  url={https://api.semanticscholar.org/CorpusID:264491155}
}


@article{Yan2023MultimodalCF,
  title={Multimodal ChatGPT for Medical Applications: an Experimental Study of GPT-4V},
  author={Zhiling Yan and Kai Zhang and Rong Zhou and Lifang He and Xiang Li and Lichao Sun},
  journal={ArXiv},
  year={2023},
  volume={abs/2310.19061},
  url={https://api.semanticscholar.org/CorpusID:264805701}
}


@article{Wu2023AnEE,
  title={An Early Evaluation of GPT-4V(ision)},
  author={Yang Wu and Shilong Wang and Hao Yang and Tian Zheng and Hongbo Zhang and Yanyan Zhao and Bing Qin},
  journal={ArXiv},
  year={2023},
  volume={abs/2310.16534},
  url={https://api.semanticscholar.org/CorpusID:264451640}
}



@inproceedings{Wang2023AllLM,
  title={All Languages Matter: On the Multilingual Safety of Large Language Models},
  author={Wenxuan Wang and Zhaopeng Tu and Chang Chen and Youliang Yuan and Jen-tse Huang and Wenxiang Jiao and Michael R. Lyu},
  booktitle={ACL Findings},
  year={2024},
}




@article{Sun2021OnTS,
  title={On the Safety of Conversational Models: Taxonomy, Dataset, and Benchmark},
  author={Hao Sun and Guangxuan Xu and Deng Jiawen and Jiale Cheng and Chujie Zheng and Hao Zhou and Nanyun Peng and Xiaoyan Zhu and Minlie Huang},
  journal={ArXiv},
  year={2021},
  volume={abs/2110.08466},
  url={https://api.semanticscholar.org/CorpusID:239016893}
}


@article{Wan2023BiasAskerMT,
  title={BiasAsker: Measuring the Bias in Conversational AI System},
  author={Yuxuan Wan and Wenxuan Wang and Pinjia He and Jiazhen Gu and Haonan Bai and Michael R. Lyu},
  journal={ArXiv},
  year={2023},
  volume={abs/2305.12434},
  url={https://api.semanticscholar.org/CorpusID:258833296}
}

@article{OpenAI2023GPT4TR,
  title={GPT-4 Technical Report},
  author={OpenAI},
  journal={ArXiv},
  year={2023},
  volume={abs/2303.08774},
  url={https://api.semanticscholar.org/CorpusID:257532815}
}

@article{Bai2022TrainingAH,
  title={Training a Helpful and Harmless Assistant with Reinforcement Learning from Human Feedback},
  author={Yuntao Bai and Andy Jones and Kamal Ndousse and Amanda Askell and Anna Chen and Nova DasSarma and Dawn Drain and Stanislav Fort and Deep Ganguli and T. J. Henighan and Nicholas Joseph and Saurav Kadavath and John Kernion and Tom Conerly and Sheer El-Showk and Nelson Elhage and Zac Hatfield-Dodds and Danny Hernandez and Tristan Hume and Scott Johnston and Shauna Kravec and Liane Lovitt and Neel Nanda and Catherine Olsson and Dario Amodei and Tom B. Brown and Jack Clark and Sam McCandlish and Christopher Olah and Benjamin Mann and Jared Kaplan},
  journal={ArXiv},
  year={2022},
  volume={abs/2204.05862},
  url={https://api.semanticscholar.org/CorpusID:248118878}
}


@inproceedings{Liu2023MMSafetyBenchAB,
  title={MM-SafetyBench: A Benchmark for Safety Evaluation of Multimodal Large Language Models},
  author={Xin Liu and Yichen Zhu and Jindong Gu and Yunshi Lan and Chao Yang and Yu Qiao},
  year={2023},
  url={https://api.semanticscholar.org/CorpusID:265498692}
}



@inproceedings{si2023prompting,
title={Prompting {GPT}-3 To Be Reliable},
author={Chenglei Si and Zhe Gan and Zhengyuan Yang and Shuohang Wang and Jianfeng Wang and Jordan Lee Boyd-Graber and Lijuan Wang},
booktitle={ICLR},
year={2023},
}

@article{mbart,
    title = "Multilingual Denoising Pre-training for Neural Machine Translation",
    author = "Liu, Yinhan  and
      Gu, Jiatao  and
      Goyal, Naman  and
      Li, Xian  and
      Edunov, Sergey  and
      Ghazvininejad, Marjan  and
      Lewis, Mike  and
      Zettlemoyer, Luke",
    journal = "TACL",
    year = "2020",
}

@incollection{Bengio+chapter2007,
author = {Bengio, Yoshua and LeCun, Yann},
booktitle = {Large Scale Kernel Machines},
publisher = {MIT Press},
title = {Scaling Learning Algorithms Towards {AI}},
year = {2007}
}

@article{Hinton06,
author = {Hinton, Geoffrey E. and Osindero, Simon and Teh, Yee Whye},
journal = {Neural Computation},
pages = {1527--1554},
title = {A Fast Learning Algorithm for Deep Belief Nets},
volume = {18},
year = {2006}
}

@book{goodfellow2016deep,
title={Deep learning},
author={Goodfellow, Ian and Bengio, Yoshua and Courville, Aaron and Bengio, Yoshua},
volume={1},
year={2016},
publisher={MIT Press}
}


@article{Gao2022ComparingSA,
  title={Comparing scientific abstracts generated by ChatGPT to original abstracts using an artificial intelligence output detector, plagiarism detector, and blinded human reviewers},
  author={Catherine A. Gao and Frederick M. Howard and Nikolay S. Markov and Emma C. Dyer and Siddhi Ramesh and Yuan Luo and Alexander T. Pearson},
  journal={bioRxiv},
  year={2022},
}

@inproceedings{Gao2023ConstructingEI,
  title={Constructing Effective In-Context Demonstration for Code Intelligence Tasks: An Empirical Study},
  author={Shuzheng Gao and Xinjie Wen and Cuiyun Gao and Wenxuan Wang and Michael R. Lyu},
  booktitle={ASE},
  year={2023}
}

@article{Jiao2023IsCA,
  title={Is ChatGPT A Good Translator? A Preliminary Study},
  author={Wenxiang Jiao and Wenxuan Wang and Jen-tse Huang and Xing Wang and Zhaopeng Tu},
  journal={ArXiv},
  year={2023},
  volume={abs/2301.08745},
}


@inproceedings{Brown2020LanguageMA,
  title={Language Models are Few-Shot Learners},
  author={Tom B. Brown and Benjamin Mann and Nick Ryder and Melanie Subbiah and Jared Kaplan and Prafulla Dhariwal and Arvind Neelakantan and Pranav Shyam and Girish Sastry and Amanda Askell and Sandhini Agarwal and Ariel Herbert-Voss and Gretchen Krueger and T. J. Henighan and Rewon Child and Aditya Ramesh and Daniel M. Ziegler and Jeff Wu and Clemens Winter and Christopher Hesse and Mark Chen and Eric Sigler and Mateusz Litwin and Scott Gray and Benjamin Chess and Jack Clark and Christopher Berner and Sam McCandlish and Alec Radford and Ilya Sutskever and Dario Amodei},
  booktitle={NeurIPS},
  year={2020}
}

@misc{chatgpt,
  author    = {OpenAI},
  title = {Introducing ChatGPT},
  howpublished = {\url{https://openai.com/blog/chatgpt}},
  note = {Accessed: 2023-05-1},
  year = {2022},
}

@article{touvron2023llama,
  title={Llama: Open and efficient foundation language models},
  author={Touvron, Hugo and Lavril, Thibaut and Izacard, Gautier and Martinet, Xavier and Lachaux, Marie-Anne and Lacroix, Timoth{\'e}e and Rozi{\`e}re, Baptiste and Goyal, Naman and Hambro, Eric and Azhar, Faisal and others},
  journal={arXiv preprint arXiv:2302.13971},
  year={2023}
}

@article{touvron2023llama2,
  title={Llama 2: Open foundation and fine-tuned chat models},
  author={Touvron, Hugo and Martin, Louis and Stone, Kevin and Albert, Peter and Almahairi, Amjad and Babaei, Yasmine and Bashlykov, Nikolay and Batra, Soumya and Bhargava, Prajjwal and Bhosale, Shruti and others},
  journal={arXiv preprint arXiv:2307.09288},
  year={2023}
}

@article{xu2020recipes,
  title={Recipes for safety in open-domain chatbots},
  author={Xu, Jing and Ju, Da and Li, Margaret and Boureau, Y-Lan and Weston, Jason and Dinan, Emily},
  journal={arXiv preprint arXiv:2010.07079},
  year={2020}
}


@inproceedings{welbl-etal-2021-challenges-detoxifying,
    title = "Challenges in Detoxifying Language Models",
    author = "Welbl, Johannes  and
      Glaese, Amelia  and
      Uesato, Jonathan  and
      Dathathri, Sumanth  and
      Mellor, John  and
      Hendricks, Lisa Anne  and
      Anderson, Kirsty  and
      Kohli, Pushmeet  and
      Coppin, Ben  and
      Huang, Po-Sen",
    booktitle = "Findings of EMNLP",
    year = "2021",
    pages = "2447--2469",
}

@inproceedings{wang2022exploring,
  title={Exploring the limits of domain-adaptive training for detoxifying large-scale language models},
  author={Wang, Boxin and Ping, Wei and Xiao, Chaowei and Xu, Peng and Patwary, Mostofa and Shoeybi, Mohammad and Li, Bo and Anandkumar, Anima and Catanzaro, Bryan},
  booktitle={NeurIPS},
  year={2022}
}

@inproceedings{ouyang2022training,
  title={Training language models to follow instructions with human feedback},
  author={Ouyang, Long and Wu, Jeffrey and Jiang, Xu and Almeida, Diogo and Wainwright, Carroll and Mishkin, Pamela and Zhang, Chong and Agarwal, Sandhini and Slama, Katarina and Ray, Alex and others},
  booktitle={NeurIPS},
  year={2022}
}

@inproceedings{christiano2017deep,
  title={Deep reinforcement learning from human preferences},
  author={Christiano, Paul F and Leike, Jan and Brown, Tom and Martic, Miljan and Legg, Shane and Amodei, Dario},
  booktitle={NeurIPS},
  year={2017}
}

@inproceedings{perez2022red,
  title={Red Teaming Language Models with Language Models},
  author={Perez, Ethan and Huang, Saffron and Song, Francis and Cai, Trevor and Ring, Roman and Aslanides, John and Glaese, Amelia and McAleese, Nat and Irving, Geoffrey},
  booktitle={EMNLP},
  year={2022}
}
@misc{yuan2023cipherchat,
      title={GPT-4 Is Too Smart To Be Safe: Stealthy Chat with LLMs via Cipher}, 
      author={Youliang Yuan and Wenxiang Jiao and Wenxuan Wang and Jen-tse Huang and Pinjia He and Shuming Shi and Zhaopeng Tu},
      year={2023},
      eprint={2308.06463},
      archivePrefix={arXiv},
      primaryClass={cs.CL}
}
@article{Wei2023JailbrokenHD,
  title={Jailbroken: How Does LLM Safety Training Fail?},
  author={Alexander Wei and Nika Haghtalab and Jacob Steinhardt},
  journal={ArXiv},
  year={2023},
  volume={abs/2307.02483},
  url={https://api.semanticscholar.org/CorpusID:259342528}
}

@misc{OpenAI-4,
    author = {OpenAI},
    title = {{GPT}-4 Technical Report, \url{https://cdn.openai.com/papers/gpt-4.pdf}},
year={2023},
}
@article{Zou2023UniversalAT,
  title={Universal and Transferable Adversarial Attacks on Aligned Language Models},
  author={Andy Zou and Zifan Wang and J. Zico Kolter and Matt Fredrikson},
  journal={ArXiv},
  year={2023},
  volume={abs/2307.15043},
  url={https://api.semanticscholar.org/CorpusID:260202961}
}


@misc{bhardwaj2023redteaming,
      title={Red-Teaming Large Language Models using Chain of Utterances for Safety-Alignment}, 
      author={Rishabh Bhardwaj and Soujanya Poria},
      year={2023},
      eprint={2308.09662},
      archivePrefix={arXiv},
      primaryClass={cs.CL}
}

@misc{wang2023donotanswer,
    author = {Wang, Yuxia and 
        Li, Haonan and 
        Han, Xudong and 
        Nakov, Preslav 
        and Baldwin, Timothy},
    title = {Do-Not-Answer: A Dataset for Evaluating Safeguards in LLMs},
    year = {2023},
    howpublished = {arXiv preprint arXiv:2308.13387},
}
@inproceedings{Hartvigsen2022ToxiGenAL,
  title={ToxiGen: A Large-Scale Machine-Generated Dataset for Adversarial and Implicit Hate Speech Detection},
  author={Thomas Hartvigsen and Saadia Gabriel and Hamid Palangi and Maarten Sap and Dipankar Ray and Ece Kamar},
  booktitle={Annual Meeting of the Association for Computational Linguistics},
  year={2022},
  url={https://api.semanticscholar.org/CorpusID:247519233}
}

@article{Dhamala2021BOLDDA,
  title={BOLD: Dataset and Metrics for Measuring Biases in Open-Ended Language Generation},
  author={J. Dhamala and Tony Sun and Varun Kumar and Satyapriya Krishna and Yada Pruksachatkun and Kai-Wei Chang and Rahul Gupta},
  journal={Proceedings of the 2021 ACM Conference on Fairness, Accountability, and Transparency},
  year={2021},
  url={https://api.semanticscholar.org/CorpusID:231719337}
}



@article{Weidinger2021EthicalAS,
  title={Ethical and social risks of harm from Language Models},
  author={Laura Weidinger and John F. J. Mellor and Maribeth Rauh and Conor Griffin and Jonathan Uesato and Po-Sen Huang and Myra Cheng and Mia Glaese and Borja Balle and Atoosa Kasirzadeh and Zachary Kenton and Sande Minnich Brown and William T. Hawkins and Tom Stepleton and Courtney Biles and Abeba Birhane and Julia Haas and Laura Rimell and Lisa Anne Hendricks and William S. Isaac and Sean Legassick and Geoffrey Irving and Iason Gabriel},
  journal={ArXiv},
  year={2021},
  volume={abs/2112.04359},
  url={https://api.semanticscholar.org/CorpusID:244954639}
}

@article{Ganguli2022RedTL,
  title={Red Teaming Language Models to Reduce Harms: Methods, Scaling Behaviors, and Lessons Learned},
  author={Deep Ganguli and Liane Lovitt and John Kernion and Amanda Askell and Yuntao Bai and Saurav Kadavath and Benjamin Mann and Ethan Perez and Nicholas Schiefer and Kamal Ndousse and Andy Jones and Sam Bowman and Anna Chen and Tom Conerly and Nova DasSarma and Dawn Drain and Nelson Elhage and Sheer El-Showk and Stanislav Fort and Zachary Dodds and T. J. Henighan and Danny Hernandez and Tristan Hume and Josh Jacobson and Scott Johnston and Shauna Kravec and Catherine Olsson and Sam Ringer and Eli Tran-Johnson and Dario Amodei and Tom B. Brown and Nicholas Joseph and Sam McCandlish and Christopher Olah and Jared Kaplan and Jack Clark},
  journal={ArXiv},
  year={2022},
  volume={abs/2209.07858},
  url={https://api.semanticscholar.org/CorpusID:252355458}
}

@article{Ji2023BeaverTailsTI,
  title={BeaverTails: Towards Improved Safety Alignment of LLM via a Human-Preference Dataset},
  author={Jiaming Ji and Mickel Liu and Juntao Dai and Xuehai Pan and Chi Zhang and Ce Bian and Ruiyang Sun and Yizhou Wang and Yaodong Yang},
  journal={ArXiv},
  year={2023},
  volume={abs/2307.04657},
  url={https://api.semanticscholar.org/CorpusID:259501579}
}


@article{Chang2023SpeakMA,
  title={Speak, Memory: An Archaeology of Books Known to ChatGPT/GPT-4},
  author={Kent K. Chang and Mackenzie Cramer and Sandeep Soni and David Bamman},
  journal={ArXiv},
  year={2023},
  volume={abs/2305.00118},
  url={https://api.semanticscholar.org/CorpusID:258426273}
}

@article{Huang2023EmotionallyNO,
  title={Emotionally Numb or Empathetic? Evaluating How LLMs Feel Using EmotionBench},
  author={Jen{-}tse Huang and Man Ho Adrian Lam and Eric Li and Shujie Ren and Wenxuan Wang and Wenxiang Jiao and Zhaopeng Tu and Michael R. Lyu},
  journal={ArXiv},
  year={2023},
  volume={abs/2308.03656},
  url={https://api.semanticscholar.org/CorpusID:260682960}
}


@misc{falcon2023,
    title = {{I}ntroducing {F}alcon 180{B}},
    url = {https://falconllm.tii.ae/},
    author = {TII},
    month = {August},
    year = {2023}
}

@article{phoenix-2023,
  title={Phoenix: Democratizing ChatGPT across Languages},
  author={Zhihong Chen and Feng Jiang and Junying Chen and Tiannan Wang and Fei Yu and Guiming Chen and Hongbo Zhang and Juhao Liang and Chen Zhang and Zhiyi Zhang and Jianquan Li and Xiang Wan and Benyou Wang and Haizhou Li},
  journal={arXiv preprint arXiv:2304.10453},
  year={2023}
}


@article{ganguli2022red,
  title={Red teaming language models to reduce harms: Methods, scaling behaviors, and lessons learned},
  author={Ganguli, Deep and Lovitt, Liane and Kernion, Jackson and Askell, Amanda and Bai, Yuntao and Kadavath, Saurav and Mann, Ben and Perez, Ethan and Schiefer, Nicholas and Ndousse, Kamal and others},
  journal={arXiv preprint arXiv:2209.07858},
  year={2022}
}

@misc{vicuna2023,
    title = {Vicuna: An Open-Source Chatbot Impressing GPT-4 with 90\%* ChatGPT Quality},
    url = {https://lmsys.org/blog/2023-03-30-vicuna/},
    author = {Chiang, Wei-Lin and Li, Zhuohan and Lin, Zi and Sheng, Ying and Wu, Zhanghao and Zhang, Hao and Zheng, Lianmin and Zhuang, Siyuan and Zhuang, Yonghao and Gonzalez, Joseph E. and Stoica, Ion and Xing, Eric P.},
    month = {March},
    year = {2023}
}
@misc{bubeck2023sparks,
      title={Sparks of Artificial General Intelligence: Early experiments with GPT-4}, 
      author={Sébastien Bubeck and Varun Chandrasekaran and Ronen Eldan and Johannes Gehrke and Eric Horvitz and Ece Kamar and Peter Lee and Yin Tat Lee and Yuanzhi Li and Scott Lundberg and Harsha Nori and Hamid Palangi and Marco Tulio Ribeiro and Yi Zhang},
      year={2023},
      eprint={2303.12712},
      archivePrefix={arXiv},
      primaryClass={cs.CL}
}
@article{zeng2022glm,
  title={Glm-130b: An open bilingual pre-trained model},
  author={Zeng, Aohan and Liu, Xiao and Du, Zhengxiao and Wang, Zihan and Lai, Hanyu and Ding, Ming and Yang, Zhuoyi and Xu, Yifan and Zheng, Wendi and Xia, Xiao and others},
  journal={arXiv preprint arXiv:2210.02414},
  year={2022}
}
@inproceedings{Chiang2023CanLL,
  title={Can Large Language Models Be an Alternative to Human Evaluations?},
  author={Cheng-Han Chiang and Hung-yi Lee},
  booktitle={Annual Meeting of the Association for Computational Linguistics},
  year={2023},
  url={https://api.semanticscholar.org/CorpusID:258461287}
}

@article{Chinese-LLaMA-Alpaca,
    title={Efficient and Effective Text Encoding for Chinese LLaMA and Alpaca},
    author={Cui, Yiming and Yang, Ziqing and Yao, Xin},
    journal={arXiv preprint arXiv:2304.08177},
    url={https://arxiv.org/abs/2304.08177},
    year={2023}
}
@misc{language,
    title = {List of languages by total number of speakers},
    url = {https://en.wikipedia.org/wiki/List_of_languages_by_total_number_of_speakers},
    author={wikipedia},
    month = {March},
    year = {2023}
}


@article{Shi2022LanguageMA,
  title={Language Models are Multilingual Chain-of-Thought Reasoners},
  author={Freda Shi and Mirac Suzgun and Markus Freitag and Xuezhi Wang and Suraj Srivats and Soroush Vosoughi and Hyung Won Chung and Yi Tay and Sebastian Ruder and Denny Zhou and Dipanjan Das and Jason Wei},
  journal={ICLR},
  year={2023}
}


@article{Lai2023ChatGPTBE,
  title={ChatGPT Beyond English: Towards a Comprehensive Evaluation of Large Language Models in Multilingual Learning},
  author={Viet Dac Lai and Nghia Trung Ngo and Amir Pouran Ben Veyseh and Hieu Man and Franck Dernoncourt and Trung Bui and Thien Huu Nguyen},
  journal={ArXiv},
  year={2023},
  volume={abs/2304.05613},
  url={https://api.semanticscholar.org/CorpusID:258079179}
}


@misc{bang2023multitask,
      title={A Multitask, Multilingual, Multimodal Evaluation of ChatGPT on Reasoning, Hallucination, and Interactivity}, 
      author={Yejin Bang and Samuel Cahyawijaya and Nayeon Lee and Wenliang Dai and Dan Su and Bryan Wilie and Holy Lovenia and Ziwei Ji and Tiezheng Yu and Willy Chung and Quyet V. Do and Yan Xu and Pascale Fung},
      year={2023},
      eprint={2302.04023},
      archivePrefix={arXiv},
      primaryClass={cs.CL}
}

@misc{lai2023chatgpt,
      title={ChatGPT Beyond English: Towards a Comprehensive Evaluation of Large Language Models in Multilingual Learning}, 
      author={Viet Dac Lai and Nghia Trung Ngo and Amir Pouran Ben Veyseh and Hieu Man and Franck Dernoncourt and Trung Bui and Thien Huu Nguyen},
      year={2023},
      eprint={2304.05613},
      archivePrefix={arXiv},
      primaryClass={cs.CL}
}

@misc{zhang2023m3exam,
      title={M3Exam: A Multilingual, Multimodal, Multilevel Benchmark for Examining Large Language Models}, 
      author={Wenxuan Zhang and Sharifah Mahani Aljunied and Chang Gao and Yew Ken Chia and Lidong Bing},
      year={2023},
      eprint={2306.05179},
      archivePrefix={arXiv},
      primaryClass={cs.CL}
}

@misc{abdelali2023benchmarking,
      title={Benchmarking Arabic AI with Large Language Models}, 
      author={Ahmed Abdelali and Hamdy Mubarak and Shammur Absar Chowdhury and Maram Hasanain and Basel Mousi and Sabri Boughorbel and Yassine El Kheir and Daniel Izham and Fahim Dalvi and Majd Hawasly and Nizi Nazar and Yousseif Elshahawy and Ahmed Ali and Nadir Durrani and Natasa Milic-Frayling and Firoj Alam},
      year={2023},
      eprint={2305.14982},
      archivePrefix={arXiv},
      primaryClass={cs.CL}
}

@misc{ahuja2023mega,
      title={MEGA: Multilingual Evaluation of Generative AI}, 
      author={Kabir Ahuja and Harshita Diddee and Rishav Hada and Millicent Ochieng and Krithika Ramesh and Prachi Jain and Akshay Nambi and Tanuja Ganu and Sameer Segal and Maxamed Axmed and Kalika Bali and Sunayana Sitaram},
      year={2023},
      eprint={2303.12528},
      archivePrefix={arXiv},
      primaryClass={cs.CL}
}
@misc{workshop2023bloom,
      title={BLOOM: A 176B-Parameter Open-Access Multilingual Language Model}, 
      author={BigScience Workshop and et al.},
      year={2023},
      eprint={2211.05100},
      archivePrefix={arXiv},
      primaryClass={cs.CL}
}

@misc{Claude,
    author = {Anthropic},
    title = {Model Card and Evaluations for Claude Models, \url{https://www.anthropic.com/index/introducing-claude}},
year={2023},
}


@article{Zhu2023MultilingualMT,
  title={Multilingual Machine Translation with Large Language Models: Empirical Results and Analysis},
  author={Wenhao Zhu and Hongyi Liu and Qingxiu Dong and Jingjing Xu and Lingpeng Kong and Jiajun Chen and Lei Li and Shujian Huang},
  journal={ArXiv},
  year={2023},
  volume={abs/2304.04675},
  url={https://api.semanticscholar.org/CorpusID:258048937}
}


@article{Qi2023FinetuningAL,
  title={Fine-tuning Aligned Language Models Compromises Safety, Even When Users Do Not Intend To!},
  author={Xiangyu Qi and Yi Zeng and Tinghao Xie and Pin-Yu Chen and Ruoxi Jia and Prateek Mittal and Peter Henderson},
  journal={ArXiv},
  year={2023},
  volume={abs/2310.03693},
  url={https://api.semanticscholar.org/CorpusID:263671523}
}

@article{Yang2023ShadowAT,
  title={Shadow Alignment: The Ease of Subverting Safely-Aligned Language Models},
  author={Xianjun Yang and Xiao Wang and Qi Zhang and Linda Ruth Petzold and William Yang Wang and Xun Zhao and Dahua Lin},
  journal={ArXiv},
  year={2023},
  volume={abs/2310.02949},
  url={https://api.semanticscholar.org/CorpusID:263620436}
}




@misc{liu2024llavanext,
    title={LLaVA-NeXT: Improved reasoning, OCR, and world knowledge},
    url={https://llava-vl.github.io/blog/2024-01-30-llava-next/},
    author={Liu, Haotian and Li, Chunyuan and Li, Yuheng and Li, Bo and Zhang, Yuanhan and Shen, Sheng and Lee, Yong Jae},
    month={January},
    year={2024}
}

@article{li2024mossbench,
  title={Mossbench: Is your multimodal language model oversensitive to safe queries?},
  author={Li, Xirui and Zhou, Hengguang and Wang, Ruochen and Zhou, Tianyi and Cheng, Minhao and Hsieh, Cho-Jui},
  journal={arXiv preprint arXiv:2406.17806},
  year={2024}
}

@inproceedings{li2025images,
  title={Images are achilles’ heel of alignment: Exploiting visual vulnerabilities for jailbreaking multimodal large language models},
  author={Li, Yifan and Guo, Hangyu and Zhou, Kun and Zhao, Wayne Xin and Wen, Ji-Rong},
  booktitle={European Conference on Computer Vision},
  pages={174--189},
  year={2025},
  organization={Springer}
}

@article{wang2024asclepius,
  title={Asclepius: A Spectrum Evaluation Benchmark for Medical Multi-Modal Large Language Models},
  author={Wang, Wenxuan and Su, Yihang and Huan, Jingyuan and Liu, Jie and Chen, Wenting and Zhang, Yudi and Li, Cheng-Yi and Chang, Kao-Jung and Xin, Xiaohan and Shen, Linlin and others},
  journal={arXiv preprint arXiv:2402.11217},
  year={2024}
}

@article{liu2024medchain,
  title={Medchain: Bridging the Gap Between LLM Agents and Clinical Practice through Interactive Sequential Benchmarking},
  author={Liu, Jie and Wang, Wenxuan and Ma, Zizhan and Huang, Guolin and SU, Yihang and Chang, Kao-Jung and Chen, Wenting and Li, Haoliang and Shen, Linlin and Lyu, Michael},
  journal={arXiv preprint arXiv:2412.01605},
  year={2024}
}

@article{wan2024automatically,
  title={Automatically generating UI code from screenshot: A divide-and-conquer-based approach},
  author={Wan, Yuxuan and Wang, Chaozheng and Dong, Yi and Wang, Wenxuan and Li, Shuqing and Huo, Yintong and Lyu, Michael R},
  journal={arXiv preprint arXiv:2406.16386},
  year={2024}
}

@article{wan2024mrweb,
  title={MRWeb: An Exploration of Generating Multi-Page Resource-Aware Web Code from UI Designs},
  author={Wan, Yuxuan and Dong, Yi and Xiao, Jingyu and Huo, Yintong and Wang, Wenxuan and Lyu, Michael R},
  journal={arXiv preprint arXiv:2412.15310},
  year={2024}
}

@inproceedings{wang2024new,
  title={New job, new gender? Measuring the social bias in image generation models},
  author={Wang, Wenxuan and Bai, Haonan and Huang, Jen-tse and Wan, Yuxuan and Yuan, Youliang and Qiu, Haoyi and Peng, Nanyun and Lyu, Michael},
  booktitle={Proceedings of the 32nd ACM International Conference on Multimedia},
  pages={3781--3789},
  year={2024}
}

@article{wang2024chain,
  title={Chain-of-Jailbreak Attack for Image Generation Models via Editing Step by Step},
  author={Wang, Wenxuan and Gao, Kuiyi and Jia, Zihan and Yuan, Youliang and Huang, Jen-tse and Liu, Qiuzhi and Wang, Shuai and Jiao, Wenxiang and Tu, Zhaopeng},
  journal={arXiv preprint arXiv:2410.03869},
  year={2024}
}

@article{Gao2020ASO,
  title={A Survey on Deep Learning for Multimodal Data Fusion},
  author={Jing Gao and Peng Li and Zhikui Chen and Jianing Zhang},
  journal={Neural Computation},
  year={2020},
  volume={32},
  pages={829-864},
  url={https://api.semanticscholar.org/CorpusID:212748233}
}

@article{Ahmed2023ASS,
  title={A systematic survey on multimodal emotion recognition using learning algorithms},
  author={Naveed Ahmed and Zaher Al Aghbari and Shini Girija},
  journal={Intell. Syst. Appl.},
  year={2023},
  volume={17},
  pages={200171},
  url={https://api.semanticscholar.org/CorpusID:255655642}
}


@inproceedings{leng2024vcd,
  title={Mitigating object hallucinations in large vision-language models through visual contrastive decoding},
  author={Leng, Sicong and Zhang, Hang and Chen, Guanzheng and Li, Xin and Lu, Shijian and Miao, Chunyan and Bing, Lidong},
  booktitle={Proceedings of the IEEE/CVF Conference on Computer Vision and Pattern Recognition},
  pages={13872--13882},
  year={2024}
}

@misc{xu2024llavacot,
      title={LLaVA-CoT: Let Vision Language Models Reason Step-by-Step},
      author={Guowei Xu and Peng Jin and Hao Li and Yibing Song and Lichao Sun and Li Yuan},
      year={2024},
      eprint={2411.10440},
      archivePrefix={arXiv},
      primaryClass={cs.CV},
      url={https://arxiv.org/abs/2411.10440},
}


@article{stan2024lvlm-interpret,
  title={LVLM-Intrepret: An Interpretability Tool for Large Vision-Language Models},
  author={Stan, Gabriela Ben Melech and Rohekar, Raanan Yehezkel and Gurwicz, Yaniv and Olson, Matthew Lyle and Bhiwandiwalla, Anahita and Aflalo, Estelle and Wu, Chenfei and Duan, Nan and Tseng, Shao-Yen and Lal, Vasudev},
  journal={arXiv preprint arXiv:2404.03118},
  year={2024}
}