@article{Chang2023SpeakMA,
  title={Speak, Memory: An Archaeology of Books Known to ChatGPT/GPT-4},
  author={Kent K. Chang and Mackenzie Cramer and Sandeep Soni and David Bamman},
  journal={ArXiv},
  year={2023},
  volume={abs/2305.00118},
  url={https://api.semanticscholar.org/CorpusID:258426273}
}

@article{Dhamala2021BOLDDA,
  title={BOLD: Dataset and Metrics for Measuring Biases in Open-Ended Language Generation},
  author={J. Dhamala and Tony Sun and Varun Kumar and Satyapriya Krishna and Yada Pruksachatkun and Kai-Wei Chang and Rahul Gupta},
  journal={Proceedings of the 2021 ACM Conference on Fairness, Accountability, and Transparency},
  year={2021},
  url={https://api.semanticscholar.org/CorpusID:231719337}
}

@article{Ganguli2022RedTL,
  title={Red Teaming Language Models to Reduce Harms: Methods, Scaling Behaviors, and Lessons Learned},
  author={Deep Ganguli and Liane Lovitt and John Kernion and Amanda Askell and Yuntao Bai and Saurav Kadavath and Benjamin Mann and Ethan Perez and Nicholas Schiefer and Kamal Ndousse and Andy Jones and Sam Bowman and Anna Chen and Tom Conerly and Nova DasSarma and Dawn Drain and Nelson Elhage and Sheer El-Showk and Stanislav Fort and Zachary Dodds and T. J. Henighan and Danny Hernandez and Tristan Hume and Josh Jacobson and Scott Johnston and Shauna Kravec and Catherine Olsson and Sam Ringer and Eli Tran-Johnson and Dario Amodei and Tom B. Brown and Nicholas Joseph and Sam McCandlish and Christopher Olah and Jared Kaplan and Jack Clark},
  journal={ArXiv},
  year={2022},
  volume={abs/2209.07858},
  url={https://api.semanticscholar.org/CorpusID:252355458}
}

@inproceedings{Hartvigsen2022ToxiGenAL,
  title={ToxiGen: A Large-Scale Machine-Generated Dataset for Adversarial and Implicit Hate Speech Detection},
  author={Thomas Hartvigsen and Saadia Gabriel and Hamid Palangi and Maarten Sap and Dipankar Ray and Ece Kamar},
  booktitle={Annual Meeting of the Association for Computational Linguistics},
  year={2022},
  url={https://api.semanticscholar.org/CorpusID:247519233}
}

@article{Huang2023EmotionallyNO,
  title={Emotionally Numb or Empathetic? Evaluating How LLMs Feel Using EmotionBench},
  author={Jen{-}tse Huang and Man Ho Adrian Lam and Eric Li and Shujie Ren and Wenxuan Wang and Wenxiang Jiao and Zhaopeng Tu and Michael R. Lyu},
  journal={ArXiv},
  year={2023},
  volume={abs/2308.03656},
  url={https://api.semanticscholar.org/CorpusID:260682960}
}

@inproceedings{Liu2023MMSafetyBenchAB,
  title={MM-SafetyBench: A Benchmark for Safety Evaluation of Multimodal Large Language Models},
  author={Xin Liu and Yichen Zhu and Jindong Gu and Yunshi Lan and Chao Yang and Yu Qiao},
  year={2023},
  url={https://api.semanticscholar.org/CorpusID:265498692}
}

@article{Wan2023BiasAskerMT,
  title={BiasAsker: Measuring the Bias in Conversational AI System},
  author={Yuxuan Wan and Wenxuan Wang and Pinjia He and Jiazhen Gu and Haonan Bai and Michael R. Lyu},
  journal={ArXiv},
  year={2023},
  volume={abs/2305.12434},
  url={https://api.semanticscholar.org/CorpusID:258833296}
}

@article{li2024mossbench,
  title={Mossbench: Is your multimodal language model oversensitive to safe queries?},
  author={Li, Xirui and Zhou, Hengguang and Wang, Ruochen and Zhou, Tianyi and Cheng, Minhao and Hsieh, Cho-Jui},
  journal={arXiv preprint arXiv:2406.17806},
  year={2024}
}

@article{wang2024chain,
  title={Chain-of-Jailbreak Attack for Image Generation Models via Editing Step by Step},
  author={Wang, Wenxuan and Gao, Kuiyi and Jia, Zihan and Yuan, Youliang and Huang, Jen-tse and Liu, Qiuzhi and Wang, Shuai and Jiao, Wenxiang and Tu, Zhaopeng},
  journal={arXiv preprint arXiv:2410.03869},
  year={2024}
}

@inproceedings{wang2024new,
  title={New job, new gender? Measuring the social bias in image generation models},
  author={Wang, Wenxuan and Bai, Haonan and Huang, Jen-tse and Wan, Yuxuan and Yuan, Youliang and Qiu, Haoyi and Peng, Nanyun and Lyu, Michael},
  booktitle={Proceedings of the 32nd ACM International Conference on Multimedia},
  pages={3781--3789},
  year={2024}
}

