@ARTICLE{AM2002,
title = {Ascending Auctions with Package Bidding},
author = {Ausubel, Lawrence M. and Milgrom, Paul},
year = {2002},
journal = {Frontiers of Theoretical Economics},
volume = {1},
number = {1},
}

@Article{C1971,
author="Clarke, Edward H.",
title="Multipart pricing of public goods",
journal="Public Choice",
year="1971",
volume="11",
number="1",
pages="17--33",
}

@inproceedings{DHH2013,
 author = {Devanur, Nikhil R. and Ha, Bach Q. and Hartline, Jason D.},
 title = {Prior-free Auctions for Budgeted Agents},
 booktitle = {Proceedings of the 14th ACM Conference on Electronic Commerce},
 series = {EC'13},
 year = {2013},
 address = {},
 pages = {287--304},
 numpages = {18},
 acmid = {2482554},
 keywords = {budget, envy-free, mechanism design, prior-free},
}

@Inproceedings{DL2014,
author="Dobzinski, Shahar
and Leme, Renato Paes",
title="Efficiency Guarantees in Auctions with Budgets",
bookTitle="Proceedings of the 41 st International Colloquium Automata, Languages, and Programming",
year="2014",
series = "ICALP'14",
address="",
pages="392--404",
}

@article{DRS2012,
 author = {Dughmi, Shaddin and Roughgarden, Tim and Sundararajan, Mukund},
 title = {Revenue Submodularity},
 year = {2012},
 pages = {95--119},
 journal = {Theory of Computing},
 volume = {8},
 number = {5},
}

@inproceedings{FLP2019,
author = {Fotakis, Dimitris and Lotidis, Kyriakos and Podimata, Chara},
title = {A Bridge between Liquid and Social Welfare in Combinatorial Auctions with Submodular Bidders},
year = {2019},
booktitle = {Proceedings of the 33rd AAAI Conference on Artificial Intelligence},
pages = {1949--1956},
address = {},
series = {AAAI'19}
}

@inproceedings{FT2023,
author = {Fikioris, Giannis and Tardos, Eva},
title = {Liquid Welfare Guarantees for No-Regret Learning in Sequential Budgeted Auctions},
year = {2023},
address = {},
booktitle = {Proceedings of the 24th ACM Conference on Economics and Computation},
pages = {678--698},
numpages = {21},
keywords = {liquid welfare, price of anarchy, online learning, sequential auction},
location = {},
series = {EC'23}
}

@article{G1973,
 author = {Groves, Theodore},
 journal = {Econometrica},
 number = {4},
 pages = {617-631},
 title = {Incentives in Teams},
 volume = {41},
 year = {1973}
}

@inproceedings{GL2019,
author="Gonen, Rica and Lerner, Anat",
title="Towards Characterizing the Deterministic Combinatorial Constrained Efficient Space",
booktitle="Proceedings of the 6th Conference on Algorithmic Decision Theory",
pages="32--48",
year="2019",
series = "ADT'19"

}

@article{HS2025, 
author = {Hirai, Hiroshi and Sato, Ryosuke}, 
title = {Polyhedral Clinching Auctions for Indivisible Goods}, 
year = {2025}, 
publisher = {ACM}, 
address = {New York, NY, USA}, 
volume = {13}, 
number = {1}, 
journal = {ACM Transactions on Economics and Computation}, 
pages = {4:1--4:30},
}

@inproceedings{KBTTY2020, 
title={Strategy-Proof and Non-Wasteful Multi-Unit Auction via Social Network}, 
series = {AAAI'20},
booktitle = {Proceedings of the 34th AAAI Conference on Artificial Intelligence},
author={Kawasaki, Takehiro and Barrot, Nathanael and Takanashi, Seiji and Todo, Taiki and Yokoo, Makoto}, 
year={2020}, 
pages={2062--2069}
}

@inproceedings{LCZ2024, 
title={Double Auction on Diffusion Network}, 
author={Li, Miao and Cao, Yuhan and Zhao, Dengji}, 
booktitle = {Proceedings of the 38th AAAI Conference on Artificial Intelligence},
year={2024}, 
series = {AAAI'24},
pages={9848--9855}
}

@article{LHGZ2022,
title = {Diffusion auction design},
journal = {Artificial Intelligence},
volume = {303},
pages = {103631},
year = {2022},
author = {Bin Li and Dong Hao and Hui Gao and Dengji Zhao},
}

@inproceedings{LHZZ2017, 
author={Li, Bin and Hao, Dong and Zhao, Dengji and Zhou, Tao}, 
title={Mechanism Design in Social Networks}, 
year={2017}, 
booktitle = {Proceedings of the 31st AAAI Conference on Artificial Intelligence},
pages={586--592},
series = {AAAI'17}
}

@inproceedings{LLZ2023, 
author = {Liu, Haolin and Lian, Xinyuan and Zhao, Dengji}, 
title = {Diffusion Multi-unit Auctions with Diminishing Marginal Utility Buyers}, 
booktitle = {Proceedings of the 22nd International Conference on Autonomous Agents and Multiagent Systems}, 
year = {2023}, 
pages = {2715--2717}, 
series = {AAMAS'23} 
}

@inproceedings{LX2015,
 author = {Lu, Pinyan and Xiao, Tao},
 title = {Improved Efficiency Guarantees in Auctions with Budgets},
 booktitle = {Proceedings of the 16th ACM Conference on Economics and Computation},
 series = {EC'15},
 year = {2015},
  pages = {397--413},
 address = {},
 numpages = {17},
 acmid = {2764500},
}

@InProceedings{LX2017,
author="Lu, Pinyan and Xiao, Tao",
title="Liquid Welfare Maximization in Auctions with Multiple Items",
year="2017",
booktitle="Proceedings of the 10th International Symposium on Algorithmic Game Theory",
pages="41--52",
address="",
series = "SAGT'17"
}

@book{M2004, 
address={Cambridge}, 
title={Putting Auction Theory to Work}, 
publisher={Cambridge University Press}, 
author={Milgrom, Paul}, 
year={2004}}

@incollection{P2007, 
place={Cambridge}, 
editor={Nisan, N. and Roughgarden, T. and Tardos, E. and Vazirani, V. V.}, 
booktitle={Algorithmic Game Theory}, 
title={Online Mechanisms}, 
chapter={16},
publisher={Cambridge University Press}, 
author={Parkes, David C.}, 
year={2007}, 
pages={411--440}
}

@article{RCL2011,
author = {Baharak Rastegari and Anne Condon and Kevin Leyton-Brown},
title = {Revenue monotonicity in deterministic, dominant-strategy combinatorial auctions},
journal = {Artificial Intelligence},
volume = {175},
number = {2},
pages = {441--456},
year = {2011},
}

@article{S2023,
      title={Polyhedral Clinching Auctions with a Single Sample}, 
      author={Ryosuke Sato},
      journal = {arXiv: 2302.03458},
      year={2023},
     primaryClass={cs.GT}
}

@inproceedings{ST2013,
author = {Syrgkanis, Vasilis and Tardos, Eva}, 
title = {Composable and Efficient Mechanisms}, 
year = {2013}, 
series = {STOC'13},
address = {}, 
booktitle = {Proceedings of the 45th Annual ACM Symposium on Theory of Computing}, 
pages = {211--220}, 
}

@article{TKTY2019,
      title={Efficiency in Truthful Auctions via a Social Network}, 
      author={Seiji Takanashi and Takehiro Kawasaki and Taiki Todo and Makoto Yokoo},
      year={2019},
      journal = {arXiv: 1904.12422},
      archivePrefix={arXiv},
      primaryClass={econ.TH}
}

@inproceedings{XHZ2019, 
author = {Xu, Junping and He, Xin and Zhao, Dengji}, 
title = {Double auction design on networks}, 
year = {2019}, 
booktitle = {Proceedings of the First International Conference on Distributed Artificial Intelligence}, 
pages = {1--6}, 
series = {DAI '19} 
}

@inproceedings{XSK2022, 
title={Multi-Unit Auction in Social Networks with Budgets}, 
author={Xiao, Mingyu and Song, Yuchao and Khoussainov, Bakh}, 
booktitle = {Proceedings of the 36th AAAI Conference on Artificial Intelligence},
year={2022}, 
series = {AAAI'22},
pages={5228--5235}
}

@inproceedings{Z2022,
  title     = {Mechanism Design Powered by Social Interactions: A Call to Arms},
  author    = {Zhao, Dengji},
  booktitle = {Proceedings of the 31st International Joint Conference on
               Artificial Intelligence},
  series = {IJCAI'22},
  pages     = {5831--5835},
  year      = {2022},
}

@inproceedings{ZLXHJ2018, 
author = {Zhao, Dengji and Li, Bin and Xu, Junping and Hao, Dong and Jennings, Nicholas R.}, 
title = {Selling Multiple Items via Social Networks}, 
year = {2018}, 
booktitle = {Proceedings of the 17th International Conference on Autonomous Agents and MultiAgent Systems}, 
pages = {68--76}, 
numpages = {9}, 
series = {AAMAS'18} 
}

