

@article {V1961,
author = {Vickrey, William},
title = {Counterspeculation, auctions, and competitive sealed tenders},
journal = {The Journal of Finance},
volume = {16},
number = {1},
pages = {8--37},
year = {1961},
}

@Article{C1971,
author="Clarke, Edward H.",
title="Multipart pricing of public goods",
journal="Public Choice",
year="1971",
volume="11",
number="1",
pages="17--33",
}

@article{G1973,
 author = {Groves, Theodore},
 journal = {Econometrica},
 number = {4},
 pages = {617-631},
 title = {Incentives in Teams},
 volume = {41},
 year = {1973}
}


@article {MD1975,
    AUTHOR = {McDiarmid, Colin J. H.},
     TITLE = {Rado's theorem for polymatroids},
   JOURNAL = {Mathematical Proceedings of the Cambridge Philosophical
              Society},
    VOLUME = {78},
      YEAR = {1975},
    NUMBER = {2},
     PAGES = {263--281},
}

@article{S1979,
title = "Matroids and linking systems",
journal = "Journal of Combinatorial Theory, Series B",
volume = "26",
number = "3",
pages = "349--369",
year = "1979",
note = "",
issn = "0095-8956",
doi = "http://dx.doi.org/10.1016/0095-8956(79)90011-X",
url = "http://www.sciencedirect.com/science/article/pii/009589567990011X",
author = "A. Schrijver",
}

@Article{L1981,
author="Gr{\"o}tschel, M.
and Lov{\'a}sz, L.
and Schrijver, A.",
title="The ellipsoid method and its consequences in combinatorial optimization",
journal="Combinatorica",
year="1981",
day="01",
volume="1",
number="2",
pages="169--197",
}




@article{M1981,
 author = {Myerson, Roger B.},
 title = {Optimal Auction Design},
 journal = {Mathematics of Operations Research},
 volume = {6},
 number = {1},
 year = {1981},
 pages = {58--73},
 numpages = {16},
 acmid = {2781656},
 publisher = {INFORMS},
 address = {Institute for Operations Research and the Management Sciences (INFORMS), Linthicum, Maryland, USA},
 keywords = {auctions, direct revelation mechanisms, expected revenue},
} 

@article{LM1982,
 author = {E. L. Lawler and C. U. Martel},
 journal = {Mathematics of Operations Research},
 number = {3},
 pages = {334-347},
 publisher = {INFORMS},
 title = {Computing Maximal ``Polymatroidal" Network Flows},
 volume = {7},
 year = {1982}
}


@article{MS1983,
author = {Roger B Myerson and Mark A Satterthwaite},
title = {Efficient mechanisms for bilateral trading},
journal = {Journal of Economic Theory},
volume = {29},
number = {2},
pages = {265-281},
year = {1983}
}



@BOOK{S2003,
Author = {Schrijver, Alexander},
Title = {Combinatorial Optimization},
Subtitle={Polyhedra and Efficiency},
Year = {2003},
Publisher={Springer-Verlag, Berlin},
}


@article{MA1992,
title = "A dominant strategy double auction",
journal = "Journal of Economic Theory",
volume = "56",
number = "2",
pages = "434--450",
year = "1992",
note = "",
author = "R.Preston McAfee",
}


@article{I2001,
 author = {Iwata, Satoru and Fleischer, Lisa and Fujishige, Satoru},
 title = {A Combinatorial Strongly Polynomial Algorithm for Minimizing Submodular Functions},
 journal = {Jounal of the ACM},
 issue_date = {2001},
 volume = {48},
 number = {4},
 year = {2001},
 pages = {761--777},
 numpages = {17},
 acmid = {502096},
 publisher = {ACM},
 address = {New York, NY, USA},
 keywords = {Discrete optimization, strongly polynomial algorithm, submodular function},
} 


@article{S2000,
title = "A Combinatorial Algorithm Minimizing Submodular Functions in Strongly Polynomial Time",
journal = "Journal of Combinatorial Theory, Series B",
volume = "80",
number = "2",
pages = "346--355",
year = "2000",
author = "Alexander Schrijver"
}

@ARTICLE{AM2002,
title = {Ascending Auctions with Package Bidding},
author = {Ausubel, Lawrence M. and Milgrom, Paul},
year = {2002},
journal = {Frontiers of Theoretical Economics},
volume = {1},
number = {1},
}


@book{M2004, 
address={Cambridge}, 
title={Putting Auction Theory to Work}, 
publisher={Cambridge University Press}, 
author={Milgrom, Paul}, 
year={2004}}

@article{A2004,
Author = {Ausubel, Lawrence M.},
Title = {An Efficient Ascending-Bid Auction for Multiple Objects},
Journal = {American Economic Review},
Volume = {94},
Number = {5},
Year = {2004},
Pages = {1452--1475},
}


@book {F2005,
	AUTHOR = {Fujishige, Satoru},
	TITLE = {Submodular Functions and Optimization, Second Edition},
	PUBLISHER = {Elsevier, Amsterdam},
	YEAR = {2005},
	MRCLASS = {90C10 (05A18 05B35 52A41 90C27 90C35 90C57)},
	MRNUMBER = {2171629}
}


@article{LLN2006,
	author = {Benny Lehmann and Daniel Lehmann and Noam Nisan},
	journal = {Games and Economic Behavior},
	keywords = {Combinatorial auctions, Decreasing marginal utilities, Winner determination},
	number = {2},
	pages = {270--296},
	title = {Combinatorial auctions with decreasing marginal utilities},
	volume = {55},
	year = {2006}
	}


@article{DRS2012,
 author = {Dughmi, Shaddin and Roughgarden, Tim and Sundararajan, Mukund},
 title = {Revenue Submodularity},
 year = {2012},
 pages = {95--119},
 journal = {Theory of Computing},
 volume = {8},
 number = {5},
}


@book{K2010,
Author = "Krishna, Vijay ",
title = "Auction Theory, Second Edition",
publisher = "Academic Press",
address = "San Diego",
year = "2010",
}

@book{NRTV2007,
 author = {Nisan, N. and Roughgarden, T. and Tardos, E. and Vazirani, V. V.},
 title = {Algorithmic Game Theory},
 year = {2007},
 publisher = {Cambridge University Press},
 address = {New York},
} 


@incollection{P2007, 
place={Cambridge}, 
editor={Nisan, N. and Roughgarden, T. and Tardos, E. and Vazirani, V. V.}, 
booktitle={Algorithmic Game Theory}, 
title={Online Mechanisms}, 
chapter={16},
publisher={Cambridge University Press}, 
author={Parkes, David C.}, 
year={2007}, 
pages={411--440}
}

@article{EOS2007,
Author = {Edelman, Benjamin and Ostrovsky, Michael and Schwarz, Michael},
Title = {Internet Advertising and the Generalized Second-Price Auction: Selling Billions of Dollars Worth of Keywords},
Journal = {American Economic Review},
Volume = {97},
Number = {1},
Year = {2007},
Pages = {242-259},
}


@article{MA2008,
title = "The gains from trade under fixed price mechanisms",
journal = "Applied Economics Research Bulletin",
number = "1",
year = "2008",
note = "",
author = "R.Preston McAfee",
}


@inproceedings{BCMX2010,
 author = {Bhattacharya, Sayan and Conitzer, Vincent and Munagala, Kamesh and Xia, Lirong},
 title = {Incentive Compatible Budget Elicitation in Multi-unit Auctions},
 booktitle = {Proceedings of the 21st Annual ACM-SIAM Symposium on Discrete Algorithms},
 series = {SODA'10},
 year = {2010},
 pages = {554--572},
 numpages = {19},
} 


@article {DN2010,
    AUTHOR = {Dobzinski, Shahar and Nisan, Noam},
     TITLE = {Mechanisms for Multi-unit auctions},
   JOURNAL = {Journal of Artificial Intelligence Research},
  FJOURNAL = {Journal of Artificial Intelligence Research},
    VOLUME = {37},
      YEAR = {2010},
     PAGES = {85--98},
}

@article{BSV2011,
 author = {Bikhchandani, Sushil and de Vries, Sven and Schummer, James and Vohra, Rakesh V.},
 title = {An Ascending Vickrey Auction for Selling Bases of a Matroid},
 journal = {Operations Research},
 volume = {59},
 number = {2},
 year = {2011},
 pages = {400--413},
 numpages = {14},
 publisher = {INFORMS},
 address = {Institute for Operations Research and the Management Sciences (INFORMS), Linthicum, Maryland, USA},
 keywords = {Vickrey, auction, combinatorial, matroid, multi-item, polymatroid},
} 


@article{RCL2011,
author = {Baharak Rastegari and Anne Condon and Kevin Leyton-Brown},
title = {Revenue monotonicity in deterministic, dominant-strategy combinatorial auctions},
journal = {Artificial Intelligence},
volume = {175},
number = {2},
pages = {441--456},
year = {2011},
}

@inproceedings{FLSS2011,
 author = {Fiat, Amos and Leonardi, Stefano and Saia, Jared and Sankowski, Piotr},
 title = {Single Valued Combinatorial Auctions with Budgets},
 booktitle = {Proceedings of the 12th ACM Conference on Electronic Commerce},
 series = {EC'11},
 year = {2011},
 pages = {223--232},
 numpages = {10},
 acmid = {1993609},
 address = {},
} 


@inproceedings{TMIY2012, 
author = {Todo, Taiki and Mouri, Takayuki and Iwasaki, Atsushi and Yokoo, Makoto}, 
title = {False-Name-Proofness in Online Mechanisms}, 
year = {2012}, 
booktitle = {Proceedings of the 11th International Conference on Autonomous Agents and Multiagent Systems}, 
pages = {753--762}, 
numpages = {10}, 
location = {Valencia, Spain}, 
series = {AAMAS'12} }


@article {DLN2012,
    AUTHOR = {Dobzinski, Shahar and Lavi, Ron and Nisan, Noam},
     TITLE = {Multi-unit auctions with budget limits},
   JOURNAL = {Games and Economic Behavior},
  FJOURNAL = {Games and Economic Behavior},
    VOLUME = {74},
      YEAR = {2012},
    NUMBER = {2},
     PAGES = {486--503},
   MRCLASS = {91B26 (91B14 91B44)},
  MRNUMBER = {2885731},
MRREVIEWER = {Domenico Menicucci},}


@article{GMP2020,
author = {Goel, Gagan and Mirrokni, Vahab and Leme, Renato Paes},
title = {Clinching auctions with online supply},
journal = {Games and Economic Behavior},
volume = {123},
pages = {342-358},
year = {2020},
}


@inproceedings{ST2013,
author = {Syrgkanis, Vasilis and Tardos, Eva}, 
title = {Composable and Efficient Mechanisms}, 
year = {2013}, 
series = {STOC'13},
address = {}, 
booktitle = {Proceedings of the 45th Annual ACM Symposium on Theory of Computing}, 
pages = {211--220}, 
}

@inproceedings{GMP2014,
 author = {Goel, Gagan and Mirrokni, Vahab and Leme, Renato Paes},
 title = {Clinching Auctions Beyond Hard Budget Constraints},
 booktitle = {Proceedings of the 15th ACM Conference on Economics and Computation},
 series = {EC'14},
 year = {2014},
 pages = {167--184},
 numpages = {18},
 acmid = {2602851},
 address = {},
 keywords = {budget constraints, clinching auctions, mechanism design}} 

@inproceedings{DRT2014,
 author = {D\"{u}tting, Paul and Roughgarden, Tim and Talgam-Cohen, Inbal},
 title = {Modularity and Greed in Double Auctions},
 booktitle = {Proceedings of the Fifteenth ACM Conference on Economics and Computation},
 series = {EC'14},
 year = {2014},
 pages = {241--258},
 numpages = {18},
 acmid = {2602854},
 publisher = {ACM},
 address = {New York},
} 






@inproceedings{DRT2014,
 author = {D\"{u}tting, Paul and Roughgarden, Tim and Talgam-Cohen, Inbal},
 title = {Modularity and Greed in Double Auctions},
 booktitle = {Proceedings of the Fifteenth ACM Conference on Economics and Computation},
 series = {EC'14},
 year = {2014},
 isbn = {978-1-4503-2565-3},
 location = {Palo Alto, California, USA},
 pages = {241--258},
 numpages = {18},
 acmid = {2602854},
 address = {New York},
 keywords = {deferred-acceptance auctions, trade reduction mechanism},
} 

@inproceedings{KW2012,
 author = {Kleinberg, Robert and Weinberg, Seth Matthew},
 title = {Matroid Prophet Inequalities},
 booktitle = {Proceedings of the Forty-fourth Annual ACM Symposium on Theory of Computing},
 series = {STOC'12},
 year = {2012},
 isbn = {978-1-4503-1245-5},
 location = {New York, New York, USA},
 pages = {123--136},
 numpages = {14},
 acmid = {2213991},
 address = {New York},
 keywords = {bayesian mechanism design, matroids, online optimization, optimal stopping, prophet inequalities},
} 

@inproceedings{LX2015,
 author = {Lu, Pinyan and Xiao, Tao},
 title = {Improved Efficiency Guarantees in Auctions with Budgets},
 booktitle = {Proceedings of the 16th ACM Conference on Economics and Computation},
 series = {EC'15},
 year = {2015},
  pages = {397--413},
 address = {},
 numpages = {17},
 acmid = {2764500},
} 


@inproceedings{DEFFL2016,
author = {Dughmi, Shaddin and Eden, Alon and Feldman, Michal and Fiat, Amos and Leonardi, Stefano},
title = {Lottery Pricing Equilibria},
year = {2016},
address = {Maastricht},
booktitle = {Proceedings of the Seventeenth ACM Conference on Economics and Computation},
pages = {401--418},
numpages = {18},
location = {Maastricht},
series = {EC'16}
}




@article{BHLS2015,
 author = {Colini-Baldeschi, Riccardo and Leonardi, Stefano and Henzinger, Monika and Starnberger, Martin},
 title = {On Multiple Keyword Sponsored Search Auctions with Budgets},
 journal = {ACM Transactions on Economics and Computation},
 volume = {4},
 number = {1},
 year = {2015},
 pages = {2:1--2:34},
 publisher = {ACM},
 address = {New York, NY, USA},
} 


@article{GMP2015,
 author = {Goel, Gagan and Mirrokni, Vahab and Leme, Renato Paes},
 title = {Polyhedral Clinching Auctions and the AdWords Polytope},
 journal = {Journal of the ACM},
 volume = {62},
 number = {3},
 year = {2015},
 pages = {18:1--18:27},
 acmid = {2757277},
 publisher = {ACM},
 address = {New York},
} 


@INPROCEEDINGS{LSW2015,
author = {Y. T. Lee and A. Sidford and S. C. Wong},
booktitle = {2015 IEEE 56th Annual Symposium on Foundations of Computer Science, FOCS'15},
title = {A Faster Cutting Plane Method and its Implications for Combinatorial and Convex Optimization},
year = {2015},
pages = {1049-1065},
ISSN = {0272-5428}
}


@Inbook{D\UTF{00FC}tting2015,
author="D{\"u}tting, Paul
and Kleinberg, Robert",
editor="Bansal, Nikhil
and Finocchi, Irene",
title="Polymatroid Prophet Inequalities",
bookTitle="Algorithms - ESA 2015: 23rd Annual European Symposium, Patras, Greece, September 14-16, 2015, Proceedings",
series="Lecture Notes in Computer Science",
volume="9294", 
year="2015",
publisher="Springer Berlin Heidelberg",
address="Berlin",
pages="437--449",
isbn="978-3-662-48350-3",
}

@article{DHS2015,
 author = {D\"{u}tting, Paul and Henzinger, Monika and Starnberger, Martin},
 title = {Auctions for Heterogeneous Items and Budget Limits},
 journal = {ACM Transactions on Economics and Computation},
 volume = {4},
 number = {1},
 year = {2015},
 pages = {4:1--4:17},
 acmid = {2818351},
 publisher = {ACM},
 address = {New York, NY, USA},
} 

@article{DRY2015,
author = {Peerapong Dhangwatnotai and Tim Roughgarden and Qiqi Yan},
title = {Revenue maximization with a single sample},
journal = {Games and Economic Behavior},
volume = {91},
pages = {318-333},
year = {2015},
}



@inproceedings{BKLT2016,
 author = {Colini-Baldeschi, Riccardo and de Keijzer, Bart and Leonardi, Stefano and Turchetta, Stefano},
 title = {Approximately Efficient Double Auctions with Strong Budget Balance},
 booktitle = {Proceedings of the 27th Annual ACM-SIAM Symposium on Discrete Algorithms},
 series = {SODA'16},
 year = {2016},
  address = {},
 pages = {1424--1443},
 numpages = {20},
 acmid = {2884533},

} 

@Inbook{HHAGS2016,
author="Segal-Halevi, Erel
and Hassidim, Avinatan
and Aumann, Yonatan",
editor="Gairing, Martin
and Savani, Rahul",
title="SBBA: A Strongly-Budget-Balanced Double-Auction Mechanism",
bookTitle="Algorithmic Game Theory: 9th International Symposium, SAGT 2016, Liverpool, UK, September 19--21, 2016, Proceedings",
year="2016",
publisher="Springer Berlin Heidelberg",
address="Berlin, Heidelberg",
pages="260--272",
isbn="978-3-662-53354-3",
}


@book{R2016, 
address={Cambridge}, 
title={Twenty Lectures on Algorithmic Game Theory}, 
DOI={10.1017/CBO9781316779309}, 
publisher={Cambridge University Press}, 
author={Roughgarden, Tim}, 
year={2016}}




@InProceedings{GLMNP2016,
  author ={Gagan Goel and Stefano Leonardi and Vahab Mirrokni and Afshin Nikzad and Renato Paes Leme},
  title ={{Reservation Exchange Markets for Internet Advertising}},
  booktitle ={Proceedings of the 43 rd International Colloquium Automata, Languages, and Programming},
   series = {ICALP'16},
  pages ={142:1--142:13},
  year ={2016},
  address ={},
}

@inproceedings{DHH2013,
 author = {Devanur, Nikhil R. and Ha, Bach Q. and Hartline, Jason D.},
 title = {Prior-free Auctions for Budgeted Agents},
 booktitle = {Proceedings of the 14th ACM Conference on Electronic Commerce},
 series = {EC'13},
 year = {2013},
 address = {},
 pages = {287--304},
 numpages = {18},
 acmid = {2482554},
 keywords = {budget, envy-free, mechanism design, prior-free},
} 


@Inproceedings{DL2014,
author="Dobzinski, Shahar
and Leme, Renato Paes",
title="Efficiency Guarantees in Auctions with Budgets",
bookTitle="Proceedings of the 41 st International Colloquium Automata, Languages, and Programming",
year="2014",
series = "ICALP'14",
address="",
pages="392--404",
}



@Inbook{LMSZEK2017,
author="Leonardi, Stefano
and Monaco, Gianpiero
and Sankowski, Piotr
and Zhang, Qiang",
editor="Eisenbrand, Friedrich
and Koenemann, Jochen",
title="Budget Feasible Mechanisms on Matroids",
bookTitle="Integer Programming and Combinatorial Optimization: 19th International Conference, IPCO 2017, Waterloo, ON, Canada, June 26-28, 2017, Proceedings",
year="2017",
publisher="Springer International Publishing",
address="Cham",
pages="368--379",
isbn="978-3-319-59250-3",
}


@inproceedings{SHA20182,
 author = "Segal-Halevi, Erel and Hassidim, Avinatan and Aumann, Yonatan",
 title = "Double Auctions in Markets for Multiple Kinds of Goods",
 booktitle = "Proceedings of the 27th International Joint Conference on Artificial Intelligence",
 series = "IJCAI'18",
 year = "2018",
 pages = "489--497",
 address="",
} 

@inproceedings{WLL2018,
 author = "Wu, Weiwei and Liu, Xiang and Li, Minming",
 title = "Budget-feasible Procurement Mechanisms in Two-sided Markets",
 booktitle = "Proceedings of the 27th International Joint Conference on Artificial Intelligence",
 series = "IJCAI'18",
 year = "2018",
 pages = "489--497",
 address="",
} 

@inproceedings{SHA20181,
	author = {Segal-Halevi, Erel and Hassidim,  Avinatan and Aumann, Yonatan },
	title = {{MUDA}: A Truthful Multi-Unit Double-Auction Mechanism},
	conference = {AAAI Conference on Artificial Intelligence},
	 booktitle = "Proceedings of the 32nd AAAI Conference on Artificial Intelligence",
 series = "AAAI'18",
 year = "2018",
 pages = "1193--1201",
 address="",
}

@inproceedings{FLP2019,
author = {Fotakis, Dimitris and Lotidis, Kyriakos and Podimata, Chara},
title = {A Bridge between Liquid and Social Welfare in Combinatorial Auctions with Submodular Bidders},
year = {2019},
booktitle = {Proceedings of the 33rd AAAI Conference on Artificial Intelligence},
pages = {1949--1956},
address = {},
series = {AAAI'19}
}

@InProceedings{RWW2020,
  author ={Aviad Rubinstein and Jack Z. Wang and S. Matthew Weinberg},
  title ={{Optimal Single-Choice Prophet Inequalities from Samples}},
  booktitle ={Proceedings of the Eleventh Innovations in Theoretical Computer Science Conference},
  series ={ITCS' 20, volume 151, pages 60:1--60:10},
  year ={2020},
  address ={Seattle},
}

@article{AKW2019,
title = {Prior independent mechanisms via prophet inequalities with limited information},
journal = {Games and Economic Behavior},
volume = {118},
pages = {511-532},
year = {2019},
author = {Pablo D. Azar and Robert Kleinberg and S. Matthew Weinberg},
}


@inproceedings{GL2019,
author="Gonen, Rica and Lerner, Anat",
title="Towards Characterizing the Deterministic Combinatorial Constrained Efficient Space",
booktitle="Proceedings of the 6th Conference on Algorithmic Decision Theory",
pages="32--48",
year="2019",
series = "ADT'19"

}




@InProceedings{LX2017,
author="Lu, Pinyan and Xiao, Tao",
title="Liquid Welfare Maximization in Auctions with Multiple Items",
year="2017",
booktitle="Proceedings of the 10th International Symposium on Algorithmic Game Theory",
pages="41--52",
address="",
series = "SAGT'17"
}

@InProceedings{AFGR2017,
author="Azar, Yossi
and Feldman, Michal
and Gravin, Nick
and Roytman, Alan",
title="Liquid Price of Anarchy",
booktitle="Proceedings of theTenth International Symposium on Algorithmic Game Theory",
year="2017",
address="L'Aquila",
series = "SAGT'17",
pages="3--15",
}

@article{V2019,
title = {A note on the efficiency of position mechanisms with budget constraints},
journal = {Information Processing Letters},
volume = {143},
pages = {28-33},
year = {2019},
author = {Alexandros A. Voudouris},
}



@inproceedings{XHZ2019, 
author = {Xu, Junping and He, Xin and Zhao, Dengji}, 
title = {Double auction design on networks}, 
year = {2019}, 
booktitle = {Proceedings of the First International Conference on Distributed Artificial Intelligence}, 
pages = {1--6}, 
series = {DAI '19} 
}



@article{CV2021,
 author = {Ioannis Caragiannis and Alexandros A. Voudouris},
 journal = {Mathematics of Operations Research},
 number = {2},
 pages = {503--523},
 publisher = {INFORMS},
 title = {The Efficiency of Resource Allocation Mechanisms for Budget-Constrained Users},
 volume = {46},
 year = {2021}
}

@article{HS2022,
 author = {Hiroshi Hirai and Ryosuke Sato},
 journal = {Mathematics of Operations Research},
 number = {1},
 pages = {259--285},
 publisher = {INFORMS},
 title = {Polyhedral Clinching Auctions for Two-Sided Markets},
 volume = {47},
 year = {2022}
}


@article{V2020,
title = {Simple combinatorial auctions with budget constraints},
journal = {Theoretical Computer Science},
volume = {842},
pages = {6-17},
year = {2020},
author = {Alexandros A. Voudouris},
}

@article{GHMV2007,
 author = {Grigorieva, Elena and Herings, P. Jean-Jacques. and M\"{u}ller, Rudolf and Vermeulen, Dries},
 title = {The private value single item bisection auction},
 journal = {Economic Theory},
 volume = {30},
 number = {1},
 year = {2007},
 issn = {1432-0479},
 pages = {107--118},
} 

@article{HRS2012,
 author = {Isa E. Hafalir and R. Ravi and Amin Sayedi},
 title = {A near Pareto optimal auction with budget constraints},
 journal = {Games and Economic Behavior},
 volume = {74},
 number = {2},
 year = {2012},
 issn = {0899-8256},
 pages = {699--708},
} 






@article{BGKLR2020, 
author = {Colini-Baldeschi, Riccardo and Goldberg, Paul W. and Keijzer, Bart de and Leonardi, Stefano and Roughgarden, Tim and Turchetta, Stefano}, 
title = {Approximately Efficient Two-Sided Combinatorial Auctions}, 
year = {2020}, 
publisher = {Association for Computing Machinery}, 
address = {New York, NY, USA}, 
volume = {8}, 
number = {1}, 
pages = {4:1--4:29},
 journal = {ACM Transactions on Economics and Computation},  }
 

@inproceedings{DFLLR2021,
author    = {Paul D{\"{u}}tting and
               Federico Fusco and
               Philip Lazos and
               Stefano Leonardi and
               Rebecca Reiffenh{\"{a}}user},
title     = {Efficient Two-Sided Markets with Limited Information}, 
booktitle = {Proceedings of the 53rd Annual ACM Symposium on Theory of Computing},
series = {STOC'21},
pages = {1452--1465},
address = {},
year = {2021}
} 


@inproceedings{AKW2014,
author = {Azar, Pablo D. and Kleinberg, Robert and Weinberg, S. Matthew},
title = {Prophet Inequalities with Limited Information},
booktitle = {Proceedings of the 25th Annual ACM-SIAM Symposium on Discrete Algorithms},
pages = {1358--1377},
address = {},
year = {2014},
series = {SODA'14},
}

@InProceedings{ILWM2017,
author="Immorlica, Nicole
and Lucier, Brendan
and Weyl, Glen
and Mollner, Joshua",
title="Approximate Efficiency in Matching Markets",
booktitle="Proceedings of the 13th Conference on Web and Internet Economics",
series ={WINE'17},
year="2017",
pages="252--265",
}




@inproceedings {FH2018,
author = {Yiding Feng and Jason D. Hartline},
booktitle = {Proceedings of the 59th Annual IEEE Symposium on Foundations of Computer Science},
title = {An End-to-End Argument in Mechanism Design (Prior-Independent Auctions for Budgeted Agents)},
series ={FOCS'18},
pages = {404--415},
address = {},
year = {2018}
}



@inproceedings{CDFS2019,
author = {Correa, Jos\'{e} R. and D\"{u}tting, Paul and Fischer, Felix A. and Schewior, Kevin},
title = {Prophet Inequalities for I.I.D. Random Variables from an Unknown Distribution},
booktitle = {Proceedings of the 20th ACM Conference on Economics and Computation},
series = {EC'19},
pages = {3--17},
address = {},
year = {2019}
}

@inproceedings{CCES2020,
author = {Jos\'{e} R. Correa and Andr\'{e}s Cristi and Boris Epstein and Jos\'{e} A. Soto},
title = {The Two-Sided Game of Googol and Sample-Based Prophet Inequalities},
booktitle = {Proceedings of the 31st ACM-SIAM Symposium on Discrete Algorithms},
series = {SODA'20},
address = {},
pages = {2066--2081},
year = {2020},
}

@article{BK2021,
author = {Braun, Alexander and Kesselheim, Thomas},
title = {Truthful Mechanisms for Two-Sided Markets via Prophet Inequalities},
journal = {Mathematics of Operations Research},
volume = {48},
number = {4},
pages = {1959--1986},
year = {2023},
}

@inproceedings{AKS2021, 
author = {Assadi, Sepehr and Kesselheim, Thomas and Singla, Sahil}, 
title = {Improved truthful mechanisms for subadditive combinatorial auctions: breaking the logarithmic barrier}, 
year = {2021}, 
booktitle = {Proceedings of the 32nd Annual ACM-SIAM Symposium on Discrete Algorithms}, 
pages = {653--661}, 
numpages = {9}, 
series = {SODA'21} }



@article{AS2023,
author = {Assadi, Sepehr and Singla, Sahil},
title = {Improved Truthful Mechanisms for Combinatorial Auctions with Submodular Bidders},
journal = {SIAM Journal on Computing},
pages = {},
year = {to appear, 2023},
}


@inproceedings{LLZ2023,
author = {Liu, Haolin and Lian, Xinyuan and Zhao, Dengji},
title = {Diffusion Multi-unit Auctions with Diminishing Marginal Utility Buyers},
year = {2023},
booktitle = {Proceedings of the 22nd International Conference on Autonomous Agents and Multiagent Systems},
pages = {2715--2717},
numpages = {3},
series = {AAMAS'23}
}



@inproceedings{HS2023,
author = {Hiroshi Hirai and Ryosuke Sato}, 
title = {Polyhedral Clinching Auctions for Indivisible Goods}, 
year = {2023}, 
booktitle = {Proceedings of the 19th Conference on Web and Internet Economics},
series = {WINE'23},
address = {}, 
pages = {366--383}, 
}

@article{HS2025, 
author = {Hirai, Hiroshi and Sato, Ryosuke}, 
title = {Polyhedral Clinching Auctions for Indivisible Goods}, 
year = {2025}, 
publisher = {ACM}, 
address = {New York, NY, USA}, 
volume = {13}, 
number = {1}, 
journal = {ACM Transactions on Economics and Computation}, 
pages = {4:1--4:30},
}




@article{BD2021,
title = {(Almost) efficient mechanisms for bilateral trading},
journal = {Games and Economic Behavior},
volume = {130},
pages = {369--383},
year = {2021},
author = {Liad Blumrosen and Shahar Dobzinski},
}



@inproceedings{KPV2022,
author = {Zi Yang Kang and Francisco Pernice and Jan Vondr\'{a}k},
title = {Fixed-Price Approximations in Bilateral Trade},
booktitle = {Proceedings of the 33rd Annual ACM-SIAM Symposium on Discrete Algorithms},
series = {SODA'22},
pages = {2964--2985},
year = {2022},
}


@inproceedings{FHL2023,
author = {Yiding Feng and Jason D. Hartline and Yingkai Li},
title = {Simple Mechanisms for Non-linear Agents},
booktitle = {Proceedings of the 34th Annual ACM-SIAM Symposium on Discrete Algorithms},
series = {SODA'23},
pages = {3802--3816},
year = {2023},
}



@misc{BFN2024,
      title={Learning to Maximize Gains From Trade in Small Markets}, 
      author={Moshe Babaioff and Amitai Frey and Noam Nisan},
      year={2024},
      eprint={2401.11596},
      archivePrefix={arXiv},
      primaryClass={cs.GT}
}


@misc{KV2019,
	author={Zi Yang Kang and Jan Vondr\'{a}k}, 
	title={Fixed-Price Approximations to Optimal Efficiency in Bilateral Trade},
	year={2019},
	howpublished={https://ssrn.com/abstract=3460336},
      }
      


@article{CGMW2021, 
author = {Cheng, Yu and Gravin, Nick and Munagala, Kamesh and Wang, Kangning}, 
title = {A Simple Mechanism for a Budget-Constrained Buyer}, 
year = {2021}, 
publisher = {Association for Computing Machinery}, 
address = {New York, NY, USA}, 
 journal = {ACM Transactions on Economics and Computation},
 volume = {9}, 
pages = {10:1--10:25},
number = {2}, 
numpages = {25}, 
}


@inproceedings{F2022,
author = {Fei, Yumou},
title = {Improved Approximation to First-Best Gains-from-Trade},
year = {2022},
booktitle = {Proceedings of the 18th Conference on Web and Internet Economics},
series = {WINE'22},
pages = {204--218},
numpages = {15},
}


@article{LHGZ2022,
title = {Diffusion auction design},
journal = {Artificial Intelligence},
volume = {303},
pages = {103631},
year = {2022},
author = {Bin Li and Dong Hao and Hui Gao and Dengji Zhao},
}


@article{BD2023,
author = {Blumrosen, Liad and Dobzinski, Shahar},
title = {Combinatorial Reallocation Mechanisms},
journal = {Algorithmica},
volume = {},
location={to appear},
year = {2023},
address={},
}

@inproceedings{DMSW2022, 
author = {Deng, Yuan and Mao, Jieming and Sivan, Balasubramanian and Wang, Kangning}, 
title = {Approximately Efficient Bilateral Trade}, 
year = {2022}, 
booktitle = {Proceedings of the 54th Annual ACM Symposium on Theory of Computing},
series = {STOC'22},
address = {}, 
pages = {718--721}, 
}

@inproceedings{CW2023, 
author = {Cai, Yang and Wu, Jinzhao}, 
title = {On the Optimal Fixed-Price Mechanism in Bilateral Trade}, 
year = {2023}, 
booktitle = {Proceedings of the 55th Annual ACM Symposium on Theory of Computing}, 
pages = {737--750}, 
numpages = {14}, 
series = {STOC'23} 
}




@inproceedings{LRW2023,
author = {Liu, Zhengyang and Ren, Zeyu and Wang, Zihe},
title = {Improved Approximation Ratios of Fixed-Price Mechanisms in Bilateral Trades},
year = {2023},
booktitle = {Proceedings of the 55th Annual ACM Symposium on Theory of Computing},
pages = {751--760},
numpages = {10},
series = {STOC'23}
}

@inproceedings{FT2023,
author = {Fikioris, Giannis and Tardos, Eva},
title = {Liquid Welfare Guarantees for No-Regret Learning in Sequential Budgeted Auctions},
year = {2023},
address = {},
booktitle = {Proceedings of the 24th ACM Conference on Economics and Computation},
pages = {678--698},
numpages = {21},
keywords = {liquid welfare, price of anarchy, online learning, sequential auction},
location = {},
series = {EC'23}
}





@inproceedings{ZLXHJ2018, 
author = {Zhao, Dengji and Li, Bin and Xu, Junping and Hao, Dong and Jennings, Nicholas R.}, 
title = {Selling Multiple Items via Social Networks}, 
year = {2018}, 
booktitle = {Proceedings of the 17th International Conference on Autonomous Agents and MultiAgent Systems}, 
pages = {68--76}, 
numpages = {9}, 
series = {AAMAS'18} 
}

@inproceedings{KBTTY2020, 
title={Strategy-Proof and Non-Wasteful Multi-Unit Auction via Social Network}, 
series = {AAAI'20},
booktitle = {Proceedings of the 34th AAAI Conference on Artificial Intelligence},
author={Kawasaki, Takehiro and Barrot, Nathanael and Takanashi, Seiji and Todo, Taiki and Yokoo, Makoto}, 
year={2020}, 
pages={2062--2069}
}



@inproceedings{LHZZ2017, 
author={Li, Bin and Hao, Dong and Zhao, Dengji and Zhou, Tao}, 
title={Mechanism Design in Social Networks}, 
year={2017}, 
booktitle = {Proceedings of the 31st AAAI Conference on Artificial Intelligence},
pages={586--592},
series = {AAAI'17}
}




@inproceedings{LHZZ2018,
  title     = {Customer Sharing in Economic Networks with Costs},
  author    = {Bin Li and Dong Hao and Dengji Zhao and Tao Zhou},
  booktitle = {Proceedings of the 27th International Joint Conference on
               Artificial Intelligence},
  pages     = {368--374},
  year      = {2018},
  series = {IJCAI'18},
}


@inproceedings{Z2022,
  title     = {Mechanism Design Powered by Social Interactions: A Call to Arms},
  author    = {Zhao, Dengji},
  booktitle = {Proceedings of the 31st International Joint Conference on
               Artificial Intelligence},
  series = {IJCAI'22},
  pages     = {5831--5835},
  year      = {2022},
}


@inproceedings{XSK2022, 
title={Multi-Unit Auction in Social Networks with Budgets}, 
author={Xiao, Mingyu and Song, Yuchao and Khoussainov, Bakh}, 
booktitle = {Proceedings of the 36th AAAI Conference on Artificial Intelligence},
year={2022}, 
series = {AAAI'22},
pages={5228--5235}
}

@inproceedings{LCZ2024, 
title={Double Auction on Diffusion Network}, 
author={Li, Miao and Cao, Yuhan and Zhao, Dengji}, 
booktitle = {Proceedings of the 38th AAAI Conference on Artificial Intelligence},
year={2024}, 
series = {AAAI'24},
pages={9848--9855}
}


@article{TKTY2019,
      title={Efficiency in Truthful Auctions via a Social Network}, 
      author={Seiji Takanashi and Takehiro Kawasaki and Taiki Todo and Makoto Yokoo},
      year={2019},
      journal = {arXiv: 1904.12422},
      archivePrefix={arXiv},
      primaryClass={econ.TH}
}

@inproceedings{LLZ2023, 
author = {Liu, Haolin and Lian, Xinyuan and Zhao, Dengji}, 
title = {Diffusion Multi-unit Auctions with Diminishing Marginal Utility Buyers}, 
booktitle = {Proceedings of the 22nd International Conference on Autonomous Agents and Multiagent Systems}, 
year = {2023}, 
pages = {2715--2717}, 
series = {AAMAS'23} 
}


@article{S2023,
      title={Polyhedral Clinching Auctions with a Single Sample}, 
      author={Ryosuke Sato},
      journal = {arXiv: 2302.03458},
      year={2023},
     primaryClass={cs.GT}
}




