@article{ding2023multi,
  title={Multi-agent dueling Q-learning with mean field and value decomposition},
  author={Ding, Shifei and Du, Wei and Ding, Ling and Guo, Lili and Zhang, Jian and An, Bo},
  journal={Pattern Recognition},
  volume={139},
  pages={109436},
  year={2023},
  publisher={Elsevier}
}

@article{ding2023multiagent,
  title={Multiagent reinforcement learning with graphical mutual information maximization},
  author={Ding, Shifei and Du, Wei and Ding, Ling and Zhang, Jian and Guo, Lili and An, Bo},
  journal={IEEE Transactions on Neural Networks and Learning Systems},
  year={2023},
  publisher={IEEE}
}

@inproceedings{khan2022transformer,
  title={Transformer-based value function decomposition for cooperative multi-agent reinforcement learning in StarCraft},
  author={Khan, Muhammad Junaid and Ahmed, Syed Hammad and Sukthankar, Gita},
  booktitle={Proceedings of the AAAI Conference on Artificial Intelligence and Interactive Digital Entertainment},
  volume={18},
  number={1},
  pages={113--119},
  year={2022}
}

@inproceedings{liu2023contrastive,
  title={Contrastive identity-aware learning for multi-agent value decomposition},
  author={Liu, Shunyu and Zhou, Yihe and Song, Jie and Zheng, Tongya and Chen, Kaixuan and Zhu, Tongtian and Feng, Zunlei and Song, Mingli},
  booktitle={Proceedings of the AAAI Conference on Artificial Intelligence},
  volume={37},
  number={10},
  pages={11595--11603},
  year={2023}
}

@article{liu2023learning,
  title={Learning Multi-Agent Cooperation via Considering Actions of Teammates},
  author={Liu, Shanqi and Liu, Weiwei and Chen, Wenzhou and Tian, Guanzhong and Chen, Jun and Tong, Yao and Cao, Junjie and Liu, Yong},
  journal={IEEE Transactions on Neural Networks and Learning Systems},
  year={2023},
  publisher={IEEE}
}

@article{naderializadeh2020graph,
  title={Graph convolutional value decomposition in multi-agent reinforcement learning},
  author={Naderializadeh, Navid and Hung, Fan H and Soleyman, Sean and Khosla, Deepak},
  journal={arXiv preprint arXiv:2010.04740},
  year={2020}
}

@article{pina2022residual,
  title={Residual Q-Networks for Value Function Factorizing in Multiagent Reinforcement Learning},
  author={Pina, Rafael and De Silva, Varuna and Hook, Joosep and Kondoz, Ahmet},
  journal={IEEE Transactions on Neural Networks and Learning Systems},
  year={2022},
  publisher={IEEE}
}

@article{rashid2020weighted,
  title={Weighted qmix: Expanding monotonic value function factorisation for deep multi-agent reinforcement learning},
  author={Rashid, Tabish and Farquhar, Gregory and Peng, Bei and Whiteson, Shimon},
  journal={Advances in neural information processing systems},
  volume={33},
  pages={10199--10210},
  year={2020}
}

@inproceedings{rashid_qmix_2018,
	title = {{QMIX}: {Monotonic} {Value} {Function} {Factorisation} for {Deep} {Multi}-{Agent} {Reinforcement} {Learning}},
	booktitle = {Proceedings of the 35th {International} {Conference} on {Machine} {Learning}},
	publisher = {PMLR},
	author = {Rashid, Tabish and Samvelyan, Mikayel and Witt, Christian Schr√∂der de and Farquhar, Gregory and Foerster, Jakob N. and Whiteson, Shimon},
	year = {2018},
	pages = {4292--4301}
}

@article{shen2022resq,
  title={ResQ: A Residual Q Function-based Approach for Multi-Agent Reinforcement Learning Value Factorization},
  author={Shen, Siqi and Qiu, Mengwei and Liu, Jun and Liu, Weiquan and Fu, Yongquan and Liu, Xinwang and Wang, Cheng},
  journal={Advances in Neural Information Processing Systems},
  volume={35},
  pages={5471--5483},
  year={2022}
}

@inproceedings{son2019qtran,
  title={Qtran: Learning to factorize with transformation for cooperative multi-agent reinforcement learning},
  author={Son, Kyunghwan and Kim, Daewoo and Kang, Wan Ju and Hostallero, David Earl and Yi, Yung},
  booktitle={International conference on machine learning},
  pages={5887--5896},
  year={2019},
  organization={PMLR}
}

@article{son2020qtran++,
  title={QTRAN++: improved value transformation for cooperative multi-agent reinforcement learning},
  author={Son, Kyunghwan and Ahn, Sungsoo and Reyes, Roben Delos and Shin, Jinwoo and Yi, Yung},
  journal={arXiv preprint arXiv:2006.12010},
  year={2020}
}

@article{sunehag2017value,
  title={Value-decomposition networks for cooperative multi-agent learning},
  author={Sunehag, Peter and Lever, Guy and Gruslys, Audrunas and Czarnecki, Wojciech Marian and Zambaldi, Vinicius and Jaderberg, Max and Lanctot, Marc and Sonnerat, Nicolas and Leibo, Joel Z and Tuyls, Karl and others},
  journal={arXiv preprint arXiv:1706.05296},
  year={2017}
}

@inproceedings{wang2021qplex,
title={{\{}QPLEX{\}}: Duplex Dueling Multi-Agent Q-Learning},
author={Jianhao Wang and Zhizhou Ren and Terry Liu and Yang Yu and Chongjie Zhang},
booktitle={International Conference on Learning Representations},
year={2021},
url={https://openreview.net/forum?id=Rcmk0xxIQV}
}

@article{wei2022vgn,
  title={Vgn: Value decomposition with graph attention networks for multiagent reinforcement learning},
  author={Wei, Qinglai and Li, Yugu and Zhang, Jie and Wang, Fei-Yue},
  journal={IEEE Transactions on Neural Networks and Learning Systems},
  year={2022},
  publisher={IEEE}
}

@inproceedings{xu2023haven,
  title={Haven: Hierarchical cooperative multi-agent reinforcement learning with dual coordination mechanism},
  author={Xu, Zhiwei and Bai, Yunpeng and Zhang, Bin and Li, Dapeng and Fan, Guoliang},
  booktitle={Proceedings of the AAAI Conference on Artificial Intelligence},
  volume={37},
  number={10},
  pages={11735--11743},
  year={2023}
}

@article{yang2020qatten,
  title={Qatten: A general framework for cooperative multiagent reinforcement learning},
  author={Yang, Yaodong and Hao, Jianye and Liao, Ben and Shao, Kun and Chen, Guangyong and Liu, Wulong and Tang, Hongyao},
  journal={arXiv preprint arXiv:2002.03939},
  year={2020}
}

@inproceedings{zohar2022locality,
  title={Locality matters: A scalable value decomposition approach for cooperative multi-agent reinforcement learning},
  author={Zohar, Roy and Mannor, Shie and Tennenholtz, Guy},
  booktitle={Proceedings of the AAAI Conference on Artificial Intelligence},
  volume={36},
  number={8},
  pages={9278--9285},
  year={2022}
}

