@article{vivone10new,
  title={A new benchmark based on recent advances in multispectral pansharpening},
  author={Vivone, GEMINE and Mura, MD and Garzelli, ANDREA and Restaino, ROCCO and Scarpa, GIUSEPPE and Ulfarsson, MAGNUS O and Alparone, LUCIANO and Chanussot, JOCELYN},
  journal={IEEE Geoscience and Remote Sensing Magazine},
  volume={10}
}

@article{vivone2023multispectral,
  title={Multispectral and hyperspectral image fusion in remote sensing: A survey},
  author={Vivone, Gemine},
  journal={Information Fusion},
  volume={89},
  pages={405-417},
  year={2023}
}

@article{li2022deep,
  title={Deep learning in multimodal remote sensing data fusion: A comprehensive review},
  author={Li, Jiaxin and Hong, Danfeng and Gao, Lianru and Yao, Jing and Zheng, Ke and Zhang, Bing and Chanussot, Jocelyn},
  journal={International Journal of Applied Earth Observation and Geoinformation},
  volume={112},
  pages={102926},
  year={2022}
}

@article{han2024gretnet,
  title={GRetNet: Gaussian Retentive Network for Hyperspectral Image Classification},
  author={Han, Zhu and Xu, Shuyi and Gao, Lianru and Li, Zhi and Zhang, Bing},
  journal={IEEE Geoscience and Remote Sensing Letters},
  year={2024}
}


 @article{Xing_Zhang_He_Zhang_Zhang_2023,  
 title={Pansharpening via Frequency-Aware Fusion Network with Explicit Similarity Constraints}, 
 journal={IEEE Transactions on Geoscience and Remote Sensing}, 
 author={Xing, Yinghui and Zhang, Yan and He, Houjun and Zhang, Xiuwei and Zhang, Yanning},  
 month={Jan}, 
 pages={1–1},
 year={2023}
 }

@article{Cheng_Han_2016,  
 title={A survey on object detection in optical remote sensing images}, 
 journal={ISPRS Journal of Photogrammetry and Remote Sensing}, 
 author={Cheng, Gong and Han, Junwei}, 
 month={Jul}, 
 pages={11–28},
 year={2016}
 }


 @article{Asokan_Anitha_2019,  
 title={Change detection techniques for remote sensing applications: a survey}, 
 journal={Earth Science Informatics}, 
 author={Asokan, Anju and Anitha, J.}, 
 month={Jun}, 
 pages={143–160},
 year={2019}
 }

@inproceedings{Wu_Huang_Deng_Zhang_2022,  
 title={Dynamic Cross Feature Fusion for Remote Sensing Pansharpening}, 
 booktitle={2021 IEEE/CVF International Conference on Computer Vision (ICCV)}, 
 author={Wu, Xiao and Huang, Ting-Zhu and Deng, Liang-Jian and Zhang, Tian-Jing}, 
 year={2022}, 
 month={Mar}
 }

@article{cai2020super,
  title={Super-resolution-guided progressive pansharpening based on a deep convolutional neural network},
  author={Cai, Jiajun and Huang, Bo},
  journal={IEEE Transactions on Geoscience and Remote Sensing},
  volume={59},
  number={6},
  pages={5206--5220},
  year={2020}
}

@article{Aiazzi_Baronti_Selva_2007,  
 title={Improving Component Substitution Pansharpening Through Multivariate Regression of MS $+$Pan Data},  
 journal={IEEE Transactions on Geoscience and Remote Sensing}, 
 author={Aiazzi, B. and Baronti, S. and Selva, M.}, 
 year={2007}, 
 month={Oct}, 
 pages={3230–3239}
 }


@article{Yokoya_Yairi_Iwasaki_2012,  
 title={Coupled Nonnegative Matrix Factorization Unmixing for Hyperspectral and Multispectral Data Fusion},
 journal={IEEE Transactions on Geoscience and Remote Sensing}, 
 author={Yokoya, Naoto and Yairi, Takehisa and Iwasaki, Akira}, 
 pages={528–537},
 year={2012}, 
 month={Feb}
 }


 @article{Ghahremani_Ghassemian_2016,  
 title={A Compressed-Sensing-Based Pan-Sharpening Method for Spectral Distortion Reduction}, 
 journal={IEEE Transactions on Geoscience and Remote Sensing}, 
 author={Ghahremani, Morteza and Ghassemian, Hassan}, 
 pages={2194–2206},
 year={2016}, 
 month={Apr}
 }


@inproceedings{bandara2022hypertransformer,
  title={HyperTransformer: A textural and spectral feature fusion transformer for pansharpening},
  author={Bandara, Wele Gedara Chaminda and Patel, Vishal M},
  booktitle={Proceedings of the IEEE/CVF conference on computer vision and pattern recognition},
  pages={1767--1777},
  year={2022}
}


@article{han2022vision,
  title={Vision gnn: An image is worth graph of nodes},
  author={Han, Kai and Wang, Yunhe and Guo, Jianyuan and Tang, Yehui and Wu, Enhua},
  journal={Advances in neural information processing systems},
  volume={35},
  pages={8291--8303},
  year={2022}
}


@article{yan2022pansharpening,
  title={When pansharpening meets graph convolution network and knowledge distillation},
  author={Yan, Keyu and Zhou, Man and Liu, Liu and Xie, Chengjun and Hong, Danfeng},
  journal={IEEE Transactions on Geoscience and Remote Sensing},
  volume={60},
  pages={1--15},
  year={2022}
}

@inproceedings{duan2024content,
  title={Content-Adaptive Non-Local Convolution for Remote Sensing Pansharpening},
  author={Duan, Yule and Wu, Xiao and Deng, Haoyu and Deng, Liang-Jian},
  booktitle={Proceedings of the IEEE/CVF Conference on Computer Vision and Pattern Recognition},
  pages={27738--27747},
  year={2024}
}

@inproceedings{yang2017pannet,
  title={PanNet: A deep network architecture for pan-sharpening},
  author={Yang, Junfeng and Fu, Xueyang and Hu, Yuwen and Huang, Yue and Ding, Xinghao and Paisley, John},
  booktitle={Proceedings of the IEEE international conference on computer vision},
  pages={5449--5457},
  year={2017}
}


@inproceedings{zhou2022panformer,
  title={Panformer: A transformer based model for pan-sharpening},
  author={Zhou, Huanyu and Liu, Qingjie and Wang, Yunhong},
  booktitle={2022 IEEE International Conference on Multimedia and Expo (ICME)},
  pages={1--6},
  year={2022}
}

@inproceedings{zhao2019semantic,
  title={Semantic graph convolutional networks for 3d human pose regression},
  author={Zhao, Long and Peng, Xi and Tian, Yu and Kapadia, Mubbasir and Metaxas, Dimitris N},
  booktitle={Proceedings of the IEEE/CVF conference on computer vision and pattern recognition},
  pages={3425--3435},
  year={2019}
}

@inproceedings{li2020spatial,
  title={Spatial pyramid based graph reasoning for semantic segmentation},
  author={Li, Xia and Yang, Yibo and Zhao, Qijie and Shen, Tiancheng and Lin, Zhouchen and Liu, Hong},
  booktitle={Proceedings of the IEEE/CVF conference on computer vision and pattern recognition},
  pages={8950--8959},
  year={2020}
}

@inproceedings{qi20173d,
  title={3d graph neural networks for rgbd semantic segmentation},
  author={Qi, Xiaojuan and Liao, Renjie and Jia, Jiaya and Fidler, Sanja and Urtasun, Raquel},
  booktitle={Proceedings of the IEEE international conference on computer vision},
  pages={5199--5208},
  year={2017}
}

@inproceedings{wadhwa2021hyperrealistic,
  title={Hyperrealistic image inpainting with hypergraphs},
  author={Wadhwa, Gourav and Dhall, Abhinav and Murala, Subrahmanyam and Tariq, Usman},
  booktitle={Proceedings of the IEEE/CVF winter conference on applications of computer vision},
  pages={3912--3921},
  year={2021}
}

@inproceedings{fu2021rain,
  title={Rain streak removal via dual graph convolutional network},
  author={Fu, Xueyang and Qi, Qi and Zha, Zheng-Jun and Zhu, Yurui and Ding, Xinghao},
  booktitle={Proceedings of the AAAI Conference on Artificial Intelligence},
  volume={35},
  number={2},
  pages={1352--1360},
  year={2021}
}

@inproceedings{valsesia2019image,
  title={Image denoising with graph-convolutional neural networks},
  author={Valsesia, Diego and Fracastoro, Giulia and Magli, Enrico},
  booktitle={2019 IEEE international conference on image processing (ICIP)},
  pages={2399--2403},
  year={2019},
  organization={IEEE}
}

@article{zhang2019dual,
  title={Dual graph convolutional network for semantic segmentation},
  author={Zhang, Li and Li, Xiangtai and Arnab, Anurag and Yang, Kuiyuan and Tong, Yunhai and Torr, Philip HS},
  journal={arXiv preprint arXiv:1909.06121},
  year={2019}
}

@inproceedings{bandara2022spin,
  title={Spin road mapper: Extracting roads from aerial images via spatial and interaction space graph reasoning for autonomous driving},
  author={Bandara, Wele Gedara Chaminda and Valanarasu, Jeya Maria Jose and Patel, Vishal M},
  booktitle={2022 International Conference on Robotics and Automation (ICRA)},
  pages={343--350},
  year={2022},
  organization={IEEE}
}

@article{qin2018spectral,
  title={Spectral--spatial graph convolutional networks for semisupervised hyperspectral image classification},
  author={Qin, Anyong and Shang, Zhaowei and Tian, Jinyu and Wang, Yulong and Zhang, Taiping and Tang, Yuan Yan},
  journal={IEEE Geoscience and Remote Sensing Letters},
  volume={16},
  number={2},
  pages={241--245},
  year={2018},
  publisher={IEEE}
}

@article{wan2019multiscale,
  title={Multiscale dynamic graph convolutional network for hyperspectral image classification},
  author={Wan, Sheng and Gong, Chen and Zhong, Ping and Du, Bo and Zhang, Lefei and Yang, Jian},
  journal={IEEE Transactions on Geoscience and Remote Sensing},
  volume={58},
  number={5},
  pages={3162--3177},
  year={2019},
  publisher={IEEE}
}

@article{hong2020graph,
  title={Graph convolutional networks for hyperspectral image classification},
  author={Hong, Danfeng and Gao, Lianru and Yao, Jing and Zhang, Bing and Plaza, Antonio and Chanussot, Jocelyn},
  journal={IEEE Transactions on Geoscience and Remote Sensing},
  volume={59},
  number={7},
  pages={5966--5978},
  year={2020},
  publisher={IEEE}
}

@article{kang2020graph,
  title={Graph relation network: Modeling relations between scenes for multilabel remote-sensing image classification and retrieval},
  author={Kang, Jian and Fernandez-Beltran, Ruben and Hong, Danfeng and Chanussot, Jocelyn and Plaza, Antonio},
  journal={IEEE Transactions on Geoscience and Remote Sensing},
  volume={59},
  number={5},
  pages={4355--4369},
  year={2020},
  publisher={IEEE}
}

@INPROCEEDINGS{9484014,
  author={Hong, Danfeng and Gao, Lianru and Wu, Xin and Yao, Jing and Zhang, Bing},
  booktitle={2021 11th Workshop on Hyperspectral Imaging and Signal Processing: Evolution in Remote Sensing (WHISPERS)}, 
  title={Revisiting Graph Convolutional Networks with Mini-Batch Sampling for Hyperspectral Image Classification}, 
  pages={1-5},
  year={2021}}

@article{bresson2017residual,
  title={Residual gated graph convnets},
  author={Bresson, Xavier and Laurent, Thomas},
  journal={arXiv preprint arXiv:1711.07553},
  year={2017}
}
@inproceedings{zhou2022mutual,
  title={Mutual information-driven pan-sharpening},
  author={Zhou, Man and Yan, Keyu and Huang, Jie and Yang, Zihe and Fu, Xueyang and Zhao, Feng},
  booktitle={Proceedings of the IEEE/CVF Conference on Computer Vision and Pattern Recognition},
  pages={1798--1808},
  year={2022}
}

@article{yun2019graph,
  title={Graph transformer networks},
  author={Yun, Seongjun and Jeong, Minbyul and Kim, Raehyun and Kang, Jaewoo and Kim, Hyunwoo J},
  journal={Advances in neural information processing systems},
  volume={32},
  year={2019}
}

@inproceedings{ma2021heterogeneous,
  title={Heterogeneous graph gated attention network},
  author={Ma, Shuai and Liu, Jian-Wei and Zuo, Xin and Li, Wei-Min},
  booktitle={2021 International Joint Conference on Neural Networks (IJCNN)},
  pages={1--6},
  year={2021},
}

@article{shi2016survey,
  title={A survey of heterogeneous information network analysis},
  author={Shi, Chuan and Li, Yitong and Zhang, Jiawei and Sun, Yizhou and Philip, S Yu},
  journal={IEEE Transactions on Knowledge and Data Engineering},
  volume={29},
  number={1},
  pages={17--37},
  year={2016},
  publisher={IEEE}
}

@inproceedings{wang2019heterogeneous,
  title={Heterogeneous graph attention network},
  author={Wang, Xiao and Ji, Houye and Shi, Chuan and Wang, Bai and Ye, Yanfang and Cui, Peng and Yu, Philip S},
  booktitle={The world wide web conference},
  pages={2022--2032},
  year={2019}
}

@inproceedings{ma2024crocfun,
  title={CROCFUN: Cross-Modal Conditional Fusion Network for Pansharpening},
  author={Ma, Mengting and Hu, Chenlu and Zhang, Huanting and Ma, Xiaowen and Feng, Tian and Zhang, Wei},
  booktitle={ICASSP 2024-2024 IEEE International Conference on Acoustics, Speech and Signal Processing (ICASSP)},
  pages={3095--3099},
  year={2024}
}


@article{wald1997fusion,
  title={Fusion of satellite images of different spatial resolutions: Assessing the quality of resulting images},
  author={Wald, Lucien and Ranchin, Thierry and Mangolini, Marc},
  journal={Photogrammetric engineering and remote sensing},
  volume={63},
  number={6},
  pages={691--699},
  year={1997}
}



@article{deng2022machine,
  title={Machine learning in pansharpening: A benchmark, from shallow to deep networks},
  author={Deng, Liang-Jian and Vivone, Gemine and Paoletti, Mercedes E and Scarpa, Giuseppe and He, Jiang and Zhang, Yongjun and Chanussot, Jocelyn and Plaza, Antonio},
  journal={IEEE Geoscience and Remote Sensing Magazine},
  volume={10},
  number={3},
  pages={279--315},
  year={2022}
}

% LGTEUN
@inproceedings{DBLP:conf/ijcai/LiLXHY23,
  author       = {Mingsong Li and
                  Yikun Liu and
                  Tao Xiao and
                  Yuwen Huang and
                  Gongping Yang},
  title        = {Local-Global Transformer Enhanced Unfolding Network for Pan-sharpening},
  booktitle    = {Proceedings of the Thirty-Second International Joint Conference on
                  Artificial Intelligence, {IJCAI} 2023, 19th-25th August 2023, Macao,
                  SAR, China},
  pages        = {1071--1079},
  publisher    = {ijcai.org},
  year         = {2023}

}

@article{yan2022panchromatic,
  title={Panchromatic and Multispectral Image Fusion via Alternating Reverse Filtering Network},
  author={Yan, Keyu and Zhou, Man and Huang, Jie and Zhao, Feng and Xie, Chengjun and Li, Chongyi and Hong, Danfeng},
  journal={Advances in Neural Information Processing Systems},
  volume={35},
  pages={21988--22002},
  year={2022}
}
% 传统方法 SFIM
@article{Liu_2002,  
 title={Smoothing Filter-based Intensity Modulation: A spectral preserve image fusion technique for improving spatial details},  
 journal={International Journal of Remote Sensing}, 
 author={Liu, J. G.}, 
 year={2002}, 
 month={Jul}, 
 pages={3461–3472}
 }

@unpublished{Sandhu_Patil_Pumphrey_Carter_2021,  
 title={Multi-Trait Machine and Deep Learning Models for Genomic Selection using Spectral Information in a Wheat Breeding Program},  
 author={Sandhu, Karansher S. and Patil, Shruti S. and Pumphrey, Michael O. and Carter, Arron H.}, 
 year={2021}, 
 month={Apr}
 }

@article{Gillespie_Kahle_Walker_2003,  
 title={Color enhancement of highly correlated images. II. Channel ratio and “chromaticity” transformation techniques}, 
 journal={Remote Sensing of Environment}, 
 author={Gillespie, Alan R and Kahle, Anne B and Walker, Richard E}, 
 year={2003}, 
 month={Aug}, 
 pages={343–365} 
 }

@inproceedings{zhou2022spatial,
  title={Spatial-frequency domain information integration for pan-sharpening},
  author={Zhou, Man and Huang, Jie and Yan, Keyu and Yu, Hu and Fu, Xueyang and Liu, Aiping and Wei, Xian and Zhao, Feng},
  booktitle={European Conference on Computer Vision},
  pages={274--291},
  year={2022}
}
% MSDDN
@article{he2023multi,
  title={Multi-scale dual-domain guidance network for pan-sharpening},
  author={He, Xuanhua and Yan, Keyu and Zhang, Jie and Li, Rui and Xie, Chengjun and Zhou, Man and Hong, Danfeng},
  journal={IEEE Transactions on Geoscience and Remote Sensing},
  year={2023}
}
@article{zhang2024pan,
  title={Pan-Sharpening With Wavelet-Enhanced High-Frequency Information},
  author={Zhang, Jie and He, Xuanhua and Yan, Keyu and Cao, Ke and Li, Rui and Xie, Chengjun and Zhou, Man and Hong, Danfeng},
  journal={IEEE Transactions on Geoscience and Remote Sensing},
  volume={62},
  pages={1--14},
  year={2024}
}

@inproceedings{yang2022memory,
  title={Memory-augmented deep conditional unfolding network for pan-sharpening},
  author={Yang, Gang and Zhou, Man and Yan, Keyu and Liu, Aiping and Fu, Xueyang and Wang, Fan},
  booktitle={Proceedings of the IEEE/CVF conference on computer vision and pattern recognition},
  pages={1788--1797},
  year={2022}
}

@inproceedings{DBLP:conf/aaai/HeYLX0Z24,  
 title={Frequency-Adaptive Pan-Sharpening with Mixture of Experts}, 
 booktitle={2024 Conference on Innovative Applications of Artificial Intelligence (AAAI)}, 
 author={Xuanhua, He and Keyu, Yan and Rui, Li and Chengjun, Xie and Jie, Zhang and Man, Zhou}, 
 year={2024}
 }

@inproceedings{DBLP:conf/cvpr/TanHZZYHZ24,
  author       = {Jiangtong Tan and
                  Jie Huang and
                  Naishan Zheng and
                  Man Zhou and
                  Keyu Yan and
                  Danfeng Hong and
                  Feng Zhao},
  title        = {Revisiting Spatial-Frequency Information Integration from a Hierarchical
                  Perspective for Panchromatic and Multi-Spectral Image Fusion},
  booktitle    = {{IEEE/CVF} Conference on Computer Vision and Pattern Recognition,
                  {CVPR} 2024, Seattle, WA, USA, June 16-22, 2024},
  pages        = {25922--25931},
  year         = {2024}
}

@article{Yang_Cao_Xiao_Zhou_Liu_chen_Meng_2023,  
 title={PanFlowNet: A Flow-Based Deep Network for Pan-sharpening}, 
 author={Yang, Gang and Cao, Xiangyong and Xiao, Wenzhe and Zhou, Man and Liu, Aiping and chen, Xun and Meng, Deyu}, 
 year={2023}, 
 month={May}
 }


 @article{Zhou_Civco_Silander_1998,  
 title={A wavelet transform method to merge Landsat TM and SPOT panchromatic data},  
 journal={International Journal of Remote Sensing}, 
 author={Zhou, J. and Civco, D. L. and Silander, J. A.}, 
 pages={743–757},
 year={1998}, 
 month={Jan}
 }

@article{alparone2008multispectral,
  title={Multispectral and panchromatic data fusion assessment without reference},
  author={Alparone, Luciano and Aiazzi, Bruno and Baronti, Stefano and Garzelli, Andrea and Nencini, Filippo and Selva, Massimo},
  journal={Photogrammetric Engineering \& Remote Sensing},
  volume={74},
  number={2},
  pages={193--200},
  year={2008}
}
@inproceedings{zhou2022pan,
  title={Pan-sharpening with customized transformer and invertible neural network},
  author={Zhou, Man and Huang, Jie and Fang, Yanchi and Fu, Xueyang and Liu, Aiping},
  booktitle={Proceedings of the AAAI conference on artificial intelligence},
  volume={36},
  number={3},
  pages={3553--3561},
  year={2022}
}

@article{carper1990use,
  title={The use of intensity-hue-saturation transformations for merging SPOT panchromatic and multispectral image data},
  author={Carper, Wjoseph and Lillesand, Thomasm and Kiefer, Ralphw and others},
  journal={Photogrammetric Engineering and remote sensing},
  volume={56},
  number={4},
  pages={459--467},
  year={1990}
}

@article{khan2008indusion,
  title={Indusion: Fusion of multispectral and panchromatic images using the induction scaling technique},
  author={Khan, Muhammad Murtaza and Chanussot, Jocelyn and Condat, Laurent and Montanvert, Annick},
  journal={IEEE Geoscience and Remote Sensing Letters},
  volume={5},
  number={1},
  pages={98--102},
  year={2008}
}

@article{deng2019fusion,
  title={The fusion of panchromatic and multispectral remote sensing images via tensor-based sparse modeling and hyper-Laplacian prior},
  author={Deng, Liang-Jian and Feng, Minyu and Tai, Xue-Cheng},
  journal={Information Fusion},
  volume={52},
  pages={76--89},
  year={2019}
}

@inproceedings{yu2022multiplex,
  title={Multiplex heterogeneous graph convolutional network},
  author={Yu, Pengyang and Fu, Chaofan and Yu, Yanwei and Huang, Chao and Zhao, Zhongying and Dong, Junyu},
  booktitle={Proceedings of the 28th ACM SIGKDD Conference on Knowledge Discovery and Data Mining},
  pages={2377--2387},
  year={2022}
}

@inproceedings{hou2023bidomain,
  title={Bidomain modeling paradigm for pansharpening},
  author={Hou, Junming and Cao, Qi and Ran, Ran and Liu, Che and Li, Junling and Deng, Liang-jian},
  booktitle={Proceedings of the 31st ACM International Conference on Multimedia},
  pages={347--357},
  year={2023}
}

@inproceedings{DBLP:conf/www/0004ZMK20,
  author       = {Xinyu Fu and
                  Jiani Zhang and
                  Ziqiao Meng and
                  Irwin King},
  editor       = {Yennun Huang and
                  Irwin King and
                  Tie{-}Yan Liu and
                  Maarten van Steen},
  title        = {{MAGNN:} Metapath Aggregated Graph Neural Network for Heterogeneous
                  Graph Embedding},
  booktitle    = {{WWW} '20: The Web Conference 2020, Taipei, Taiwan, April 20-24, 2020},
  pages        = {2331--2341},
  publisher    = {{ACM} / {IW3C2}},
  year         = {2020}
}


@inproceedings{DBLP:conf/kdd/YuFYHZD22,
  author       = {Pengyang Yu and
                  Chaofan Fu and
                  Yanwei Yu and
                  Chao Huang and
                  Zhongying Zhao and
                  Junyu Dong},
  editor       = {Aidong Zhang and
                  Huzefa Rangwala},
  title        = {Multiplex Heterogeneous Graph Convolutional Network},
  booktitle    = {{KDD} '22: The 28th {ACM} {SIGKDD} Conference on Knowledge Discovery
                  and Data Mining, Washington, DC, USA, August 14 - 18, 2022},
  pages        = {2377--2387},
  publisher    = {{ACM}},
  year         = {2022}
}


