@INPROCEEDINGS{9484014,
  author={Hong, Danfeng and Gao, Lianru and Wu, Xin and Yao, Jing and Zhang, Bing},
  booktitle={2021 11th Workshop on Hyperspectral Imaging and Signal Processing: Evolution in Remote Sensing (WHISPERS)}, 
  title={Revisiting Graph Convolutional Networks with Mini-Batch Sampling for Hyperspectral Image Classification}, 
  pages={1-5},
  year={2021}}

@inproceedings{Wu_Huang_Deng_Zhang_2022,  
 title={Dynamic Cross Feature Fusion for Remote Sensing Pansharpening}, 
 booktitle={2021 IEEE/CVF International Conference on Computer Vision (ICCV)}, 
 author={Wu, Xiao and Huang, Ting-Zhu and Deng, Liang-Jian and Zhang, Tian-Jing}, 
 year={2022}, 
 month={Mar}
 }

@inproceedings{bandara2022hypertransformer,
  title={HyperTransformer: A textural and spectral feature fusion transformer for pansharpening},
  author={Bandara, Wele Gedara Chaminda and Patel, Vishal M},
  booktitle={Proceedings of the IEEE/CVF conference on computer vision and pattern recognition},
  pages={1767--1777},
  year={2022}
}

@inproceedings{bandara2022spin,
  title={Spin road mapper: Extracting roads from aerial images via spatial and interaction space graph reasoning for autonomous driving},
  author={Bandara, Wele Gedara Chaminda and Valanarasu, Jeya Maria Jose and Patel, Vishal M},
  booktitle={2022 International Conference on Robotics and Automation (ICRA)},
  pages={343--350},
  year={2022},
  organization={IEEE}
}

@article{cai2020super,
  title={Super-resolution-guided progressive pansharpening based on a deep convolutional neural network},
  author={Cai, Jiajun and Huang, Bo},
  journal={IEEE Transactions on Geoscience and Remote Sensing},
  volume={59},
  number={6},
  pages={5206--5220},
  year={2020}
}

@inproceedings{fu2021rain,
  title={Rain streak removal via dual graph convolutional network},
  author={Fu, Xueyang and Qi, Qi and Zha, Zheng-Jun and Zhu, Yurui and Ding, Xinghao},
  booktitle={Proceedings of the AAAI Conference on Artificial Intelligence},
  volume={35},
  number={2},
  pages={1352--1360},
  year={2021}
}

@article{hong2020graph,
  title={Graph convolutional networks for hyperspectral image classification},
  author={Hong, Danfeng and Gao, Lianru and Yao, Jing and Zhang, Bing and Plaza, Antonio and Chanussot, Jocelyn},
  journal={IEEE Transactions on Geoscience and Remote Sensing},
  volume={59},
  number={7},
  pages={5966--5978},
  year={2020},
  publisher={IEEE}
}

@article{kang2020graph,
  title={Graph relation network: Modeling relations between scenes for multilabel remote-sensing image classification and retrieval},
  author={Kang, Jian and Fernandez-Beltran, Ruben and Hong, Danfeng and Chanussot, Jocelyn and Plaza, Antonio},
  journal={IEEE Transactions on Geoscience and Remote Sensing},
  volume={59},
  number={5},
  pages={4355--4369},
  year={2020},
  publisher={IEEE}
}

@inproceedings{li2020spatial,
  title={Spatial pyramid based graph reasoning for semantic segmentation},
  author={Li, Xia and Yang, Yibo and Zhao, Qijie and Shen, Tiancheng and Lin, Zhouchen and Liu, Hong},
  booktitle={Proceedings of the IEEE/CVF conference on computer vision and pattern recognition},
  pages={8950--8959},
  year={2020}
}

@inproceedings{qi20173d,
  title={3d graph neural networks for rgbd semantic segmentation},
  author={Qi, Xiaojuan and Liao, Renjie and Jia, Jiaya and Fidler, Sanja and Urtasun, Raquel},
  booktitle={Proceedings of the IEEE international conference on computer vision},
  pages={5199--5208},
  year={2017}
}

@article{qin2018spectral,
  title={Spectral--spatial graph convolutional networks for semisupervised hyperspectral image classification},
  author={Qin, Anyong and Shang, Zhaowei and Tian, Jinyu and Wang, Yulong and Zhang, Taiping and Tang, Yuan Yan},
  journal={IEEE Geoscience and Remote Sensing Letters},
  volume={16},
  number={2},
  pages={241--245},
  year={2018},
  publisher={IEEE}
}

@inproceedings{valsesia2019image,
  title={Image denoising with graph-convolutional neural networks},
  author={Valsesia, Diego and Fracastoro, Giulia and Magli, Enrico},
  booktitle={2019 IEEE international conference on image processing (ICIP)},
  pages={2399--2403},
  year={2019},
  organization={IEEE}
}

@inproceedings{wadhwa2021hyperrealistic,
  title={Hyperrealistic image inpainting with hypergraphs},
  author={Wadhwa, Gourav and Dhall, Abhinav and Murala, Subrahmanyam and Tariq, Usman},
  booktitle={Proceedings of the IEEE/CVF winter conference on applications of computer vision},
  pages={3912--3921},
  year={2021}
}

@article{wan2019multiscale,
  title={Multiscale dynamic graph convolutional network for hyperspectral image classification},
  author={Wan, Sheng and Gong, Chen and Zhong, Ping and Du, Bo and Zhang, Lefei and Yang, Jian},
  journal={IEEE Transactions on Geoscience and Remote Sensing},
  volume={58},
  number={5},
  pages={3162--3177},
  year={2019},
  publisher={IEEE}
}

@article{yan2022pansharpening,
  title={When pansharpening meets graph convolution network and knowledge distillation},
  author={Yan, Keyu and Zhou, Man and Liu, Liu and Xie, Chengjun and Hong, Danfeng},
  journal={IEEE Transactions on Geoscience and Remote Sensing},
  volume={60},
  pages={1--15},
  year={2022}
}

@inproceedings{yang2017pannet,
  title={PanNet: A deep network architecture for pan-sharpening},
  author={Yang, Junfeng and Fu, Xueyang and Hu, Yuwen and Huang, Yue and Ding, Xinghao and Paisley, John},
  booktitle={Proceedings of the IEEE international conference on computer vision},
  pages={5449--5457},
  year={2017}
}

@article{zhang2019dual,
  title={Dual graph convolutional network for semantic segmentation},
  author={Zhang, Li and Li, Xiangtai and Arnab, Anurag and Yang, Kuiyuan and Tong, Yunhai and Torr, Philip HS},
  journal={arXiv preprint arXiv:1909.06121},
  year={2019}
}

@inproceedings{zhao2019semantic,
  title={Semantic graph convolutional networks for 3d human pose regression},
  author={Zhao, Long and Peng, Xi and Tian, Yu and Kapadia, Mubbasir and Metaxas, Dimitris N},
  booktitle={Proceedings of the IEEE/CVF conference on computer vision and pattern recognition},
  pages={3425--3435},
  year={2019}
}

@inproceedings{zhou2022panformer,
  title={Panformer: A transformer based model for pan-sharpening},
  author={Zhou, Huanyu and Liu, Qingjie and Wang, Yunhong},
  booktitle={2022 IEEE International Conference on Multimedia and Expo (ICME)},
  pages={1--6},
  year={2022}
}

