@inproceedings{14-wang2024can,
  title={Can ChatGPT Serve as a Multi-Criteria Decision Maker? A Novel Approach to Supplier Evaluation},
  author={Wang, Xihui and Wu, Xiaojun},
  booktitle={ICASSP 2024-2024 IEEE International Conference on Acoustics, Speech and Signal Processing (ICASSP)},
  pages={10281--10285},
  year={2024},
  organization={IEEE}
}

@article{30-li2024generation,
  title={From Generation to Judgment: Opportunities and Challenges of LLM-as-a-judge},
  author={Li, Dawei and Jiang, Bohan and Huang, Liangjie and Beigi, Alimohammad and Zhao, Chengshuai and Tan, Zhen and Bhattacharjee, Amrita and Jiang, Yuxuan and Chen, Canyu and Wu, Tianhao and others},
  journal={arXiv preprint arXiv:2411.16594},
  year={2024}
}

@article{31-svoboda2024enhancing,
  title={Enhancing Multi-Criteria Decision Analysis with AI: Integrating Analytic Hierarchy Process and GPT-4 for Automated Decision Support},
  author={Svoboda, Igor and Lande, Dmytro},
  journal={arXiv preprint arXiv:2402.07404},
  year={2024}
}

@article{32-dong2024can,
  title={Can LLM be a Personalized Judge?},
  author={Dong, Yijiang River and Hu, Tiancheng and Collier, Nigel},
  journal={arXiv preprint arXiv:2406.11657},
  year={2024}
}

@article{33-pasch2025llm,
  title={LLM Content Moderation and User Satisfaction: Evidence from Response Refusals in Chatbot Arena},
  author={Pasch, Stefan},
  journal={arXiv preprint arXiv:2501.03266},
  year={2025}
}

@article{34-bennie2025panda,
  title={PANDA--Paired Anti-hate Narratives Dataset from Asia: Using an LLM-as-a-Judge to Create the First Chinese Counterspeech Dataset},
  author={Bennie, Michael and Zhang, Demi and Xiao, Bushi and Cao, Jing and Liu, Chryseis Xinyi and Meng, Jian and Tripp, Alayo},
  journal={arXiv preprint arXiv:2501.00697},
  year={2025}
}

