@book{ abelson-et-al:scheme,
  author = "Harold Abelson and Gerald~Jay Sussman and Julie Sussman",
  title = "Structure and Interpretation of Computer Programs",
  publisher = "MIT Press",
  address = "Cambridge, Massachusetts",
  year = "1985"
}

@inproceedings{ bgf:Lixto,
  author = "Robert Baumgartner and Georg Gottlob and Sergio Flesca",
  title = "Visual Information Extraction with {Lixto}",
  booktitle = "Proceedings of the 27th International Conference on Very Large Databases",
  pages = "119--128",
  publisher = "Morgan Kaufmann",
  address = "Rome, Italy",
  month = "September",
  year = "2001"
}

@article{ brachman-schmolze:kl-one,
  author = "Ronald~J. Brachman and James~G. Schmolze",
  title = "An overview of the {KL-ONE} knowledge representation system",
  journal = "Cognitive Science",
  volume = "9",
  number = "2",
  pages = "171--216",
  month = "April--June",
  year = "1985"
}

@article{ gottlob:nonmon,
  author = "Georg Gottlob",
  title = "Complexity results for nonmonotonic logics",
  journal = "Journal of Logic and Computation",
  volume = "2",
  number = "3",
  pages = "397--425",
  month = "June",
  year = "1992"
}

@article{ gls:hypertrees,
  author = "Georg Gottlob and Nicola Leone and Francesco Scarcello",
  title = "Hypertree Decompositions and Tractable Queries",
  journal = "Journal of Computer and System Sciences",
  volume = "64",
  number = "3",
  pages = "579--627",
  month = "May",
  year = "2002"
}

@article{ levesque:functional-foundations,
  author = "Hector~J. Levesque",
  title = "Foundations of a functional approach to knowledge representation",
  journal = "Artificial Intelligence",
  volume = "23",
  number = "2",
  pages = "155--212",
  month = "July",
  year = "1984"
}

@inproceedings{ levesque:belief,
  author = "Hector~J. Levesque",
  title = "A logic of implicit and explicit belief",
  booktitle = "Proceedings of the Fourth National Conference on Artificial Intelligence",
  publisher = "American Association for Artificial Intelligence",
  pages = "198--202",
  address = "Austin, Texas",
  month = "August",
  year = "1984"
}

@article{ nebel:jair-2000,
  author = "Bernhard Nebel",
  title = "On the compilability and expressive power of propositional planning formalisms",
  journal = "Journal of Artificial Intelligence Research",
  volume = "12",
  pages = "271--315",
  year = "2000"
}

 @misc{proceedings,
  author = {{IJCAI Proceedings}},
  title = {{IJCAI} Camera Ready Submission},
  howpublished = {\url{https://proceedings.ijcai.org/info}},
}

@article{1-aruldoss2013survey,   title={A survey on multi criteria decision making methods and its applications},   author={Aruldoss, Martin and Lakshmi, T Miranda and Venkatesan, V Prasanna},   journal={American Journal of Information Systems},   volume={1},   number={1},   pages={31--43},   year={2013},   publisher={Citeseer} }  
@book{2-triantaphyllou2000multi,   title={Multi-criteria decision making methods},   author={Triantaphyllou, Evangelos and Triantaphyllou, Evangelos},   year={2000},   publisher={Springer} } 
@article{3-taherdoost2023multi,   title={Multi-criteria decision making (MCDM) methods and concepts},   author={Taherdoost, Hamed and Madanchian, Mitra},   journal={Encyclopedia},   volume={3},   number={1},   pages={77--87},   year={2023},   publisher={MDPI} }
@article{4-belay2022ahp,
  title={AHP based multi criteria decision analysis of success factors to enhance decision making in infrastructure construction projects},
  author={Belay, Solomon and Goedert, James and Woldesenbet, Asregedew and Rokooei, Saeed},
  journal={Cogent Engineering},
  volume={9},
  number={1},
  pages={2043996},
  year={2022},
  publisher={Taylor \& Francis}
}
@article{5-aliyev2020fuzzy,
  title={Fuzzy analytic hierarchy process-based multi-criteria decision making for universities ranking},
  author={Aliyev, Rashad and Temizkan, Hasan and Aliyev, Rafig},
  journal={Symmetry},
  volume={12},
  number={8},
  pages={1351},
  year={2020},
  publisher={MDPI}
}

@article{6-trung2021multi,
  title={A multi-criteria decision-making in turning process using the MAIRCA, EAMR, MARCOS and TOPSIS methods: A comparative study},
  author={Trung, D Duc and Thinh, HX},
  journal={Advances in Production Engineering \& Management},
  volume={16},
  number={4},
  pages={443--456},
  year={2021},
  publisher={University of Maribor, Faculty of Mechanical Engineering, Production~â€¦}
}

@article{7-bali2023commercial,
  title={Commercial-off-the shelf vendor selection: A multi-criteria decision-making approach using intuitionistic fuzzy sets and TOPSIS},
  author={Bali, Vikram and Bali, Shivani and Gaur, Dev and Rani, Sita and Kumar, Raman},
  journal={Operational research in engineering sciences: Theory and applications},
  volume={6},
  number={2},
  year={2023}
}

@article{8-masdari2021service,
  title={Service selection using fuzzy multi-criteria decision making: a comprehensive review},
  author={Masdari, Mohammad and Khezri, Hemn},
  journal={Journal of Ambient Intelligence and Humanized Computing},
  volume={12},
  number={2},
  pages={2803--2834},
  year={2021},
  publisher={Springer}
}

@article{9-vaid2022application,
  title={Application of multi-criteria decision-making theory with VIKOR-WASPAS-Entropy methods: A case study of silent Genset},
  author={Vaid, Sanjay Kumar and Vaid, Gopal and Kaur, Swapandeep and Kumar, Raman and Sidhu, Manpreet Singh},
  journal={Materials Today: Proceedings},
  volume={50},
  pages={2416--2423},
  year={2022},
  publisher={Elsevier}
}

@article{10-abdullah2023multi,
  title={Multi-criteria decision making for nuclear power plant selection using fuzzy AHP: Evidence from Indonesia},
  author={Abdullah, Ade Gafar and Shafii, Mohammad Ali and Pramuditya, Syeilendra and Setiadipura, Topan and Anzhar, Kurnia},
  journal={Energy and AI},
  volume={14},
  pages={100263},
  year={2023},
  publisher={Elsevier}
}
@article{11-afolayan2020performance,
  title={Performance analysis of fuzzy analytic hierarchy process multi-criteria decision support models for contractor selection},
  author={Afolayan, Abimbola H and Ojokoh, Bolanle A and Adetunmbi, Adebayo O},
  journal={Scientific African},
  volume={9},
  pages={e00471},
  year={2020},
  publisher={Elsevier}
}

@article{12-xu2023multi,
  title={Multi-criteria decision making for determining best teaching method using fuzzy analytical hierarchy process},
  author={Xu, Sheng-li and Yeyao, Tang and Shabaz, Mohammad},
  journal={Soft Computing},
  volume={27},
  number={6},
  pages={2795--2807},
  year={2023},
  publisher={Springer}
}

@article{13-ecer2022multi,
  title={Multi-criteria decision making for green supplier selection using interval type-2 fuzzy AHP: a case study of a home appliance manufacturer},
  author={Ecer, Fatih},
  journal={Operational Research},
  volume={22},
  number={1},
  pages={199--233},
  year={2022},
  publisher={Springer}
}
@inproceedings{14-wang2024can,
  title={Can ChatGPT Serve as a Multi-Criteria Decision Maker? A Novel Approach to Supplier Evaluation},
  author={Wang, Xihui and Wu, Xiaojun},
  booktitle={ICASSP 2024-2024 IEEE International Conference on Acoustics, Speech and Signal Processing (ICASSP)},
  pages={10281--10285},
  year={2024},
  organization={IEEE}
}

@article{15-wang2023chatgpt,
  title={Is chatgpt a good nlg evaluator? a preliminary study},
  author={Wang, Jiaan and Liang, Yunlong and Meng, Fandong and Sun, Zengkui and Shi, Haoxiang and Li, Zhixu and Xu, Jinan and Qu, Jianfeng and Zhou, Jie},
  journal={arXiv preprint arXiv:2303.04048},
  year={2023}
}

@article{16-zhao2024llama,
  title={Llama beyond english: An empirical study on language capability transfer},
  author={Zhao, Jun and Zhang, Zhihao and Gao, Luhui and Zhang, Qi and Gui, Tao and Huang, Xuanjing},
  journal={arXiv preprint arXiv:2401.01055},
  year={2024}
}

@article{17-bai2023qwen,
  title={Qwen technical report},
  author={Bai, Jinze and Bai, Shuai and Chu, Yunfei and Cui, Zeyu and Dang, Kai and Deng, Xiaodong and Fan, Yang and Ge, Wenbin and Han, Yu and Huang, Fei and others},
  journal={arXiv preprint arXiv:2309.16609},
  year={2023}
}

@article{18-glm2024chatglm,
  title={Chatglm: A family of large language models from glm-130b to glm-4 all tools},
  author={GLM, Team and Zeng, Aohan and Xu, Bin and Wang, Bowen and Zhang, Chenhui and Yin, Da and Zhang, Dan and Rojas, Diego and Feng, Guanyu and Zhao, Hanlin and others},
  journal={arXiv preprint arXiv:2406.12793},
  year={2024}
}

@article{19-yang2023baichuan,
  title={Baichuan 2: Open large-scale language models},
  author={Yang, Aiyuan and Xiao, Bin and Wang, Bingning and Zhang, Borong and Bian, Ce and Yin, Chao and Lv, Chenxu and Pan, Da and Wang, Dian and Yan, Dong and others},
  journal={arXiv preprint arXiv:2309.10305},
  year={2023}
}

@article{20-hu2021lora,
  title={Lora: Low-rank adaptation of large language models},
  author={Hu, Edward J and Shen, Yelong and Wallis, Phillip and Allen-Zhu, Zeyuan and Li, Yuanzhi and Wang, Shean and Wang, Lu and Chen, Weizhu},
  journal={arXiv preprint arXiv:2106.09685},
  year={2021}
}

@article{21-wang2023huatuo,
  title={Huatuo: Tuning llama model with chinese medical knowledge},
  author={Wang, Haochun and Liu, Chi and Xi, Nuwa and Qiang, Zewen and Zhao, Sendong and Qin, Bing and Liu, Ting},
  journal={arXiv preprint arXiv:2304.06975},
  year={2023}
}

@article{22-zheng2024fine,
  title={Fine-tuning Large Language Models for Domain-specific Machine Translation},
  author={Zheng, Jiawei and Hong, Hanghai and Wang, Xiaoli and Su, Jingsong and Liang, Yonggui and Wu, Shikai},
  journal={arXiv preprint arXiv:2402.15061},
  year={2024}
}

@article{23-han2024parameter,
  title={Parameter-efficient fine-tuning for large models: A comprehensive survey},
  author={Han, Zeyu and Gao, Chao and Liu, Jinyang and Zhang, Jeff and Zhang, Sai Qian},
  journal={arXiv preprint arXiv:2403.14608},
  year={2024}
}

@article{24-han2024parameter,
  title={Parameter-efficient fine-tuning for large models: A comprehensive survey},
  author={Han, Zeyu and Gao, Chao and Liu, Jinyang and Zhang, Jeff and Zhang, Sai Qian},
  journal={arXiv preprint arXiv:2403.14608},
  year={2024}
}

@article{25-touvron2023llama,
  title={Llama: Open and efficient foundation language models},
  author={Touvron, Hugo and Lavril, Thibaut and Izacard, Gautier and Martinet, Xavier and Lachaux, Marie-Anne and Lacroix, Timoth{\'e}e and Rozi{\`e}re, Baptiste and Goyal, Naman and Hambro, Eric and Azhar, Faisal and others},
  journal={arXiv preprint arXiv:2302.13971},
  year={2023}
}

@article{26-yang2024qwen2,
  title={Qwen2 technical report},
  author={Yang, An and Yang, Baosong and Hui, Binyuan and Zheng, Bo and Yu, Bowen and Zhou, Chang and Li, Chengpeng and Li, Chengyuan and Liu, Dayiheng and Huang, Fei and others},
  journal={arXiv preprint arXiv:2407.10671},
  year={2024}
}

@article{27-glm2024chatglm,
  title={Chatglm: A family of large language models from glm-130b to glm-4 all tools},
  author={GLM, Team and Zeng, Aohan and Xu, Bin and Wang, Bowen and Zhang, Chenhui and Yin, Da and Zhang, Dan and Rojas, Diego and Feng, Guanyu and Zhao, Hanlin and others},
  journal={arXiv preprint arXiv:2406.12793},
  year={2024}
}

@inproceedings{28-liu2024logprompt,
  title={Logprompt: Prompt engineering towards zero-shot and interpretable log analysis},
  author={Liu, Yilun and Tao, Shimin and Meng, Weibin and Yao, Feiyu and Zhao, Xiaofeng and Yang, Hao},
  booktitle={Proceedings of the 2024 IEEE/ACM 46th International Conference on Software Engineering: Companion Proceedings},
  pages={364--365},
  year={2024}
}

@article{29-wei2022chain,
  title={Chain-of-thought prompting elicits reasoning in large language models},
  author={Wei, Jason and Wang, Xuezhi and Schuurmans, Dale and Bosma, Maarten and Xia, Fei and Chi, Ed and Le, Quoc V and Zhou, Denny and others},
  journal={Advances in neural information processing systems},
  volume={35},
  pages={24824--24837},
  year={2022}
}

@article{30-li2024generation,
  title={From Generation to Judgment: Opportunities and Challenges of LLM-as-a-judge},
  author={Li, Dawei and Jiang, Bohan and Huang, Liangjie and Beigi, Alimohammad and Zhao, Chengshuai and Tan, Zhen and Bhattacharjee, Amrita and Jiang, Yuxuan and Chen, Canyu and Wu, Tianhao and others},
  journal={arXiv preprint arXiv:2411.16594},
  year={2024}
}

@article{31-svoboda2024enhancing,
  title={Enhancing Multi-Criteria Decision Analysis with AI: Integrating Analytic Hierarchy Process and GPT-4 for Automated Decision Support},
  author={Svoboda, Igor and Lande, Dmytro},
  journal={arXiv preprint arXiv:2402.07404},
  year={2024}
}

@article{32-dong2024can,
  title={Can LLM be a Personalized Judge?},
  author={Dong, Yijiang River and Hu, Tiancheng and Collier, Nigel},
  journal={arXiv preprint arXiv:2406.11657},
  year={2024}
}

@article{33-pasch2025llm,
  title={LLM Content Moderation and User Satisfaction: Evidence from Response Refusals in Chatbot Arena},
  author={Pasch, Stefan},
  journal={arXiv preprint arXiv:2501.03266},
  year={2025}
}

@article{34-bennie2025panda,
  title={PANDA--Paired Anti-hate Narratives Dataset from Asia: Using an LLM-as-a-Judge to Create the First Chinese Counterspeech Dataset},
  author={Bennie, Michael and Zhang, Demi and Xiao, Bushi and Cao, Jing and Liu, Chryseis Xinyi and Meng, Jian and Tripp, Alayo},
  journal={arXiv preprint arXiv:2501.00697},
  year={2025}
}