@misc{Ansys_comp,
  title={{Ansys Indy Autonomous Challenge Simulation Race}},
  url={https://www.ansys.com/it-it/experiences/iacrace},
  year = {2021},
 howpublished = {Online}
}

@ARTICLE{Li_2024_tiv,
  author={Li, Yueyuan and Yuan, Wei and Zhang, Songan and Yan, Weihao and Shen, Qiyuan and Wang, Chunxiang and Yang, Ming},
  journal={Transactions on Intelligent Vehicles}, 
  title={Choose Your Simulator Wisely: A Review on Open-Source Simulators for Autonomous Driving}, 
  year={2024},
  volume={9},
  number={5},
  pages={4861-4876}}

@InProceedings{Sun_2020_CVPR,
author = {Sun, Pei and Kretzschmar, Henrik and Dotiwalla, Xerxes and Chouard, Aurelien and Patnaik, Vijaysai and Tsui, Paul and Guo, James and Zhou, Yin and Chai, Yuning and Caine, Benjamin and others},
title = {{Scalability in Perception for Autonomous Driving: Waymo Open Dataset}},
booktitle = {CVPR},
year = {2020}
}

@misc{TPCAP_comp,
  title={{TPCAP: Trajectory Planning Competition for Automated Parking}},
  author={Bai Li and Xiao Wang and Shen Li and Li Li and Fei-Yue Wang},
  url={https://www.tpcap.net/\#/},
  year = {2022},
 howpublished = {Online}
}

@INPROCEEDINGS{Wilson_Argoverse2,
  author = {Benjamin Wilson and William Qi and Tanmay Agarwal and John Lambert and Jagjeet Singh and Siddhesh Khandelwal and Bowen Pan and Ratnesh Kumar and Andrew Hartnett and Jhony Kaesemodel Pontes and Deva Ramanan and Peter Carr and James Hays},
  title = {Argoverse 2: Next Generation Datasets for Self-driving Perception and Forecasting},
  booktitle = {NeurIPS},
  year = {2021}
}

@inproceedings{althoff2017commonroad,
  title={{CommonRoad: Composable Benchmarks for Motion Planning on Roads}},
  author={Althoff, Matthias and Koschi, Markus and Manzinger, Stefanie},
  booktitle={IV},
  year={2017}
}

@inproceedings{amini2022vista,
  title={Vista 2.0: An open, data-driven simulator for multimodal sensing and policy learning for autonomous vehicles},
  author={Amini, Alexander and Wang, Tsun-Hsuan and Gilitschenski, Igor and Schwarting, Wilko and Liu, Zhijian and Han, Song and Karaman, Sertac and Rus, Daniela},
  booktitle={ICRA},
  year={2022}
}

@inproceedings{caesar2020nuscenes,
  title={{nuScenes: A Multimodal Dataset for Autonomous Driving}},
  author={Caesar, Holger and Bankiti, Varun and Lang, Alex H and Vora, Sourabh and Liong, Venice Erin and Xu, Qiang and Krishnan, Anush and Pan, Yu and Baldan, Giancarlo and Beijbom, Oscar},
  booktitle={CVPR},
  year={2020}
}

@article{caesar2021nuplan,
  title={nuplan: A closed-loop ml-based planning benchmark for autonomous vehicles},
  author={Caesar, Holger and Kabzan, Juraj and Tan, Kok Seang and Fong, Whye Kit and Wolff, Eric and Lang, Alex and Fletcher, Luke and Beijbom, Oscar and Omari, Sammy},
  journal={arXiv:2106.11810},
  year={2021}
}

@inproceedings{cai2020summit,
  title={Summit: A simulator for urban driving in massive mixed traffic},
  author={Cai, Panpan and Lee, Yiyuan and Luo, Yuanfu and Hsu, David},
  booktitle={ICRA},
  year={2020}
}

@inproceedings{chen2024criteria,
  title={Criteria: a new benchmarking paradigm for evaluating trajectory prediction models for autonomous driving},
  author={Chen, Changhe and Pourkeshavarz, Mozhgan and Rasouli, Amir},
  booktitle={ICRA},
  year={2024}
}

@software{craig_quiter_2020,
  author       = {Craig Quiter},
  title        = {Deepdrive Zero},
  month        = jun,
  year         = 2020,
  publisher    = {Zenodo},
  version      = {alpha}
}

@inproceedings{dosovitskiy2017carla,
  title={{CARLA: An Open Urban Driving Simulator}},
  author={Dosovitskiy, Alexey and Ros, German and Codevilla, Felipe and Lopez, Antonio and Koltun, Vladlen},
  booktitle={CoRL},
  year={2017}
}

@inproceedings{gulino2024waymax,
  title={Waymax: An accelerated, data-driven simulator for large-scale autonomous driving research},
  author={Gulino, Cole and Fu, Justin and Luo, Wenjie and Tucker, George and Bronstein, Eli and Lu, Yiren and Harb, Jean and Pan, Xinlei and Wang, Yan and Chen, Xiangyu and others},
  booktitle={NeurIPS},
  year={2024}
}

@inproceedings{houston2021one,
  title={One Thousand and One Hours: Self-driving Motion Prediction Dataset},
  author={Houston, John and Zuidhof, Guido and Bergamini, Luca and Ye, Yawei and Chen, Long and Jain, Ashesh and Omari, Sammy and Iglovikov, Vladimir and Ondruska, Peter},
  booktitle={CoRL},
  year={2021}
}

@misc{leurent2018environment,
  author = {Leurent, Edouard},
  title = {An Environment for Autonomous Driving Decision-Making},
  year = {2018},
 url={https://github.com/eleurent/highway-env},
 howpublished = {Online}
}

@article{li2022metadrive,
  title={Metadrive: Composing diverse driving scenarios for generalizable reinforcement learning},
  author={Li, Quanyi and Peng, Zhenghao and Feng, Lan and Zhang, Qihang and Xue, Zhenghai and Zhou, Bolei},
  journal={TPAMI},
  volume={45},
  number={3},
  pages={3461--3475},
  year={2022}
}

@article{martinez2017beyond,
  title={Beyond grand theft auto V for training, testing and enhancing deep learning in self driving cars},
  author={Martinez, Mark and Sitawarin, Chawin and Finch, Kevin and Meincke, Lennart and Yablonski, Alex and Kornhauser, Alain},
  journal={arXiv:1712.01397},
  year={2017}
}

@article{muller2018sim4cv,
  title={Sim4cv: A photo-realistic simulator for computer vision applications},
  author={M{\"u}ller, Matthias and Casser, Vincent and Lahoud, Jean and Smith, Neil and Ghanem, Bernard},
  journal={International Journal of Computer Vision},
  volume={126},
  pages={902--919},
  year={2018}
}

@inproceedings{palanisamy2020multi,
  title={Multi-agent connected autonomous driving using deep reinforcement learning},
  author={Palanisamy, Praveen},
  booktitle={International Joint Conference on Neural Networks},
  pages={1--7},
  year={2020}
}

@inproceedings{rasouli2023driving,
  title={Driving SMARTS Competition at NeurIPS 2022: Insights and Outcome},
  author={Rasouli, Amir and Alizadeh, Soheil and Kotseruba, Iuliia and Ma, Yi and Liang, Hebin and Tian, Yuan and Huang, Zhiyu and Liu, Haochen and Wu, Jingda and Goebel, Randy and others},
  booktitle={NeurIPS},
  year={2023}
}

@article{santara2021madras,
  title={Madras: Multi agent driving simulator},
  author={Santara, Anirban and Rudra, Sohan and Buridi, Sree Aditya and Kaushik, Meha and Naik, Abhishek and Kaul, Bharat and Ravindran, Balaraman},
  journal={Journal of Artificial Intelligence Research},
  volume={70},
  pages={1517--1555},
  year={2021}
}

@inproceedings{scibior2021imagining,
  title={Imagining the road ahead: Multi-agent trajectory prediction via differentiable simulation},
  author={{\'S}cibior, Adam and Lioutas, Vasileios and Reda, Daniele and Bateni, Peyman and Wood, Frank},
  booktitle={ITSC},
  year={2021}
}

@inproceedings{sun2022intersim,
  title={InterSim: Interactive traffic simulation via explicit relation modeling},
  author={Sun, Qiao and Huang, Xin and Williams, Brian C and Zhao, Hang},
  booktitle={IROS},
  year={2022}
}

@inproceedings{vinitsky2022nocturne,
  title={Nocturne: a scalable driving benchmark for bringing multi-agent learning one step closer to the real world},
  author={Vinitsky, Eugene and Lichtl{\'e}, Nathan and Yang, Xiaomeng and Amos, Brandon and Foerster, Jakob},
  booktitle={NeurIPS},
  year={2022}
}

@misc{wymann2000torcs,
  title={Torcs, the open racing car simulator},
  author={Wymann, Bernhard and Espi{\'e}, Eric and Guionneau, Christophe and Dimitrakakis, Christos and Coulom, R{\'e}mi and Sumner, Andrew},
  url={https://sourceforge.net/projects/torcs/},
  year={2000},
 howpublished = {Online}
}

@inproceedings{xu2023bits,
  title={Bits: Bi-level imitation for traffic simulation},
  author={Xu, Danfei and Chen, Yuxiao and Ivanovic, Boris and Pavone, Marco},
  booktitle={ICRA},
  year={2023}
}

@inproceedings{zhou2020smarts,
      title={{SMARTS: Scalable Multi-Agent Reinforcement Learning Training School for Autonomous Driving}},
      author={Ming Zhou and Jun Luo and Julian Villella and Yaodong Yang and David Rusu and Jiayu Miao and Weinan Zhang and Montgomery Alban and Iman Fadakar and Zheng Chen and others},
      booktitle={CoRL},
      year={2020}
 }

