@inproceedings{buscher2009segment,
  title={Segment-level display time as implicit feedback: a comparison to eye tracking},
  author={Buscher, Georg and Van Elst, Ludger and Dengel, Andreas},
  booktitle={SIGIR},
  pages={67--74},
  year={2009}
}

@article{ding2019sampler,
  title={Sampler design for bayesian personalized ranking by leveraging view data},
  author={Ding, Jingtao and Yu, Guanghui and He, Xiangnan and Feng, Fuli and Li, Yong and Jin, Depeng},
  journal={IEEE transactions on knowledge and data engineering},
  volume={33},
  number={2},
  pages={667--681},
  year={2019},
  publisher={IEEE}
}

@article{fu2010towards,
  title={Towards a model of implicit feedback for web search},
  author={Fu, Xin},
  journal={Journal of the American Society for Information Science and Technology},
  volume={61},
  number={1},
  pages={30--49},
  year={2010},
  publisher={Wiley Online Library}
}

@inproceedings{gantner2012personalized,
  title={Personalized ranking for non-uniformly sampled items},
  author={Gantner, Zeno and Drumond, Lucas and Freudenthaler, Christoph and Schmidt-Thieme, Lars},
  booktitle={Proceedings of KDD Cup 2011},
  pages={231--247},
  year={2012},
  organization={PMLR}
}

@inproceedings{gao2022self,
  title={Self-guided learning to denoise for robust recommendation},
  author={Gao, Yunjun and Du, Yuntao and Hu, Yujia and Chen, Lu and Zhu, Xinjun and Fang, Ziquan and Zheng, Baihua},
  booktitle={SIGIR},
  pages={1412--1422},
  year={2022}
}

@inproceedings{han2024efficient,
  title={Efficient Noise-Decoupling for Multi-Behavior Sequential Recommendation},
  author={Han, Yongqiang and Wang, Hao and Wang, Kefan and Wu, Likang and Li, Zhi and Guo, Wei and Liu, Yong and Lian, Defu and Chen, Enhong},
  booktitle={WWW},
  pages={3297--3306},
  year={2024}
}

@article{he2024double,
  title={Double Correction Framework for Denoising Recommendation},
  author={He, Zhuangzhuang and Wang, Yifan and Yang, Yonghui and Sun, Peijie and Wu, Le and Bai, Haoyue and Gong, Jinqi and Hong, Richang and Zhang, Min},
  journal={arXiv preprint arXiv:2405.11272},
  year={2024}
}

@inproceedings{hu2008collaborative,
  title={Collaborative filtering for implicit feedback datasets},
  author={Hu, Yifan and Koren, Yehuda and Volinsky, Chris},
  booktitle={2008 Eighth IEEE international conference on data mining},
  pages={263--272},
  year={2008},
  organization={Ieee}
}

@inproceedings{khawar2020learning,
  title={Learning the structure of auto-encoding recommenders},
  author={Khawar, Farhan and Poon, Leonard and Zhang, Nevin L},
  booktitle={WWW},
  pages={519--529},
  year={2020}
}

@inproceedings{lin2023autodenoise,
  title={Autodenoise: Automatic data instance denoising for recommendations},
  author={Lin, Weilin and Zhao, Xiangyu and Wang, Yejing and Zhu, Yuanshao and Wang, Wanyu},
  booktitle={WWW},
  pages={1003--1011},
  year={2023}
}

@article{nguyen2019self,
  title={Self: Learning to filter noisy labels with self-ensembling},
  author={Nguyen, Duc Tam and Mummadi, Chaithanya Kumar and Ngo, Thi Phuong Nhung and Nguyen, Thi Hoai Phuong and Beggel, Laura and Brox, Thomas},
  journal={arXiv preprint arXiv:1910.01842},
  year={2019}
}

@inproceedings{strub2015collaborative,
  title={Collaborative filtering with stacked denoising autoencoders and sparse inputs},
  author={Strub, Florian and Mary, Jeremie and Philippe, Preux},
  booktitle={NIPS workshop on machine learning for eCommerce},
  year={2015}
}

@inproceedings{sun2021does,
  title={Does Every Data Instance Matter? Enhancing Sequential Recommendation by Eliminating Unreliable Data.},
  author={Sun, Yatong and Wang, Bin and Sun, Zhu and Yang, Xiaochun},
  booktitle={IJCAI},
  pages={1579--1585},
  year={2021}
}

@inproceedings{wang2021implicit,
  title={Implicit feedbacks are not always favorable: Iterative relabeled one-class collaborative filtering against noisy interactions},
  author={Wang, Zitai and Xu, Qianqian and Yang, Zhiyong and Cao, Xiaochun and Huang, Qingming},
  booktitle={Proceedings of the 29th ACM International Conference on Multimedia},
  pages={3070--3078},
  year={2021}
}

@inproceedings{wang2022learning,
  title={Learning robust recommenders through cross-model agreement},
  author={Wang, Yu and Xin, Xin and Meng, Zaiqiao and Jose, Joemon M and Feng, Fuli and He, Xiangnan},
  booktitle={WWW},
  pages={2015--2025},
  year={2022}
}

@inproceedings{wang2023efficient,
  title={Efficient bi-level optimization for recommendation denoising},
  author={Wang, Zongwei and Gao, Min and Li, Wentao and Yu, Junliang and Guo, Linxin and Yin, Hongzhi},
  booktitle={SIGKDD},
  pages={2502--2511},
  year={2023}
}

@inproceedings{wang2024unleashing,
  title={Unleashing the Power of Knowledge Graph for Recommendation via Invariant Learning},
  author={Wang, Shuyao and Sui, Yongduo and Wang, Chao and Xiong, Hui},
  booktitle={WWW},
  pages={3745--3755},
  year={2024}
}

@inproceedings{wen2019leveraging,
  title={Leveraging post-click feedback for content recommendations},
  author={Wen, Hongyi and Yang, Longqi and Estrin, Deborah},
  booktitle={Proceedings of the 13th ACM Conference on Recommender Systems},
  pages={278--286},
  year={2019}
}

@inproceedings{wu2016collaborative,
  title={Collaborative denoising auto-encoders for top-n recommender systems},
  author={Wu, Yao and DuBois, Christopher and Zheng, Alice X and Ester, Martin},
  booktitle={WSDM},
  pages={153--162},
  year={2016}
}

@inproceedings{wu2021self,
  title={Self-supervised graph learning for recommendation},
  author={Wu, Jiancan and Wang, Xiang and Feng, Fuli and He, Xiangnan and Chen, Liang and Lian, Jianxun and Xie, Xing},
  booktitle={SIGIR},
  pages={726--735},
  year={2021}
}

@inproceedings{xin2023improving,
  title={Improving implicit feedback-based recommendation through multi-behavior alignment},
  author={Xin, Xin and Liu, Xiangyuan and Wang, Hanbing and Ren, Pengjie and Chen, Zhumin and Lei, Jiahuan and Shi, Xinlei and Luo, Hengliang and Jose, Joemon M and de Rijke, Maarten and others},
  booktitle={SIGIR},
  pages={932--941},
  year={2023}
}

@inproceedings{yang2021enhanced,
  title={Enhanced graph learning for collaborative filtering via mutual information maximization},
  author={Yang, Yonghui and Wu, Le and Hong, Richang and Zhang, Kun and Wang, Meng},
  booktitle={SIGIR},
  pages={71--80},
  year={2021}
}

@inproceedings{yu2022graph,
  title={Are graph augmentations necessary? simple graph contrastive learning for recommendation},
  author={Yu, Junliang and Yin, Hongzhi and Xia, Xin and Chen, Tong and Cui, Lizhen and Nguyen, Quoc Viet Hung},
  booktitle={SIGIR},
  pages={1294--1303},
  year={2022}
}

@article{zhang2024ssdrec,
  title={SSDRec: Self-Augmented Sequence Denoising for Sequential Recommendation},
  author={Zhang, Chi and Han, Qilong and Chen, Rui and Zhao, Xiangyu and Tang, Peng and Song, Hongtao},
  journal={arXiv preprint arXiv:2403.04278},
  year={2024}
}

@inproceedings{zhao2016gaze,
  title={Gaze prediction for recommender systems},
  author={Zhao, Qian and Chang, Shuo and Harper, F Maxwell and Konstan, Joseph A},
  booktitle={Proceedings of the 10th ACM Conference on Recommender Systems},
  pages={131--138},
  year={2016}
}

@inproceedings{zhu2023knowledge,
  title={Knowledge-refined Denoising Network for Robust Recommendation},
  author={Zhu, Xinjun and Du, Yuntao and Mao, Yuren and Chen, Lu and Hu, Yujia and Gao, Yunjun},
  booktitle={SIGIR},
  pages={362--371},
  year={2023}
}

