%LLM
@article{wang2023recmind,
  title={Recmind: Large language model powered agent for recommendation},
  author={Wang, Yancheng and Jiang, Ziyan and Chen, Zheng and Yang, Fan and Zhou, Yingxue and Cho, Eunah and Fan, Xing and Huang, Xiaojiang and Lu, Yanbin and Yang, Yingzhen},
  journal={arXiv preprint arXiv:2308.14296},
  year={2023}
}
@inproceedings{zhang2024generative,
  title={On generative agents in recommendation},
  author={Zhang, An and Chen, Yuxin and Sheng, Leheng and Wang, Xiang and Chua, Tat-Seng},
  booktitle={SIGIR},
  pages={1807--1817},
  year={2024}
}
@article{qu2024tokenrec,
  title={TokenRec: Learning to Tokenize ID for LLM-based Generative Recommendation},
  author={Qu, Haohao and Fan, Wenqi and Zhao, Zihuai and Li, Qing},
  journal={arXiv preprint arXiv:2406.10450},
  year={2024}
}
@article{chen2024sac,
  title={SAC-KG: Exploiting Large Language Models as Skilled Automatic Constructors for Domain Knowledge Graphs},
  author={Chen, Hanzhu and Shen, Xu and Lv, Qitan and Wang, Jie and Ni, Xiaoqi and Ye, Jieping},
  journal={arXiv preprint arXiv:2410.02811},
  year={2024}
}
@article{zhang2024interpreting,
  title={Interpreting and Improving Large Language Models in Arithmetic Calculation},
  author={Zhang, Wei and Wan, Chaoqun and Zhang, Yonggang and Cheung, Yiu-ming and Tian, Xinmei and Shen, Xu and Ye, Jieping},
  journal={arXiv preprint arXiv:2409.01659},
  year={2024}
}
@article{kieu2024keyword,
  title={Keyword-driven Retrieval-Augmented Large Language Models for Cold-start User Recommendations},
  author={Kieu, Hai-Dang and Nguyen, Minh Duc and Nguyen, Thanh-Son and Le, Dung D},
  journal={arXiv preprint arXiv:2405.19612},
  year={2024}
}
@inproceedings{yang2024sequential,
  title={Sequential recommendation with latent relations based on large language model},
  author={Yang, Shenghao and Ma, Weizhi and Sun, Peijie and Ai, Qingyao and Liu, Yiqun and Cai, Mingchen and Zhang, Min},
  booktitle={SIGIR},
  pages={335--344},
  year={2024}
}
@inproceedings{xi2024towards,
  title={Towards open-world recommendation with knowledge augmentation from large language models},
  author={Xi, Yunjia and Liu, Weiwen and Lin, Jianghao and Cai, Xiaoling and Zhu, Hong and Zhu, Jieming and Chen, Bo and Tang, Ruiming and Zhang, Weinan and Yu, Yong},
  booktitle={Proceedings of the 18th ACM Conference on Recommender Systems},
  pages={12--22},
  year={2024}
}
@inproceedings{dai2023uncovering,
  title={Uncovering chatgptâ€™s capabilities in recommender systems},
  author={Dai, Sunhao and Shao, Ninglu and Zhao, Haiyuan and Yu, Weijie and Si, Zihua and Xu, Chen and Sun, Zhongxiang and Zhang, Xiao and Xu, Jun},
  booktitle={Proceedings of the 17th ACM Conference on Recommender Systems},
  pages={1126--1132},
  year={2023}
}
@inproceedings{geng2022recommendation,
  title={Recommendation as language processing (rlp): A unified pretrain, personalized prompt \& predict paradigm (p5)},
  author={Geng, Shijie and Liu, Shuchang and Fu, Zuohui and Ge, Yingqiang and Zhang, Yongfeng},
  booktitle={Proceedings of the 16th ACM Conference on Recommender Systems},
  pages={299--315},
  year={2022}
}
@article{liu2023chatgpt,
  title={Is chatgpt a good recommender? a preliminary study},
  author={Liu, Junling and Liu, Chao and Zhou, Peilin and Lv, Renjie and Zhou, Kang and Zhang, Yan},
  journal={arXiv preprint arXiv:2304.10149},
  year={2023}
}
@article{zhang2023recommendation,
  title={Recommendation as instruction following: A large language model empowered recommendation approach},
  author={Zhang, Junjie and Xie, Ruobing and Hou, Yupeng and Zhao, Wayne Xin and Lin, Leyu and Wen, Ji-Rong},
  journal={arXiv preprint arXiv:2305.07001},
  year={2023}
}
@inproceedings{liao2024llara,
  title={Llara: Large language-recommendation assistant},
  author={Liao, Jiayi and Li, Sihang and Yang, Zhengyi and Wu, Jiancan and Yuan, Yancheng and Wang, Xiang and He, Xiangnan},
  booktitle={SIGIR},
  pages={1785--1795},
  year={2024}
}
@inproceedings{he2023large,
  title={Large language models as zero-shot conversational recommenders},
  author={He, Zhankui and Xie, Zhouhang and Jha, Rahul and Steck, Harald and Liang, Dawen and Feng, Yesu and Majumder, Bodhisattwa Prasad and Kallus, Nathan and McAuley, Julian},
  booktitle={CIKM},
  pages={720--730},
  year={2023}
}
@inproceedings{zhao2024let,
  title={Let Me Do It For You: Towards LLM Empowered Recommendation via Tool Learning},
  author={Zhao, Yuyue and Wu, Jiancan and Wang, Xiang and Tang, Wei and Wang, Dingxian and de Rijke, Maarten},
  booktitle={SIGIR},
  pages={1796--1806},
  year={2024}
}
% other
@inproceedings{gutmann2010noise,
  title={Noise-contrastive estimation: A new estimation principle for unnormalized statistical models},
  author={Gutmann, Michael and Hyv{\"a}rinen, Aapo},
  booktitle={Proceedings of the thirteenth international conference on artificial intelligence and statistics},
  pages={297--304},
  year={2010},
  organization={JMLR Workshop and Conference Proceedings}
}
@inproceedings{sharma2015estimating,
  title={Estimating the causal impact of recommendation systems from observational data},
  author={Sharma, Amit and Hofman, Jake M and Watts, Duncan J},
  booktitle={Proceedings of the Sixteenth ACM Conference on Economics and Computation},
  pages={453--470},
  year={2015}
}
@inproceedings{chen2024treatment,
  title={Treatment Effect Estimation for User Interest Exploration on Recommender Systems},
  author={Chen, Jiaju and Wenjie, Wang and Gao, Chongming and Wu, Peng and Wei, Jianxiong and Hua, Qingsong},
  booktitle={SIGIR},
  pages={1861--1871},
  year={2024}
}
%SG
@inproceedings{fan2019graph,
  title={Graph neural networks for social recommendation},
  author={Fan, Wenqi and Ma, Yao and Li, Qing and He, Yuan and Zhao, Eric and Tang, Jiliang and Yin, Dawei},
  booktitle={WWW},
  pages={417--426},
  year={2019}
}
@inproceedings{yang2024graph,
  title={Graph Bottlenecked Social Recommendation},
  author={Yang, Yonghui and Wu, Le and Wang, Zihan and He, Zhuangzhuang and Hong, Richang and Wang, Meng},
  booktitle={SIGKDD},
  pages={3853--3862},
  year={2024}
}
% KG
@inproceedings{jiang2024diffkg,
  title={Diffkg: Knowledge graph diffusion model for recommendation},
  author={Jiang, Yangqin and Yang, Yuhao and Xia, Lianghao and Huang, Chao},
  booktitle={WSDM},
  pages={313--321},
  year={2024}
}
@inproceedings{zhu2023knowledge,
  title={Knowledge-refined Denoising Network for Robust Recommendation},
  author={Zhu, Xinjun and Du, Yuntao and Mao, Yuren and Chen, Lu and Hu, Yujia and Gao, Yunjun},
  booktitle={SIGIR},
  pages={362--371},
  year={2023}
}
@inproceedings{wang2024unleashing,
  title={Unleashing the Power of Knowledge Graph for Recommendation via Invariant Learning},
  author={Wang, Shuyao and Sui, Yongduo and Wang, Chao and Xiong, Hui},
  booktitle={WWW},
  pages={3745--3755},
  year={2024}
}

% denoise
@article{ye2023towards,
  title={Towards robust neural graph collaborative filtering via structure denoising and embedding perturbation},
  author={Ye, Haibo and Li, Xinjie and Yao, Yuan and Tong, Hanghang},
  journal={ACM Transactions on Information Systems},
  volume={41},
  number={3},
  pages={1--28},
  year={2023},
  publisher={ACM New York, NY}
}
@inproceedings{zhao2016gaze,
  title={Gaze prediction for recommender systems},
  author={Zhao, Qian and Chang, Shuo and Harper, F Maxwell and Konstan, Joseph A},
  booktitle={Proceedings of the 10th ACM Conference on Recommender Systems},
  pages={131--138},
  year={2016}
}
@article{fu2010towards,
  title={Towards a model of implicit feedback for web search},
  author={Fu, Xin},
  journal={Journal of the American Society for Information Science and Technology},
  volume={61},
  number={1},
  pages={30--49},
  year={2010},
  publisher={Wiley Online Library}
}
@inproceedings{buscher2009segment,
  title={Segment-level display time as implicit feedback: a comparison to eye tracking},
  author={Buscher, Georg and Van Elst, Ludger and Dengel, Andreas},
  booktitle={SIGIR},
  pages={67--74},
  year={2009}
}
@article{zhang2024ssdrec,
  title={SSDRec: Self-Augmented Sequence Denoising for Sequential Recommendation},
  author={Zhang, Chi and Han, Qilong and Chen, Rui and Zhao, Xiangyu and Tang, Peng and Song, Hongtao},
  journal={arXiv preprint arXiv:2403.04278},
  year={2024}
}
@inproceedings{zhou2022filter,
  title={Filter-enhanced MLP is all you need for sequential recommendation},
  author={Zhou, Kun and Yu, Hui and Zhao, Wayne Xin and Wen, Ji-Rong},
  booktitle={WWW},
  pages={2388--2399},
  year={2022}
}
@inproceedings{han2024efficient,
  title={Efficient Noise-Decoupling for Multi-Behavior Sequential Recommendation},
  author={Han, Yongqiang and Wang, Hao and Wang, Kefan and Wu, Likang and Li, Zhi and Guo, Wei and Liu, Yong and Lian, Defu and Chen, Enhong},
  booktitle={WWW},
  pages={3297--3306},
  year={2024}
}
@inproceedings{zhang2023denoising,
  title={Denoising and prompt-tuning for multi-behavior recommendation},
  author={Zhang, Chi and Chen, Rui and Zhao, Xiangyu and Han, Qilong and Li, Li},
  booktitle={WWW},
  pages={1355--1363},
  year={2023}
}
@inproceedings{xin2023improving,
  title={Improving implicit feedback-based recommendation through multi-behavior alignment},
  author={Xin, Xin and Liu, Xiangyuan and Wang, Hanbing and Ren, Pengjie and Chen, Zhumin and Lei, Jiahuan and Shi, Xinlei and Luo, Hengliang and Jose, Joemon M and de Rijke, Maarten and others},
  booktitle={SIGIR},
  pages={932--941},
  year={2023}
}
% CoT
@article{wang2022self,
  title={Self-consistency improves chain of thought reasoning in language models},
  author={Wang, Xuezhi and Wei, Jason and Schuurmans, Dale and Le, Quoc and Chi, Ed and Narang, Sharan and Chowdhery, Aakanksha and Zhou, Denny},
  journal={arXiv preprint arXiv:2203.11171},
  year={2022}
}
@article{wei2022chain,
  title={Chain-of-thought prompting elicits reasoning in large language models},
  author={Wei, Jason and Wang, Xuezhi and Schuurmans, Dale and Bosma, Maarten and Xia, Fei and Chi, Ed and Le, Quoc V and Zhou, Denny and others},
  journal={NIPS},
  volume={35},
  pages={24824--24837},
  year={2022}
}
@article{xia2024beyond,
  title={Beyond chain-of-thought: A survey of chain-of-x paradigms for llms},
  author={Xia, Yu and Wang, Rui and Liu, Xu and Li, Mingyan and Yu, Tong and Chen, Xiang and McAuley, Julian and Li, Shuai},
  journal={arXiv preprint arXiv:2404.15676},
  year={2024}
}
@inproceedings{xia2024chain,
  title={Chain-of-History Reasoning for Temporal Knowledge Graph Forecasting},
  author={Xia, Yuwei and Wang, Ding and Liu, Qiang and Wang, Liang and Wu, Shu and Zhang, Xiao-Yu},
  booktitle={Findings of the Association for Computational Linguistics ACL 2024},
  pages={16144--16159},
  year={2024}
}
@article{yao2023llm,
  title={Llm lies: Hallucinations are not bugs, but features as adversarial examples},
  author={Yao, Jia-Yu and Ning, Kun-Peng and Liu, Zhen-Hui and Ning, Mu-Nan and Yuan, Li},
  journal={arXiv preprint arXiv:2310.01469},
  year={2023}
}
% IB
@inproceedings{tishby2015deep,
  title={Deep learning and the information bottleneck principle},
  author={Tishby, Naftali and Zaslavsky, Noga},
  booktitle={2015 ieee information theory workshop (itw)},
  pages={1--5},
  year={2015},
  organization={IEEE}
}
@inproceedings{sun2022graph,
  title={Graph structure learning with variational information bottleneck},
  author={Sun, Qingyun and Li, Jianxin and Peng, Hao and Wu, Jia and Fu, Xingcheng and Ji, Cheng and Philip, S Yu},
  booktitle={AAAI},
  volume={36},
  number={4},
  pages={4165--4174},
  year={2022}
}
@article{wu2020graph,
  title={Graph information bottleneck},
  author={Wu, Tailin and Ren, Hongyu and Li, Pan and Leskovec, Jure},
  journal={NIPS},
  volume={33},
  pages={20437--20448},
  year={2020}
}
@article{wei2022contrastive,
  title={Contrastive graph structure learning via information bottleneck for recommendation},
  author={Wei, Chunyu and Liang, Jian and Liu, Di and Wang, Fei},
  journal={NIPS},
  volume={35},
  pages={20407--20420},
  year={2022}
}
% Implicit and explicit corrective feedback
@article{ellis2006implicit,
  title={Implicit and explicit corrective feedback and the acquisition of L2 grammar},
  author={Ellis, Rod and Loewen, Shawn and Erlam, Rosemary},
  journal={Studies in second language acquisition},
  volume={28},
  number={2},
  pages={339--368},
  year={2006},
  publisher={Cambridge University Press}
}
@inproceedings{jawaheer2010comparison,
  title={Comparison of implicit and explicit feedback from an online music recommendation service},
  author={Jawaheer, Gawesh and Szomszor, Martin and Kostkova, Patty},
  booktitle={proceedings of the 1st international workshop on information heterogeneity and fusion in recommender systems},
  pages={47--51},
  year={2010}
}
@inproceedings{joachims2017accurately,
  title={Accurately interpreting clickthrough data as implicit feedback},
  author={Joachims, Thorsten and Granka, Laura and Pan, Bing and Hembrooke, Helene and Gay, Geri},
  booktitle={SIGIR},
  volume={51},
  number={1},
  pages={4--11},
  year={2017},
  organization={Acm New York, NY, USA}
}
@inproceedings{sun2021does,
  title={Does Every Data Instance Matter? Enhancing Sequential Recommendation by Eliminating Unreliable Data.},
  author={Sun, Yatong and Wang, Bin and Sun, Zhu and Yang, Xiaochun},
  booktitle={IJCAI},
  pages={1579--1585},
  year={2021}
}
@article{ding2019sampler,
  title={Sampler design for bayesian personalized ranking by leveraging view data},
  author={Ding, Jingtao and Yu, Guanghui and He, Xiangnan and Feng, Fuli and Li, Yong and Jin, Depeng},
  journal={IEEE transactions on knowledge and data engineering},
  volume={33},
  number={2},
  pages={667--681},
  year={2019},
  publisher={IEEE}
}
@inproceedings{wang2021implicit,
  title={Implicit feedbacks are not always favorable: Iterative relabeled one-class collaborative filtering against noisy interactions},
  author={Wang, Zitai and Xu, Qianqian and Yang, Zhiyong and Cao, Xiaochun and Huang, Qingming},
  booktitle={Proceedings of the 29th ACM International Conference on Multimedia},
  pages={3070--3078},
  year={2021}
}
@inproceedings{pan2013gbpr,
  title={Gbpr: Group preference based bayesian personalized ranking for one-class collaborative filtering},
  author={Pan, Weike and Chen, Li},
  booktitle={IJCAI},
  year={2013}
}
@inproceedings{bian2021denoising,
  title={Denoising user-aware memory network for recommendation},
  author={Bian, Zhi and Zhou, Shaojun and Fu, Hao and Yang, Qihong and Sun, Zhenqi and Tang, Junjie and Liu, Guiquan and Liu, Kaikui and Li, Xiaolong},
  booktitle={Proceedings of the 15th ACM Conference on Recommender Systems},
  pages={400--410},
  year={2021}
}

% CF
@article{koren2009matrix,
  title={Matrix factorization techniques for recommender systems},
  author={Koren, Yehuda and Bell, Robert and Volinsky, Chris},
  journal={Computer},
  volume={42},
  number={8},
  pages={30--37},
  year={2009},
  publisher={IEEE}
}
@article{rendle2012bpr,
  title={BPR: Bayesian personalized ranking from implicit feedback},
  author={Rendle, Steffen and Freudenthaler, Christoph and Gantner, Zeno and Schmidt-Thieme, Lars},
  journal={arXiv preprint arXiv:1205.2618},
  year={2012}
}
@inproceedings{he2017neural,
  title={Neural collaborative filtering},
  author={He, Xiangnan and Liao, Lizi and Zhang, Hanwang and Nie, Liqiang and Hu, Xia and Chua, Tat-Seng},
  booktitle={WWW},
  pages={173--182},
  year={2017}
}
@inproceedings{khawar2020learning,
  title={Learning the structure of auto-encoding recommenders},
  author={Khawar, Farhan and Poon, Leonard and Zhang, Nevin L},
  booktitle={WWW},
  pages={519--529},
  year={2020}
}
@inproceedings{wang2019neural,
  title={Neural graph collaborative filtering},
  author={Wang, Xiang and He, Xiangnan and Wang, Meng and Feng, Fuli and Chua, Tat-Seng},
  booktitle={SIGIR},
  pages={165--174},
  year={2019}
}
@inproceedings{he2020lightgcn,
  title={Lightgcn: Simplifying and powering graph convolution network for recommendation},
  author={He, Xiangnan and Deng, Kuan and Wang, Xiang and Li, Yan and Zhang, Yongdong and Wang, Meng},
  booktitle={SIGIR},
  pages={639--648},
  year={2020}
}
@inproceedings{wu2021self,
  title={Self-supervised graph learning for recommendation},
  author={Wu, Jiancan and Wang, Xiang and Feng, Fuli and He, Xiangnan and Chen, Liang and Lian, Jianxun and Xie, Xing},
  booktitle={SIGIR},
  pages={726--735},
  year={2021}
}
@inproceedings{yu2022graph,
  title={Are graph augmentations necessary? simple graph contrastive learning for recommendation},
  author={Yu, Junliang and Yin, Hongzhi and Xia, Xin and Chen, Tong and Cui, Lizhen and Nguyen, Quoc Viet Hung},
  booktitle={SIGIR},
  pages={1294--1303},
  year={2022}
}
% AE
@inproceedings{wu2016collaborative,
  title={Collaborative denoising auto-encoders for top-n recommender systems},
  author={Wu, Yao and DuBois, Christopher and Zheng, Alice X and Ester, Martin},
  booktitle={WSDM},
  pages={153--162},
  year={2016}
}
@inproceedings{strub2015collaborative,
  title={Collaborative filtering with stacked denoising autoencoders and sparse inputs},
  author={Strub, Florian and Mary, Jeremie and Philippe, Preux},
  booktitle={NIPS workshop on machine learning for eCommerce},
  year={2015}
}
@inproceedings{liang2018variational,
  title={Variational autoencoders for collaborative filtering},
  author={Liang, Dawen and Krishnan, Rahul G and Hoffman, Matthew D and Jebara, Tony},
  booktitle={WWW},
  pages={689--698},
  year={2018}
}
% -----------------------------------
% Baseline(dubbed)
% WBPR
@inproceedings{gantner2012personalized,
  title={Personalized ranking for non-uniformly sampled items},
  author={Gantner, Zeno and Drumond, Lucas and Freudenthaler, Christoph and Schmidt-Thieme, Lars},
  booktitle={Proceedings of KDD Cup 2011},
  pages={231--247},
  year={2012},
  organization={PMLR}
}
% WRMF
@inproceedings{hu2008collaborative,
  title={Collaborative filtering for implicit feedback datasets},
  author={Hu, Yifan and Koren, Yehuda and Volinsky, Chris},
  booktitle={2008 Eighth IEEE international conference on data mining},
  pages={263--272},
  year={2008},
  organization={Ieee}
}
%Autodenoise
@inproceedings{lin2023autodenoise,
  title={Autodenoise: Automatic data instance denoising for recommendations},
  author={Lin, Weilin and Zhao, Xiangyu and Wang, Yejing and Zhu, Yuanshao and Wang, Wanyu},
  booktitle={WWW},
  pages={1003--1011},
  year={2023}
}
@article{ge2023automated,
  title={Automated data denoising for recommendation},
  author={Ge, Yingqiang and Rahmani, Mostafa and Irissappane, Athirai and Sepulveda, Jose and Caverlee, James and Wang, Fei},
  journal={arXiv preprint arXiv:2305.07070},
  year={2023}
}

% ADT(T-CE/R-CE)
@inproceedings{wang2021denoising,
  title={Denoising implicit feedback for recommendation},
  author={Wang, Wenjie and Feng, Fuli and He, Xiangnan and Nie, Liqiang and Chua, Tat-Seng},
  booktitle={WSDM},
  pages={373--381},
  year={2021}
}
% DeCA
@inproceedings{wang2022learning,
  title={Learning robust recommenders through cross-model agreement},
  author={Wang, Yu and Xin, Xin and Meng, Zaiqiao and Jose, Joemon M and Feng, Fuli and He, Xiangnan},
  booktitle={WWW},
  pages={2015--2025},
  year={2022}
}
% SGDL
@inproceedings{gao2022self,
  title={Self-guided learning to denoise for robust recommendation},
  author={Gao, Yunjun and Du, Yuntao and Hu, Yujia and Chen, Lu and Zhu, Xinjun and Fang, Ziquan and Zheng, Baihua},
  booktitle={SIGIR},
  pages={1412--1422},
  year={2022}
}
% BOD
@inproceedings{wang2023efficient,
  title={Efficient bi-level optimization for recommendation denoising},
  author={Wang, Zongwei and Gao, Min and Li, Wentao and Yu, Junliang and Guo, Linxin and Yin, Hongzhi},
  booktitle={SIGKDD},
  pages={2502--2511},
  year={2023}
}
% DCF
@article{he2024double,
  title={Double Correction Framework for Denoising Recommendation},
  author={He, Zhuangzhuang and Wang, Yifan and Yang, Yonghui and Sun, Peijie and Wu, Le and Bai, Haoyue and Gong, Jinqi and Hong, Richang and Zhang, Min},
  journal={arXiv preprint arXiv:2405.11272},
  year={2024}
}
% TALLRec
@inproceedings{bao2023tallrec,
  title={Tallrec: An effective and efficient tuning framework to align large language model with recommendation},
  author={Bao, Keqin and Zhang, Jizhi and Zhang, Yang and Wang, Wenjie and Feng, Fuli and He, Xiangnan},
  booktitle={Proceedings of the 17th ACM Conference on Recommender Systems},
  pages={1007--1014},
  year={2023}
}
% BinLLM
@article{zhang2024text,
  title={Text-like Encoding of Collaborative Information in Large Language Models for Recommendation},
  author={Zhang, Yang and Bao, Keqin and Yan, Ming and Wang, Wenjie and Feng, Fuli and He, Xiangnan},
  journal={arXiv preprint arXiv:2406.03210},
  year={2024}
}
% LLMRec
@inproceedings{wei2024llmrec,
  title={Llmrec: Large language models with graph augmentation for recommendation},
  author={Wei, Wei and Ren, Xubin and Tang, Jiabin and Wang, Qinyong and Su, Lixin and Cheng, Suqi and Wang, Junfeng and Yin, Dawei and Huang, Chao},
  booktitle={Proceedings of the 17th ACM International Conference on Web Search and Data Mining},
  pages={806--815},
  year={2024}
}
% RLLM
@inproceedings{ren2024representation,
  title={Representation learning with large language models for recommendation},
  author={Ren, Xubin and Wei, Wei and Xia, Lianghao and Su, Lixin and Cheng, Suqi and Wang, Junfeng and Yin, Dawei and Huang, Chao},
  booktitle={WWW},
  pages={3464--3475},
  year={2024}
}
% EGLN
@inproceedings{yang2021enhanced,
  title={Enhanced graph learning for collaborative filtering via mutual information maximization},
  author={Yang, Yonghui and Wu, Le and Hong, Richang and Zhang, Kun and Wang, Meng},
  booktitle={SIGIR},
  pages={71--80},
  year={2021}
}



@article{nguyen2019self,
  title={Self: Learning to filter noisy labels with self-ensembling},
  author={Nguyen, Duc Tam and Mummadi, Chaithanya Kumar and Ngo, Thi Phuong Nhung and Nguyen, Thi Hoai Phuong and Beggel, Laura and Brox, Thomas},
  journal={arXiv preprint arXiv:1910.01842},
  year={2019}
}
@inproceedings{wen2019leveraging,
  title={Leveraging post-click feedback for content recommendations},
  author={Wen, Hongyi and Yang, Longqi and Estrin, Deborah},
  booktitle={Proceedings of the 13th ACM Conference on Recommender Systems},
  pages={278--286},
  year={2019}
}





# zz
@inproceedings{zheng2021drug,
  title={Drug package recommendation via interaction-aware graph induction},
author={Zheng, Zhi and Wang, Chao and Xu, Tong and Shen, Dazhong and Qin, Penggang and Huai, Baoxing and Liu, Tongzhu and Chen, Enhong},
booktitle={WWW},
pages={1284--1295},
year={2021}
}
@article{zheng2023interaction,
  title={Interaction-aware drug package recommendation via policy gradient},
  author={Zheng, Zhi and Wang, Chao and Xu, Tong and Shen, Dazhong and Qin, Penggang and Zhao, Xiangyu and Huai, Baoxing and Wu, Xian and Chen, Enhong},
  journal={ACM Transactions on Information Systems},
  volume={41},
  number={1},
  pages={1--32},
  year={2023},
  publisher={ACM New York, NY}
}

@inproceedings{zheng2022cbr,
  title={CBR: context bias aware recommendation for debiasing user modeling and click prediction},
  author={Zheng, Zhi and Qiu, Zhaopeng and Xu, Tong and Wu, Xian and Zhao, Xiangyu and Chen, Enhong and Xiong, Hui},
  booktitle={WWW},
  pages={2268--2276},
  year={2022}
}

@inproceedings{zheng2022ddr,
  title={DDR: Dialogue Based Doctor Recommendation for Online Medical Service},
  author={Zheng, Zhi and Qiu, Zhaopeng and Xiong, Hui and Wu, Xian and Xu, Tong and Chen, Enhong and Zhao, Xiangyu},
  booktitle={SIGKDD},
  pages={4592--4600},
  year={2022}
}

@inproceedings{zheng2023generative,
  title={Generative Learning Plan Recommendation for Employees: A Performance-aware Reinforcement Learning Approach},
  author={Zheng, Zhi and Sun, Ying and Song, Xin and Zhu, Hengshu and Xiong, Hui},
  booktitle={Proceedings of the 17th ACM Conference on Recommender Systems},
  pages={443--454},
  year={2023}
}

@article{wu2023survey,
  title={A Survey on Large Language Models for Recommendation},
  author={Wu, Likang and Zheng, Zhi and Qiu, Zhaopeng and Wang, Hao and Gu, Hongchao and Shen, Tingjia and Qin, Chuan and Zhu, Chen and Zhu, Hengshu and Liu, Qi and others},
  journal={arXiv preprint arXiv:2305.19860},
  year={2023}
}


@article{zhi2023generative,
  title={Generative job recommendations with large language model},
  author={Zheng, Zhi and Qiu, Zhaopeng and Hu, Xiao and Wu, Likang and Zhu, Hengshu and Xiong, Hui},
  journal={arXiv preprint arXiv:2307.02157},
  year={2023}
}

# yongduo
@inproceedings{sui2021causal,
  title={Causal Attention for Interpretable and Generalizable Graph Classification},
  author={Sui, Yongduo and Wang, Xiang and Wu, Jiancan and He, Xiangnan and Chua, Tat-Seng},
  booktitle={SIGKDD},
  pages={1696--1705},
  year={2022}
}

@article{sui2023unleashing,
  title={Unleashing the power of graph data augmentation on covariate distribution shift},
  author={Sui, Yongduo and Wu, Qitian and Wu, Jiancan and Cui, Qing and Li, Longfei and Zhou, Jun and Wang, Xiang and He, Xiangnan},
  journal={NeurIPS},
  volume={36},
  year={2023}
}

@inproceedings{sui2024invariant,
  title={Invariant Graph Learning for Causal Effect Estimation},
  author={Sui, Yongduo and Tang, Caizhi and Chu, Zhixuan and Fang, Junfeng and Gao, Yuan and Cui, Qing and Li, Longfei and Zhou, Jun and Wang, Xiang},
  booktitle={WWW},
  pages={2552--2562},
  year={2024}
}

@inproceedings{sui2025unified,
  title={A Unified Invariant Learning Framework for Graph Classification},
  author={Sui, Yongduo and Sun, Jie and Wang, Shuyao and Liu, Zemin and Cui, Qing and Li, Longfei and Wang, Xiang},
  booktitle={SIGKDD},
  year={2025}
}

@article{sui2024enhancing,
  title={Enhancing Out-of-distribution Generalization on Graphs via Causal Attention Learning},
  author={Sui, Yongduo and Mao, Wenyu and Wang, Shuyao and Wang, Xiang and Wu, Jiancan and He, Xiangnan and Chua, Tat-Seng},
  journal={ACM TKDD},
  volume={18},
  number={5},
  pages={1--24},
  year={2024},
  publisher={ACM New York, NY}
}

@article{sui2024simple,
author = {Sui, Yongduo and Wang, Shuyao and Sun, Jie and Liu, Zhiyuan and Cui, Qing and Li, Longfei and Zhou, Jun and Wang, Xiang and He, Xiangnan},
title = {A Simple Data Augmentation for Graph Classification: A Perspective of Equivariance and Invariance},
year = {2024},
publisher = {Association for Computing Machinery},
issn = {1556-4681},
journal = {ACM TKDD}
}


@Article{JCST-2206-12583,
title = {Inductive Lottery Ticket Learning for Graph Neural Networks},
journal = {Journal of Computer Science and Technology},
volume = {39},
number = {6},
pages = {1223-1237},
year = {2024},
author = {Yong-Duo Sui and Xiang Wang and Tianlong Chen and Meng Wang and Xiang-Nan He and Tat-Seng Chua}
}
# liyi
@article{chen2023entity,
  title={Entity summarization via exploiting description complementarity and salience},
  author={Chen, Liyi and Li, Zhi and He, Weidong and Cheng, Gong and Xu, Tong and Yuan, Nicholas Jing and Chen, Enhong},
  journal={IEEE Transactions on Neural Networks and Learning Systems},
  volume={34},
  number={11},
  pages={8297--8309},
  year={2023},
  publisher={IEEE}
}
@inproceedings{chen2024pog,
title={Plan-on-Graph: Self-Correcting Adaptive Planning of Large Language Model on Knowledge Graphs},
author={Chen, Liyi and Tong, Panrong and Jin, Zhongming and Sun, Ying and Ye, Jieping and Xiong, Hui},
booktitle={NIPS},
year={2024}
}
@inproceedings{chen2024tmea,
title={Tackling Uncertain Correspondences for Multi-Modal Entity Alignment},
author={Chen, Liyi and Sun, Ying and Zhang, Shengzhe and Ye, Yuyang and Wu, Wei and Xiong, Hui},
booktitle={NIPS},
year={2024}
}
# congxi
@inproceedings{xiao2024refound,
  title={ReFound: Crafting a Foundation Model for Urban Region Understanding upon Language and Visual Foundations},
  author={Xiao, Congxi and Zhou, Jingbo and Xiao, Yixiong and Huang, Jizhou and Xiong, Hui},
  booktitle={SIGKDD},
  pages={3527--3538},
  year={2024}
}
@inproceedings{xiao2023spatial,
  title={Spatial heterophily aware graph neural networks},
  author={Xiao, Congxi and Zhou, Jingbo and Huang, Jizhou and Xu, Tong and Xiong, Hui},
  booktitle={SIGKDD},
  pages={2752--2763},
  year={2023}
}
@inproceedings{xiao2021c,
  title={C-watcher: A framework for early detection of high-risk neighborhoods ahead of covid-19 outbreak},
  author={Xiao, Congxi and Zhou, Jingbo and Huang, Jizhou and Zhuo, An and Liu, Ji and Xiong, Haoyi and Dou, Dejing},
  booktitle={AAAI},
  volume={35},
  number={6},
  pages={4892--4900},
  year={2021}
}
@inproceedings{xiao2023contextual,
  title={A contextual master-slave framework on urban region graph for urban village detection},
  author={Xiao, Congxi and Zhou, Jingbo and Huang, Jizhou and Zhu, Hengshu and Xu, Tong and Dou, Dejing and Xiong, Hui},
  booktitle={ICDE},
  pages={736--748},
  year={2023},
  organization={IEEE}
}
# shengzhe
@inproceedings{zhang2024temporal,
  title={Temporal Graph Contrastive Learning for Sequential Recommendation},
  author={Zhang, Shengzhe and Chen, Liyi and Wang, Chao and Li, Shuangli and Xiong, Hui},
  booktitle={AAAI},
  volume={38},
  number={8},
  pages={9359--9367},
  year={2024}
}

# shuyao
@inproceedings{wang2024dynamic,
  author       = {Shuyao Wang and Yongduo Sui and Jiancan Wu and Zhi Zheng and Hui Xiong},
  title        = {Dynamic Sparse Learning: A Novel Paradigm for Efficient Recommendation},
  booktitle    = {{WSDM}},
  publisher    = {{ACM}},
  year         = {2024}
}
@inproceedings{wang2024unleashing,
  title={Unleashing the Power of Knowledge Graph for Recommendation via Invariant Learning},
  author={Wang, Shuyao and Sui, Yongduo and Wang, Chao and Xiong, Hui},
  booktitle={WWW},
  pages={3745--3755},
  year={2024}
}

@article{sui2024simple,
author = {Sui, Yongduo and Wang, Shuyao and Sun, Jie and Liu, Zhiyuan and Cui, Qing and Li, Longfei and Zhou, Jun and Wang, Xiang and He, Xiangnan},
title = {A Simple Data Augmentation for Graph Classification: A Perspective of Equivariance and Invariance},
year = {2024},
publisher = {Association for Computing Machinery},
issn = {1556-4681},
journal = {ACM TKDD}
}

# ac
@inproceedings{kaplan2021unbiased,
  title={Unbiased filtering of accidental clicks in verizon media native advertising},
  author={Kaplan, Yohay and Krasne, Naama and Shtoff, Alex and Somekh, Oren},
  booktitle={Proceedings of the 30th ACM International Conference on Information \& Knowledge Management},
  pages={3878--3887},
  year={2021}
}
@inproceedings{joachims2017unbiased,
  title={Unbiased learning-to-rank with biased feedback},
  author={Joachims, Thorsten and Swaminathan, Adith and Schnabel, Tobias},
  booktitle={Proceedings of the tenth ACM international conference on web search and data mining},
  pages={781--789},
  year={2017}
}
@article{tolomei2019you,
  title={You must have clicked on this ad by mistake! Data-driven identification of accidental clicks on mobile ads with applications to advertiser cost discounting and click-through rate prediction},
  author={Tolomei, Gabriele and Lalmas, Mounia and Farahat, Ayman and Haines, Andrew},
  journal={International Journal of Data Science and Analytics},
  volume={7},
  pages={53--66},
  year={2019},
  publisher={Springer}
}