@inproceedings{HPEV+HMM+FRPV,
  title={Decoupled representation learning for skeleton-based gesture recognition},
  author={Liu, Jianbo and Liu, Yongcheng and Wang, Ying and Prinet, Veronique and Xiang, Shiming and Pan, Chunhong},
  booktitle={Proceedings of the IEEE/CVF conference on computer vision and pattern recognition},
  pages={5751--5760},
  year={2020},
  note = {Visited on 02/06/2022}
}

@inproceedings{akremi2022spd,
  title={SPD Siamese Neural Network for Skeleton-based Hand Gesture Recognition.},
  author={Akremi, Mohamed Sanim and Slama, Rim and Tabia, Hedi},
  booktitle={VISIGRAPP (4: VISAPP)},
  pages={394--402},
  year={2022},
  note = {Visited on 04/06/2022}
}

@inproceedings{as-gcn,
  title={Actional-structural graph convolutional networks for skeleton-based action recognition},
  author={Li, Maosen and Chen, Siheng and Chen, Xu and Zhang, Ya and Wang, Yanfeng and Tian, Qi},
  booktitle={Proceedings of the IEEE/CVF conference on computer vision and pattern recognition},
  pages={3595--3603},
  year={2019},
  note = {Visited on 11/03/2022}
}

@article{caputo,
  title={Comparing 3D trajectories for simple mid-air gesture recognition},
  author={Caputo, Fabio M and Prebianca, Pietro and Carcangiu, Alessandro and Spano, Lucio D and Giachetti, Andrea},
  journal={Computers \& Graphics},
  volume={73},
  pages={17--25},
  year={2018},
  publisher={Elsevier},
  note = {Visited on 03/06/2022}
}

@inproceedings{chen2017motion,
  title={Motion feature augmented recurrent neural network for skeleton-based dynamic hand gesture recognition},
  author={Chen, Xinghao and Guo, Hengkai and Wang, Guijin and Zhang, Li},
  booktitle={2017 IEEE International Conference on Image Processing (ICIP)},
  pages={2881--2885},
  year={2017},
  organization={IEEE},
  note = {Visited on 08/03/2022}
}

@inproceedings{de2016skeleton,
  title={Skeleton-based dynamic hand gesture recognition},
  author={De Smedt, Quentin and Wannous, Hazem and Vandeborre, Jean-Philippe},
  booktitle={Proceedings of the IEEE Conference on Computer Vision and Pattern Recognition Workshops},
  pages={1--9},
  year={2016},
  note = {Visited on 08/03/2022}
}

@article{de2019heterogeneous,
  title={Heterogeneous hand gesture recognition using 3D dynamic skeletal data},
  author={De Smedt, Quentin and Wannous, Hazem and Vandeborre, Jean-Philippe},
  journal={Computer Vision and Image Understanding},
  volume={181},
  pages={60--72},
  year={2019},
  publisher={Elsevier},
  note = {Visited on 07/03/2022}
}

@article{dg-sta,
  title={Construct dynamic graphs for hand gesture recognition via spatial-temporal attention},
  author={Chen, Yuxiao and Zhao, Long and Peng, Xi and Yuan, Jianbo and Metaxas, Dimitris N},
  journal={arXiv preprint arXiv:1907.08871},
  year={2019},
  note = {Visited on 16/03/2022}
}

@inproceedings{dhg,
  title={Skeleton-based dynamic hand gesture recognition},
  author={De Smedt, Quentin and Wannous, Hazem and Vandeborre, Jean-Philippe},
  booktitle={Proceedings of the IEEE Conference on Computer Vision and Pattern Recognition Workshops},
  pages={1--9},
  year={2016},
  note = {Visited on 07/03/2022}
}

@article{emporio2021stronger,
  title={STRONGER: Simple TRajectory-based ONline GEsture Recognizer},
  author={Emporio, Marco and Caputo, Ariel and Giachetti, Andrea},
  year={2021},
  publisher={The Eurographics Association},
  note = {Visited on 15/08/2022}
}

@article{gcn,
  title={Semi-supervised classification with graph convolutional networks},
  author={Kipf, Thomas N and Welling, Max},
  journal={arXiv preprint arXiv:1609.02907},
  year={2016},
  note = {Visited on 15/03/2022}
}

@inproceedings{hara2018can,
  title={Can spatiotemporal 3d cnns retrace the history of 2d cnns and imagenet?},
  author={Hara, Kensho and Kataoka, Hirokatsu and Satoh, Yutaka},
  booktitle={Proceedings of the IEEE conference on Computer Vision and Pattern Recognition},
  pages={6546--6555},
  year={2018},
  note = {Visited on 15/08/2022}
}

@inproceedings{he2016deep,
  title={Deep residual learning for image recognition},
  author={He, Kaiming and Zhang, Xiangyu and Ren, Shaoqing and Sun, Jian},
  booktitle={Proceedings of the IEEE conference on computer vision and pattern recognition},
  pages={770--778},
  year={2016},
  note = {Visited on 15/08/2022}
}

@inproceedings{huang-Riemannian,
  title={A riemannian network for spd matrix learning},
  author={Huang, Zhiwu and Van Gool, Luc},
  booktitle={Thirty-first AAAI conference on artificial intelligence},
  year={2017},
  note = {Visited on 03/06/2022}
}

@inproceedings{huang-grassman,
  title={Building deep networks on grassmann manifolds},
  author={Huang, Zhiwu and Wu, Jiqing and Van Gool, Luc},
  booktitle={Proceedings of the AAAI Conference on Artificial Intelligence},
  volume={32},
  number={1},
  year={2018},
  note = {Visited on 03/06/2022}
}

@inproceedings{li2018adaptive,
  title={Adaptive graph convolutional neural networks},
  author={Li, Ruoyu and Wang, Sheng and Zhu, Feiyun and Huang, Junzhou},
  booktitle={Proceedings of the AAAI conference on artificial intelligence},
  volume={32},
  number={1},
  year={2018},
  note = {Visited on 04/06/2022}
}

@inproceedings{li2019skeleton,
  title={Skeleton-based gesture recognition using several fully connected layers with path signature features and temporal transformer module},
  author={Li, Chenyang and Zhang, Xin and Liao, Lufan and Jin, Lianwen and Yang, Weixin},
  booktitle={Proceedings of the AAAI Conference on Artificial Intelligence},
  volume={33},
  number={01},
  pages={8585--8593},
  year={2019},
  note = {Visited on 09/03/2022}
}

@article{non-local-gcn,
  title={Non-local graph convolutional networks for skeleton-based action recognition},
  author={Shi, Lei and Zhang, Yifan and Cheng, Jian and Lu, Hanqing},
  journal={arXiv preprint arXiv:1805.07694},
  volume={1},
  number={2},
  pages={3},
  year={2018},
  note = {Visited on 11/03/2022}
}

@article{nunez2018convolutional,
  title={Convolutional neural networks and long short-term memory for skeleton-based human activity and hand gesture recognition},
  author={Nunez, Juan C and Cabido, Raul and Pantrigo, Juan J and Montemayor, Antonio S and Velez, Jose F},
  journal={Pattern Recognition},
  volume={76},
  pages={80--94},
  year={2018},
  publisher={Elsevier},
  note = {Visited on 08/03/2022}
}

@inproceedings{ohn2013joint,
  title={Joint angles similarities and HOG2 for action recognition},
  author={Ohn-Bar, Eshed and Trivedi, Mohan},
  booktitle={Proceedings of the IEEE conference on computer vision and pattern recognition workshops},
  pages={465--470},
  year={2013},
  note = {Visited on 07/03/2022}
}

@inproceedings{res-tcn,
  title={Spatial-temporal attention res-TCN for skeleton-based dynamic hand gesture recognition},
  author={Hou, Jingxuan and Wang, Guijin and Chen, Xinghao and Xue, Jing-Hao and Zhu, Rui and Yang, Huazhong},
  booktitle={Proceedings of the European conference on computer vision (ECCV) workshops},
  pages={0--0},
  year={2018},
  note = {Visited on 02/06/2022}
}

@inproceedings{sem-mem-wal,
  title={Learning explicit shape and motion evolution maps for skeleton-based human action recognition},
  author={Liu, Hong and Tu, Juanhui and Liu, Mengyuan and Ding, Runwei},
  booktitle={2018 IEEE International Conference on Acoustics, Speech and Signal Processing (ICASSP)},
  pages={1333--1337},
  year={2018},
  organization={IEEE},
  note = {Visited on 03/06/2022}
}

@inproceedings{shi2019two,
  title={Two-stream adaptive graph convolutional networks for skeleton-based action recognition},
  author={Shi, Lei and Zhang, Yifan and Cheng, Jian and Lu, Hanqing},
  booktitle={Proceedings of the IEEE/CVF conference on computer vision and pattern recognition},
  pages={12026--12035},
  year={2019},
  note = {Visited on 04/06/2022}
}

@article{shi2020skeleton,
  title={Skeleton-based action recognition with multi-stream adaptive graph convolutional networks},
  author={Shi, Lei and Zhang, Yifan and Cheng, Jian and Lu, Hanqing},
  journal={IEEE Transactions on Image Processing},
  volume={29},
  pages={9532--9545},
  year={2020},
  publisher={IEEE},
  note = {Visited on 04/06/2022}
}

@article{shrec21,
  title={SHREC 2021: Skeleton-based hand gesture recognition in the wild},
  author={Caputo, Ariel and Giachetti, Andrea and Soso, Simone and Pintani, Deborah and Dâ€™Eusanio, Andrea and Pini, Stefano and Borghi, Guido and Simoni, Alessandro and Vezzani, Roberto and Cucchiara, Rita and others},
  journal={Computers \& Graphics},
  volume={99},
  pages={201--211},
  year={2021},
  publisher={Elsevier},
  note = {Visited on 03/07/2022}
}

@inproceedings{si2019attention,
  title={An attention enhanced graph convolutional lstm network for skeleton-based action recognition},
  author={Si, Chenyang and Chen, Wentao and Wang, Wei and Wang, Liang and Tan, Tieniu},
  booktitle={Proceedings of the IEEE/CVF conference on computer vision and pattern recognition},
  pages={1227--1236},
  year={2019},
  note = {Visited on 08/03/2022}
}

@inproceedings{st-gcn,
  title={Spatial temporal graph convolutional networks for skeleton-based action recognition},
  author={Yan, Sijie and Xiong, Yuanjun and Lin, Dahua},
  booktitle={Thirty-second AAAI conference on artificial intelligence},
  year={2018},
  note = {Visited on 11/03/2022}
}

@article{st-tr,
  title={Skeleton-based action recognition via spatial and temporal transformer networks},
  author={Plizzari, Chiara and Cannici, Marco and Matteucci, Matteo},
  journal={Computer Vision and Image Understanding},
  volume={208},
  pages={103219},
  year={2021},
  publisher={Elsevier},
  note = {Visited on 14/03/2022}
}

@inproceedings{st-ts-hgr-net,
  title={A neural network based on SPD manifold learning for skeleton-based hand gesture recognition},
  author={Nguyen, Xuan Son and Brun, Luc and L{\'e}zoray, Olivier and Bougleux, S{\'e}bastien},
  booktitle={Proceedings of the IEEE/CVF Conference on Computer Vision and Pattern Recognition},
  pages={12036--12045},
  year={2019},
  note = {Visited on 02/06/2022}
}

@article{sta-gcn,
  title={STA-GCN: two-stream graph convolutional network with spatial--temporal attention for hand gesture recognition},
  author={Zhang, Wei and Lin, Zeyi and Cheng, Jian and Ma, Cuixia and Deng, Xiaoming and Wang, Hongan},
  journal={The Visual Computer},
  volume={36},
  number={10},
  pages={2433--2444},
  year={2020},
  publisher={Springer},
  note = {Visited on 15/03/2022}
}

@article{transformer,
  title={Attention is all you need},
  author={Vaswani, Ashish and Shazeer, Noam and Parmar, Niki and Uszkoreit, Jakob and Jones, Llion and Gomez, Aidan N and Kaiser, {\L}ukasz and Polosukhin, Illia},
  journal={Advances in neural information processing systems},
  volume={30},
  year={2017},
  note = {Visited on 15/03/2022}
}

