@article{fisher1936use,
  title={Un article important},
  author={Flen, Ben Foulen},
  journal={Un journal},
  volume={7},
  number={2},
  pages={253--257},
  year={2021},
  publisher={Un grand \'editeur}
}


@inproceedings{crisp-dm,
  title={CRISP-DM: Towards a standard process model for data mining},
  author={Wirth, R{\"u}diger and Hipp, Jochen},
  booktitle={Proceedings of the 4th international conference on the practical applications of knowledge discovery and data mining},
  volume={1},
  pages={29--39},
  year={2000},
  organization={Manchester}
}
@article{shrec21,
  title={SHREC 2021: Skeleton-based hand gesture recognition in the wild},
  author={Caputo, Ariel and Giachetti, Andrea and Soso, Simone and Pintani, Deborah and D’Eusanio, Andrea and Pini, Stefano and Borghi, Guido and Simoni, Alessandro and Vezzani, Roberto and Cucchiara, Rita and others},
  journal={Computers \& Graphics},
  volume={99},
  pages={201--211},
  year={2021},
  publisher={Elsevier},
  note = {Visited on 03/07/2022}
}
@inproceedings{ohn2013joint,
  title={Joint angles similarities and HOG2 for action recognition},
  author={Ohn-Bar, Eshed and Trivedi, Mohan},
  booktitle={Proceedings of the IEEE conference on computer vision and pattern recognition workshops},
  pages={465--470},
  year={2013},
  note = {Visited on 07/03/2022}
}
@article{de2019heterogeneous,
  title={Heterogeneous hand gesture recognition using 3D dynamic skeletal data},
  author={De Smedt, Quentin and Wannous, Hazem and Vandeborre, Jean-Philippe},
  journal={Computer Vision and Image Understanding},
  volume={181},
  pages={60--72},
  year={2019},
  publisher={Elsevier},
  note = {Visited on 07/03/2022}
}
@inproceedings{de2016skeleton,
  title={Skeleton-based dynamic hand gesture recognition},
  author={De Smedt, Quentin and Wannous, Hazem and Vandeborre, Jean-Philippe},
  booktitle={Proceedings of the IEEE Conference on Computer Vision and Pattern Recognition Workshops},
  pages={1--9},
  year={2016},
  note = {Visited on 08/03/2022}
}
@article{nunez2018convolutional,
  title={Convolutional neural networks and long short-term memory for skeleton-based human activity and hand gesture recognition},
  author={Nunez, Juan C and Cabido, Raul and Pantrigo, Juan J and Montemayor, Antonio S and Velez, Jose F},
  journal={Pattern Recognition},
  volume={76},
  pages={80--94},
  year={2018},
  publisher={Elsevier},
  note = {Visited on 08/03/2022}
}
@inproceedings{si2019attention,
  title={An attention enhanced graph convolutional lstm network for skeleton-based action recognition},
  author={Si, Chenyang and Chen, Wentao and Wang, Wei and Wang, Liang and Tan, Tieniu},
  booktitle={Proceedings of the IEEE/CVF conference on computer vision and pattern recognition},
  pages={1227--1236},
  year={2019},
  note = {Visited on 08/03/2022}
}
@inproceedings{chen2017motion,
  title={Motion feature augmented recurrent neural network for skeleton-based dynamic hand gesture recognition},
  author={Chen, Xinghao and Guo, Hengkai and Wang, Guijin and Zhang, Li},
  booktitle={2017 IEEE International Conference on Image Processing (ICIP)},
  pages={2881--2885},
  year={2017},
  organization={IEEE},
  note = {Visited on 08/03/2022}
}
@inproceedings{vemulapalli2014human,
  title={Human action recognition by representing 3d skeletons as points in a lie group},
  author={Vemulapalli, Raviteja and Arrate, Felipe and Chellappa, Rama},
  booktitle={Proceedings of the IEEE conference on computer vision and pattern recognition},
  pages={588--595},
  year={2014},
  note = {Visited on 08/03/2022}
}
@inproceedings{li2019skeleton,
  title={Skeleton-based gesture recognition using several fully connected layers with path signature features and temporal transformer module},
  author={Li, Chenyang and Zhang, Xin and Liao, Lufan and Jin, Lianwen and Yang, Weixin},
  booktitle={Proceedings of the AAAI Conference on Artificial Intelligence},
  volume={33},
  number={01},
  pages={8585--8593},
  year={2019},
  note = {Visited on 09/03/2022}
}
@article{hand-gesture-survey,
  title={Hand gesture recognition based on computer vision: a review of techniques},
  author={Oudah, Munir and Al-Naji, Ali and Chahl, Javaan},
  journal={journal of Imaging},
  volume={6},
  number={8},
  pages={73},
  year={2020},
  publisher={MDPI},
  note = {Visited on 07/03/2022}
}
@inproceedings{dhg,
  title={Skeleton-based dynamic hand gesture recognition},
  author={De Smedt, Quentin and Wannous, Hazem and Vandeborre, Jean-Philippe},
  booktitle={Proceedings of the IEEE Conference on Computer Vision and Pattern Recognition Workshops},
  pages={1--9},
  year={2016},
  note = {Visited on 07/03/2022}
}
@inproceedings{briareo,
  title={Hand gestures for the human-car interaction: The briareo dataset},
  author={Manganaro, Fabio and Pini, Stefano and Borghi, Guido and Vezzani, Roberto and Cucchiara, Rita},
  booktitle={International Conference on Image Analysis and Processing},
  pages={560--571},
  year={2019},
  organization={Springer},
  note = {Visited on 07/03/2022}
}
@inproceedings{lai2018cnn+,
  title={CNN+ RNN depth and skeleton based dynamic hand gesture recognition},
  author={Lai, Kenneth and Yanushkevich, Svetlana N},
  booktitle={2018 24th international conference on pattern recognition (ICPR)},
  pages={3451--3456},
  year={2018},
  organization={IEEE},
  note = {Visited on 10/03/2022}
}
@inproceedings{du2015hierarchical,
  title={Hierarchical recurrent neural network for skeleton based action recognition},
  author={Du, Yong and Wang, Wei and Wang, Liang},
  booktitle={Proceedings of the IEEE conference on computer vision and pattern recognition},
  pages={1110--1118},
  year={2015},
  note = {Visited on 10/03/2022}
}
@article{shin2020skeleton,
  title={Skeleton-based dynamic hand gesture recognition using a part-based GRU-RNN for gesture-based interface},
  author={Shin, Seunghyeok and Kim, Whoi-Yul},
  journal={Ieee Access},
  volume={8},
  pages={50236--50243},
  year={2020},
  publisher={IEEE},
  note = {Visited on 10/03/2022}
}
@inproceedings{li2017skeleton1,
  title={Skeleton-based action recognition using LSTM and CNN},
  author={Li, Chuankun and Wang, Pichao and Wang, Shuang and Hou, Yonghong and Li, Wanqing},
  booktitle={2017 IEEE International Conference on Multimedia \& Expo Workshops (ICMEW)},
  pages={585--590},
  year={2017},
  organization={IEEE},
  note = {Visited on 10/03/2022}
}
@inproceedings{li2017skeleton2,
  title={Skeleton based action recognition using translation-scale invariant image mapping and multi-scale deep CNN},
  author={Li, Bo and Dai, Yuchao and Cheng, Xuelian and Chen, Huahui and Lin, Yi and He, Mingyi},
  booktitle={2017 IEEE International Conference on Multimedia \& Expo Workshops (ICMEW)},
  pages={601--604},
  year={2017},
  organization={IEEE},
  note = {Visited on 10/03/2022}
}
@misc{xing2021deep,
  title={Deep learning-based action recognition with 3D skeleton: a survey},
  author={Xing, Yuling and Zhu, Jia},
  year={2021},
  publisher={Wiley Online Library},
  note = {Visited on 07/03/2022}
}
@inproceedings{st-gcn,
  title={Spatial temporal graph convolutional networks for skeleton-based action recognition},
  author={Yan, Sijie and Xiong, Yuanjun and Lin, Dahua},
  booktitle={Thirty-second AAAI conference on artificial intelligence},
  year={2018},
  note = {Visited on 11/03/2022}
}
@article{non-local-gcn,
  title={Non-local graph convolutional networks for skeleton-based action recognition},
  author={Shi, Lei and Zhang, Yifan and Cheng, Jian and Lu, Hanqing},
  journal={arXiv preprint arXiv:1805.07694},
  volume={1},
  number={2},
  pages={3},
  year={2018},
  note = {Visited on 11/03/2022}
}
@inproceedings{as-gcn,
  title={Actional-structural graph convolutional networks for skeleton-based action recognition},
  author={Li, Maosen and Chen, Siheng and Chen, Xu and Zhang, Ya and Wang, Yanfeng and Tian, Qi},
  booktitle={Proceedings of the IEEE/CVF conference on computer vision and pattern recognition},
  pages={3595--3603},
  year={2019},
  note = {Visited on 11/03/2022}
}
@inproceedings{tr-2d,
  title={A transformer-based network for dynamic hand gesture recognition},
  author={D’Eusanio, Andrea and Simoni, Alessandro and Pini, Stefano and Borghi, Guido and Vezzani, Roberto and Cucchiara, Rita},
  booktitle={2020 International Conference on 3D Vision (3DV)},
  pages={623--632},
  year={2020},
  organization={IEEE},
  note = {Visited on 14/03/2022}
}
@article{st-tr,
  title={Skeleton-based action recognition via spatial and temporal transformer networks},
  author={Plizzari, Chiara and Cannici, Marco and Matteucci, Matteo},
  journal={Computer Vision and Image Understanding},
  volume={208},
  pages={103219},
  year={2021},
  publisher={Elsevier},
  note = {Visited on 14/03/2022}
}
@article{gcn,
  title={Semi-supervised classification with graph convolutional networks},
  author={Kipf, Thomas N and Welling, Max},
  journal={arXiv preprint arXiv:1609.02907},
  year={2016},
  note = {Visited on 15/03/2022}
}
@article{transformer,
  title={Attention is all you need},
  author={Vaswani, Ashish and Shazeer, Noam and Parmar, Niki and Uszkoreit, Jakob and Jones, Llion and Gomez, Aidan N and Kaiser, {\L}ukasz and Polosukhin, Illia},
  journal={Advances in neural information processing systems},
  volume={30},
  year={2017},
  note = {Visited on 15/03/2022}
}
@inproceedings{skip-conn,
  title={Deep residual learning for image recognition},
  author={He, Kaiming and Zhang, Xiangyu and Ren, Shaoqing and Sun, Jian},
  booktitle={Proceedings of the IEEE conference on computer vision and pattern recognition},
  pages={770--778},
  year={2016},
  note = {Visited on 17/03/2022}
}
@article{layer-norm,
  title={Layer normalization},
  author={Ba, Jimmy Lei and Kiros, Jamie Ryan and Hinton, Geoffrey E},
  journal={arXiv preprint arXiv:1607.06450},
  year={2016},
  note = {Visited on 17/03/2022}
}
@article{guna2014analysis,
  title={An analysis of the precision and reliability of the leap motion sensor and its suitability for static and dynamic tracking},
  author={Guna, Jo{\v{z}}e and Jakus, Grega and Poga{\v{c}}nik, Matev{\v{z}} and Toma{\v{z}}i{\v{c}}, Sa{\v{s}}o and Sodnik, Jaka},
  journal={Sensors},
  volume={14},
  number={2},
  pages={3702--3720},
  year={2014},
  publisher={Molecular Diversity Preservation International (MDPI)},
  note = {Visited on 15/08/2022}
}
@inproceedings{he2016deep,
  title={Deep residual learning for image recognition},
  author={He, Kaiming and Zhang, Xiangyu and Ren, Shaoqing and Sun, Jian},
  booktitle={Proceedings of the IEEE conference on computer vision and pattern recognition},
  pages={770--778},
  year={2016},
  note = {Visited on 15/08/2022}
}
@inproceedings{hara2018can,
  title={Can spatiotemporal 3d cnns retrace the history of 2d cnns and imagenet?},
  author={Hara, Kensho and Kataoka, Hirokatsu and Satoh, Yutaka},
  booktitle={Proceedings of the IEEE conference on Computer Vision and Pattern Recognition},
  pages={6546--6555},
  year={2018},
  note = {Visited on 15/08/2022}
}
@article{emporio2021stronger,
  title={STRONGER: Simple TRajectory-based ONline GEsture Recognizer},
  author={Emporio, Marco and Caputo, Ariel and Giachetti, Andrea},
  year={2021},
  publisher={The Eurographics Association},
  note = {Visited on 15/08/2022}
}
@inproceedings{xia2019vision,
  title={Vision-based hand gesture recognition for human-robot collaboration: a survey},
  author={Xia, Zanwu and Lei, Qujiang and Yang, Yang and Zhang, Hongda and He, Yue and Wang, Weijun and Huang, Minghui},
  booktitle={2019 5th International Conference on Control, Automation and Robotics (ICCAR)},
  pages={198--205},
  year={2019},
  organization={IEEE},
  note = {Visited on 17/07/2022}
}
@article{lu2016dynamic,
  title={Dynamic hand gesture recognition with leap motion controller},
  author={Lu, Wei and Tong, Zheng and Chu, Jinghui},
  journal={IEEE Signal Processing Letters},
  volume={23},
  number={9},
  pages={1188--1192},
  year={2016},
  publisher={IEEE},
  note = {Visited on 17/07/2022}
}
@inproceedings{shrec19,
  title={Shrec 2019 track: online gesture recognition},
  author={Caputo, Fabio Marco and Burato, S and Pavan, G and Voillemin, Th{\'e}o and Wannous, Hazem and Vandeborre, Jean-Philippe and Maghoumi, Mehran and Taranta, EM and Razmjoo, A and LaViola Jr, JJ and others},
  booktitle={Eurographics Workshop on 3D Object Retrieval},
  year={2019},
  organization={The Eurographics Association},
  note = {Visited on 18/07/2022}
}
@inproceedings{shrec17,
  title={Shrec'17 track: 3d hand gesture recognition using a depth and skeletal dataset},
  author={De Smedt, Quentin and Wannous, Hazem and Vandeborre, Jean-Philippe and Guerry, Joris and Le Saux, Bertrand and Filliat, David},
  booktitle={3DOR-10th Eurographics Workshop on 3D Object Retrieval},
  pages={1--6},
  year={2017},
  note = {Visited on 21/03/2022}
}
@inproceedings{fpha,
  title={First-person hand action benchmark with rgb-d videos and 3d hand pose annotations},
  author={Garcia-Hernando, Guillermo and Yuan, Shanxin and Baek, Seungryul and Kim, Tae-Kyun},
  booktitle={Proceedings of the IEEE conference on computer vision and pattern recognition},
  pages={409--419},
  year={2018},
  note = {Visited on 21/03/2022}
}
@article{l1,
  title={L1-regularization path algorithm for generalized linear models},
  author={Park, Mee Young and Hastie, Trevor},
  journal={Journal of the Royal Statistical Society: Series B (Statistical Methodology)},
  volume={69},
  number={4},
  pages={659--677},
  year={2007},
  publisher={Wiley Online Library},
  note = {Visited on 15/05/2022}
}
@article{l2,
  title={L2 regularization for learning kernels},
  author={Cortes, Corinna and Mohri, Mehryar and Rostamizadeh, Afshin},
  journal={arXiv preprint arXiv:1205.2653},
  year={2012},
  note = {Visited on 15/05/2022}
}
@inproceedings{HPEV+HMM+FRPV,
  title={Decoupled representation learning for skeleton-based gesture recognition},
  author={Liu, Jianbo and Liu, Yongcheng and Wang, Ying and Prinet, Veronique and Xiang, Shiming and Pan, Chunhong},
  booktitle={Proceedings of the IEEE/CVF conference on computer vision and pattern recognition},
  pages={5751--5760},
  year={2020},
  note = {Visited on 02/06/2022}
}
@article{dg-sta,
  title={Construct dynamic graphs for hand gesture recognition via spatial-temporal attention},
  author={Chen, Yuxiao and Zhao, Long and Peng, Xi and Yuan, Jianbo and Metaxas, Dimitris N},
  journal={arXiv preprint arXiv:1907.08871},
  year={2019},
  note = {Visited on 16/03/2022}
}
@inproceedings{st-ts-hgr-net,
  title={A neural network based on SPD manifold learning for skeleton-based hand gesture recognition},
  author={Nguyen, Xuan Son and Brun, Luc and L{\'e}zoray, Olivier and Bougleux, S{\'e}bastien},
  booktitle={Proceedings of the IEEE/CVF Conference on Computer Vision and Pattern Recognition},
  pages={12036--12045},
  year={2019},
  note = {Visited on 02/06/2022}
}
@inproceedings{res-tcn,
  title={Spatial-temporal attention res-TCN for skeleton-based dynamic hand gesture recognition},
  author={Hou, Jingxuan and Wang, Guijin and Chen, Xinghao and Xue, Jing-Hao and Zhu, Rui and Yang, Huazhong},
  booktitle={Proceedings of the European conference on computer vision (ECCV) workshops},
  pages={0--0},
  year={2018},
  note = {Visited on 02/06/2022}
}
@inproceedings{sem-mem-wal,
  title={Learning explicit shape and motion evolution maps for skeleton-based human action recognition},
  author={Liu, Hong and Tu, Juanhui and Liu, Mengyuan and Ding, Runwei},
  booktitle={2018 IEEE International Conference on Acoustics, Speech and Signal Processing (ICASSP)},
  pages={1333--1337},
  year={2018},
  organization={IEEE},
  note = {Visited on 03/06/2022}
}
@article{caputo,
  title={Comparing 3D trajectories for simple mid-air gesture recognition},
  author={Caputo, Fabio M and Prebianca, Pietro and Carcangiu, Alessandro and Spano, Lucio D and Giachetti, Andrea},
  journal={Computers \& Graphics},
  volume={73},
  pages={17--25},
  year={2018},
  publisher={Elsevier},
  note = {Visited on 03/06/2022}
}
@inproceedings{huang-Riemannian,
  title={A riemannian network for spd matrix learning},
  author={Huang, Zhiwu and Van Gool, Luc},
  booktitle={Thirty-first AAAI conference on artificial intelligence},
  year={2017},
  note = {Visited on 03/06/2022}
}
@inproceedings{huang-grassman,
  title={Building deep networks on grassmann manifolds},
  author={Huang, Zhiwu and Wu, Jiqing and Van Gool, Luc},
  booktitle={Proceedings of the AAAI Conference on Artificial Intelligence},
  volume={32},
  number={1},
  year={2018},
  note = {Visited on 03/06/2022}
}
@article{gcnref1,
  title={Convolutional networks on graphs for learning molecular fingerprints},
  author={Duvenaud, David K and Maclaurin, Dougal and Iparraguirre, Jorge and Bombarell, Rafael and Hirzel, Timothy and Aspuru-Guzik, Al{\'a}n and Adams, Ryan P},
  journal={Advances in neural information processing systems},
  volume={28},
  year={2015},
  note = {Visited on 03/06/2022}
}
@inproceedings{gcnref2,
  title={Learning convolutional neural networks for graphs},
  author={Niepert, Mathias and Ahmed, Mohamed and Kutzkov, Konstantin},
  booktitle={International conference on machine learning},
  pages={2014--2023},
  year={2016},
  organization={PMLR},
  note = {Visited on 22/03/2022}
}
@article{gcnref3,
  title={Inductive representation learning on large graphs},
  author={Hamilton, Will and Ying, Zhitao and Leskovec, Jure},
  journal={Advances in neural information processing systems},
  volume={30},
  year={2017},
  note = {Visited on 23/03/2022}
}
@inproceedings{gcnref4,
  title={Geometric deep learning on graphs and manifolds using mixture model cnns},
  author={Monti, Federico and Boscaini, Davide and Masci, Jonathan and Rodola, Emanuele and Svoboda, Jan and Bronstein, Michael M},
  booktitle={Proceedings of the IEEE conference on computer vision and pattern recognition},
  pages={5115--5124},
  year={2017},
  note = {Visited on 17/03/2022}
}
@inproceedings{gcnref5,
  title={Neural relational inference for interacting systems},
  author={Kipf, Thomas and Fetaya, Ethan and Wang, Kuan-Chieh and Welling, Max and Zemel, Richard},
  booktitle={International Conference on Machine Learning},
  pages={2688--2697},
  year={2018},
  organization={PMLR},
  note = {Visited on 18/03/2022}
}
@inproceedings{lstm-hg,
  title={Hand gestures for the human-car interaction: The briareo dataset},
  author={Manganaro, Fabio and Pini, Stefano and Borghi, Guido and Vezzani, Roberto and Cucchiara, Rita},
  booktitle={International Conference on Image Analysis and Processing},
  pages={560--571},
  year={2019},
  organization={Springer},
  note = {Visited on 23/03/2022}
}
@article{sta-gcn,
  title={STA-GCN: two-stream graph convolutional network with spatial--temporal attention for hand gesture recognition},
  author={Zhang, Wei and Lin, Zeyi and Cheng, Jian and Ma, Cuixia and Deng, Xiaoming and Wang, Hongan},
  journal={The Visual Computer},
  volume={36},
  number={10},
  pages={2433--2444},
  year={2020},
  publisher={Springer},
  note = {Visited on 15/03/2022}
}
@article{dropout,
  title={Dropout: a simple way to prevent neural networks from overfitting},
  author={Srivastava, Nitish and Hinton, Geoffrey and Krizhevsky, Alex and Sutskever, Ilya and Salakhutdinov, Ruslan},
  journal={The journal of machine learning research},
  volume={15},
  number={1},
  pages={1929--1958},
  year={2014},
  publisher={JMLR. org},
  note = {Visited on 02/05/2022}
}
@inproceedings{glorot2010understanding,
  title={Understanding the difficulty of training deep feedforward neural networks},
  author={Glorot, Xavier and Bengio, Yoshua},
  booktitle={Proceedings of the thirteenth international conference on artificial intelligence and statistics},
  pages={249--256},
  year={2010},
  organization={JMLR Workshop and Conference Proceedings},
  note = {Visited on 02/05/2022}
}
@inproceedings{shi2019two,
  title={Two-stream adaptive graph convolutional networks for skeleton-based action recognition},
  author={Shi, Lei and Zhang, Yifan and Cheng, Jian and Lu, Hanqing},
  booktitle={Proceedings of the IEEE/CVF conference on computer vision and pattern recognition},
  pages={12026--12035},
  year={2019},
  note = {Visited on 04/06/2022}
}
@article{shi2020skeleton,
  title={Skeleton-based action recognition with multi-stream adaptive graph convolutional networks},
  author={Shi, Lei and Zhang, Yifan and Cheng, Jian and Lu, Hanqing},
  journal={IEEE Transactions on Image Processing},
  volume={29},
  pages={9532--9545},
  year={2020},
  publisher={IEEE},
  note = {Visited on 04/06/2022}
}
@inproceedings{li2018adaptive,
  title={Adaptive graph convolutional neural networks},
  author={Li, Ruoyu and Wang, Sheng and Zhu, Feiyun and Huang, Junzhou},
  booktitle={Proceedings of the AAAI conference on artificial intelligence},
  volume={32},
  number={1},
  year={2018},
  note = {Visited on 04/06/2022}
}
@inproceedings{akremi2022spd,
  title={SPD Siamese Neural Network for Skeleton-based Hand Gesture Recognition.},
  author={Akremi, Mohamed Sanim and Slama, Rim and Tabia, Hedi},
  booktitle={VISIGRAPP (4: VISAPP)},
  pages={394--402},
  year={2022},
  note = {Visited on 04/06/2022}
}
@article{velivckovic2017graph,
  title={Graph attention networks},
  author={Veli{\v{c}}kovi{\'c}, Petar and Cucurull, Guillem and Casanova, Arantxa and Romero, Adriana and Lio, Pietro and Bengio, Yoshua},
  journal={arXiv preprint arXiv:1710.10903},
  year={2017},
  note = {Visited on 17/03/2022}
}
@article{hedegaard2022continual,
  title={Continual Transformers: Redundancy-Free Attention for Online Inference},
  author={Hedegaard, Lukas and Bakhtiarnia, Arian and Iosifidis, Alexandros},
  journal={arXiv preprint arXiv:2201.06268},
  year={2022},
  note = {Visited on 19/07/2022}
}
@article{hawkins2004problem,
  title={The problem of overfitting},
  author={Hawkins, Douglas M},
  journal={Journal of chemical information and computer sciences},
  volume={44},
  number={1},
  pages={1--12},
  year={2004},
  publisher={ACS Publications}
}
@article{hedegaard2022continualinference,
  title={Continual inference: a library for efficient online inference with deep neural networks in pytorch},
  author={Hedegaard, Lukas and Iosifidis, Alexandros},
  journal={arXiv preprint arXiv:2204.03418},
  year={2022}
}