@inproceedings{dampfhoffer2023leveraging,
  title={Leveraging Sparsity with Spiking Recurrent Neural Networks for Energy-Efficient Keyword Spotting},
  author={Dampfhoffer, Manon and Mesquida, Thomas and Hardy, Emmanuel and Valentian, Alexandre and Anghel, Lorena},
  booktitle={ICASSP 2023-2023 IEEE International Conference on Acoustics, Speech and Signal Processing (ICASSP)},
  pages={1--5},
  year={2023},
  organization={IEEE}
}

@inproceedings{khacef2018confronting,
  title={Confronting machine-learning with neuroscience for neuromorphic architectures design},
  author={Khacef, Lyes and Abderrahmane, Nassim and Miramond, Benoit},
  booktitle={2018 International Joint Conference on Neural Networks (IJCNN)},
  pages={1--8},
  year={2018},
  organization={IEEE}
}


@inproceedings{lemaire2022analytical,
  title={An analytical estimation of spiking neural networks energy efficiency},
  author={Lemaire, Edgar and Cordone, Lo{\"\i}c and Castagnetti, Andrea and Novac, Pierre-Emmanuel and Courtois, Jonathan and Miramond, Beno{\^\i}t},
  booktitle={International Conference on Neural Information Processing},
  pages={574--587},
  year={2022},
  organization={Springer}
}

@inproceedings{alonso2019ev,
  title={EV-SegNet: Semantic segmentation for event-based cameras},
  author={Alonso, Inigo and Murillo, Ana C},
  booktitle={Proceedings of the IEEE/CVF Conference on Computer Vision and Pattern Recognition Workshops},
  pages={0--0},
  year={2019}
}

@inproceedings{cordts2016cityscapes,
  title={The cityscapes dataset for semantic urban scene understanding},
  author={Cordts, Marius and Omran, Mohamed and Ramos, Sebastian and Rehfeld, Timo and Enzweiler, Markus and Benenson, Rodrigo and Franke, Uwe and Roth, Stefan and Schiele, Bernt},
  booktitle={Proceedings of the IEEE conference on computer vision and pattern recognition},
  pages={3213--3223},
  year={2016}
}

@inproceedings{gehrig2020video,
  title={Video to events: Recycling video datasets for event cameras},
  author={Gehrig, Daniel and Gehrig, Mathias and Hidalgo-Carri{\'o}, Javier and Scaramuzza, Davide},
  booktitle={Proceedings of the IEEE/CVF Conference on Computer Vision and Pattern Recognition},
  pages={3586--3595},
  year={2020}
}

@inproceedings{wang2021dual,
  title={Dual transfer learning for event-based end-task prediction via pluggable event to image translation},
  author={Wang, Lin and Chae, Yujeong and Yoon, Kuk-Jin},
  booktitle={Proceedings of the IEEE/CVF International Conference on Computer Vision},
  pages={2135--2145},
  year={2021}
}


@inproceedings{wang2021evdistill,
  title={Evdistill: Asynchronous events to end-task learning via bidirectional reconstruction-guided cross-modal knowledge distillation},
  author={Wang, Lin and Chae, Yujeong and Yoon, Sung-Hoon and Kim, Tae-Kyun and Yoon, Kuk-Jin},
  booktitle={Proceedings of the IEEE/CVF Conference on Computer Vision and Pattern Recognition},
  pages={608--619},
  year={2021}
}

@inproceedings{sun2022ess,
  title={Ess: Learning event-based semantic segmentation from still images},
  author={Sun, Zhaoning and Messikommer, Nico and Gehrig, Daniel and Scaramuzza, Davide},
  booktitle={European Conference on Computer Vision},
  pages={341--357},
  year={2022},
  organization={Springer}
}

@article{zhang2023energy,
  title={Energy-Efficient Spiking Segmenter for Frame and Event-Based Images},
  author={Zhang, Hong and Fan, Xiongfei and Zhang, Yu},
  journal={Biomimetics},
  volume={8},
  number={4},
  pages={356},
  year={2023},
  publisher={MDPI}
}

@inproceedings{das2024halsie,
  title={HALSIE: Hybrid Approach to Learning Segmentation by Simultaneously Exploiting Image and Event Modalities},
  author={Das Biswas, Shristi and Kosta, Adarsh and Liyanagedera, Chamika and Apolinario, Marco and Roy, Kaushik},
  booktitle={Proceedings of the IEEE/CVF Winter Conference on Applications of Computer Vision},
  pages={5964--5974},
  year={2024}
}

@article{kim2022beyond,
  title={Beyond classification: Directly training spiking neural networks for semantic segmentation},
  author={Kim, Youngeun and Chough, Joshua and Panda, Priyadarshini},
  journal={Neuromorphic Computing and Engineering},
  volume={2},
  number={4},
  pages={044015},
  year={2022},
  publisher={IOP Publishing}
}

@article{nahmias2013leaky,
  title={A leaky integrate-and-fire laser neuron for ultrafast cognitive computing},
  author={Nahmias, Mitchell A and Shastri, Bhavin J and Tait, Alexander N and Prucnal, Paul R},
  journal={IEEE journal of selected topics in quantum electronics},
  volume={19},
  number={5},
  pages={1--12},
  year={2013},
  publisher={IEEE}
}



@inproceedings{jain2019accel,
  title={Accel: A corrective fusion network for efficient semantic segmentation on video},
  author={Jain, Samvit and Wang, Xin and Gonzalez, Joseph E},
  booktitle={Proceedings of the IEEE/CVF Conference on Computer Vision and Pattern Recognition},
  pages={8866--8875},
  year={2019}
}

@inproceedings{zhu2017deep,
  title={Deep feature flow for video recognition},
  author={Zhu, Xizhou and Xiong, Yuwen and Dai, Jifeng and Yuan, Lu and Wei, Yichen},
  booktitle={Proceedings of the IEEE conference on computer vision and pattern recognition},
  pages={2349--2358},
  year={2017}
}

@inproceedings{xu2018dynamic,
  title={Dynamic video segmentation network},
  author={Xu, Yu-Syuan and Fu, Tsu-Jui and Yang, Hsuan-Kung and Lee, Chun-Yi},
  booktitle={Proceedings of the IEEE conference on computer vision and pattern recognition},
  pages={6556--6565},
  year={2018}
}

@inproceedings{li2018low,
  title={Low-latency video semantic segmentation},
  author={Li, Yule and Shi, Jianping and Lin, Dahua},
  booktitle={Proceedings of the IEEE conference on Computer Vision and Pattern Recognition},
  pages={5997--6005},
  year={2018}
}


@inproceedings{wang2021end,
  title={End-to-end video instance segmentation with transformers},
  author={Wang, Yuqing and Xu, Zhaoliang and Wang, Xinlong and Shen, Chunhua and Cheng, Baoshan and Shen, Hao and Xia, Huaxia},
  booktitle={Proceedings of the IEEE/CVF conference on computer vision and pattern recognition},
  pages={8741--8750},
  year={2021}
}


@inproceedings{yang2022temporally,
  title={Temporally efficient vision transformer for video instance segmentation},
  author={Yang, Shusheng and Wang, Xinggang and Li, Yu and Fang, Yuxin and Fang, Jiemin and Liu, Wenyu and Zhao, Xun and Shan, Ying},
  booktitle={Proceedings of the IEEE/CVF conference on computer vision and pattern recognition},
  pages={2885--2895},
  year={2022}
}

@inproceedings{wu2022seqformer,
  title={Seqformer: Sequential transformer for video instance segmentation},
  author={Wu, Junfeng and Jiang, Yi and Bai, Song and Zhang, Wenqing and Bai, Xiang},
  booktitle={European Conference on Computer Vision},
  pages={553--569},
  year={2022},
  organization={Springer}
}

@inproceedings{gehrig2019end,
  title={End-to-end learning of representations for asynchronous event-based data},
  author={Gehrig, Daniel and Loquercio, Antonio and Derpanis, Konstantinos G and Scaramuzza, Davide},
  booktitle={Proceedings of the IEEE/CVF International Conference on Computer Vision},
  pages={5633--5643},
  year={2019}
}

@article{fang2021deep,
  title={Deep residual learning in spiking neural networks},
  author={Fang, Wei and Yu, Zhaofei and Chen, Yanqi and Huang, Tiejun and Masquelier, Timoth{\'e}e and Tian, Yonghong},
  journal={Advances in Neural Information Processing Systems},
  volume={34},
  pages={21056--21069},
  year={2021}
}

@article{davies2018loihi,
  title={Loihi: A neuromorphic manycore processor with on-chip learning},
  author={Davies, Mike and Srinivasa, Narayan and Lin, Tsung-Han and Chinya, Gautham and Cao, Yongqiang and Choday, Sri Harsha and Dimou, Georgios and Joshi, Prasad and Imam, Nabil and Jain, Shweta and others},
  journal={Ieee Micro},
  volume={38},
  number={1},
  pages={82--99},
  year={2018},
  publisher={IEEE}
}
@article{furber2014spinnaker,
  title={The spinnaker project},
  author={Furber, Steve B and Galluppi, Francesco and Temple, Steve and Plana, Luis A},
  journal={Proceedings of the IEEE},
  volume={102},
  number={5},
  pages={652--665},
  year={2014},
  publisher={IEEE}
}

@INPROCEEDINGS{Spleat_application2020,
  author={Lemaire, Edgar and Moretti, Matthieu and Daniel, Lionel and Miramond, Benoît and Millet, Philippe and Feresin, Frédéric and Bilavarn, Sébastien},
  booktitle={2020 IEEE International Symposium on Circuits and Systems (ISCAS)}, 
  title={An FPGA-Based Hybrid Neural Network Accelerator for Embedded Satellite Image Classification}, 
  year={2020},
  doi={10.1109/ISCAS45731.2020.9180625}
}

@inproceedings{abderrahmane2022spleat,
  title={SPLEAT: SPiking Low-power Event-based ArchiTecture for in-orbit processing of satellite imagery},
  author={Abderrahmane, Nassim and Miramond, Beno{\^\i}t and Kervennic, Erwann and Girard, Adrien},
  booktitle={2022 International Joint Conference on Neural Networks (IJCNN)},
  pages={1--10},
  year={2022},
  organization={IEEE}
}



@article{neftci2019surrogate,
  title={Surrogate gradient learning in spiking neural networks: Bringing the power of gradient-based optimization to spiking neural networks},
  author={Neftci, Emre O and Mostafa, Hesham and Zenke, Friedemann},
  journal={IEEE Signal Processing Magazine},
  volume={36},
  number={6},
  pages={51--63},
  year={2019},
  publisher={IEEE}
}

@article{guo2023joint,
  title={Joint A-SNN: Joint training of artificial and spiking neural networks via self-Distillation and weight factorization},
  author={Guo, Yufei and Peng, Weihang and Chen, Yuanpei and Zhang, Liwen and Liu, Xiaode and Huang, Xuhui and Ma, Zhe},
  journal={Pattern Recognition},
  volume={142},
  pages={109639},
  year={2023},
  publisher={Elsevier}
}


@inproceedings{wu2019direct,
  title={Direct training for spiking neural networks: Faster, larger, better},
  author={Wu, Yujie and Deng, Lei and Li, Guoqi and Zhu, Jun and Xie, Yuan and Shi, Luping},
  booktitle={Proceedings of the AAAI conference on artificial intelligence},
  volume={33},
  number={01},
  pages={1311--1318},
  year={2019}
}

@article{tao2020hierarchical,
  title={Hierarchical multi-scale attention for semantic segmentation},
  author={Tao, Andrew and Sapra, Karan and Catanzaro, Bryan},
  journal={arXiv preprint arXiv:2005.10821},
  year={2020}
}


@article{cuadrado2023optical,
  title={Optical flow estimation from event-based cameras and spiking neural networks},
  author={Cuadrado, Javier and Ran{\c{c}}on, Ulysse and Cottereau, Benoit R and Barranco, Francisco and Masquelier, Timoth{\'e}e},
  journal={Frontiers in Neuroscience},
  volume={17},
  pages={1160034},
  year={2023},
  publisher={Frontiers}
}


@article{maass1997networks,
  title={Networks of spiking neurons: the third generation of neural network models},
  author={Maass, Wolfgang},
  journal={Neural networks},
  volume={10},
  number={9},
  pages={1659--1671},
  year={1997},
  publisher={Elsevier}
}

@article{kingma2014adam,
  title={Adam: A method for stochastic optimization},
  author={Kingma, Diederik P and Ba, Jimmy},
  journal={arXiv preprint arXiv:1412.6980},
  year={2014}
}


@article{hareb2024evsegsnn,
  title={EvSegSNN: Neuromorphic Semantic Segmentation for Event Data},
  author={Hareb, Dalia and Martinet, Jean},
  journal={arXiv preprint arXiv:2406.14178 },
  year={2024}
}



