@inproceedings{alonso2019ev,
  title={EV-SegNet: Semantic segmentation for event-based cameras},
  author={Alonso, Inigo and Murillo, Ana C},
  booktitle={Proceedings of the IEEE/CVF Conference on Computer Vision and Pattern Recognition Workshops},
  pages={0--0},
  year={2019}
}

@inproceedings{cordts2016cityscapes,
  title={The cityscapes dataset for semantic urban scene understanding},
  author={Cordts, Marius and Omran, Mohamed and Ramos, Sebastian and Rehfeld, Timo and Enzweiler, Markus and Benenson, Rodrigo and Franke, Uwe and Roth, Stefan and Schiele, Bernt},
  booktitle={Proceedings of the IEEE conference on computer vision and pattern recognition},
  pages={3213--3223},
  year={2016}
}

@inproceedings{das2024halsie,
  title={HALSIE: Hybrid Approach to Learning Segmentation by Simultaneously Exploiting Image and Event Modalities},
  author={Das Biswas, Shristi and Kosta, Adarsh and Liyanagedera, Chamika and Apolinario, Marco and Roy, Kaushik},
  booktitle={Proceedings of the IEEE/CVF Winter Conference on Applications of Computer Vision},
  pages={5964--5974},
  year={2024}
}

@inproceedings{gehrig2019end,
  title={End-to-end learning of representations for asynchronous event-based data},
  author={Gehrig, Daniel and Loquercio, Antonio and Derpanis, Konstantinos G and Scaramuzza, Davide},
  booktitle={Proceedings of the IEEE/CVF International Conference on Computer Vision},
  pages={5633--5643},
  year={2019}
}

@inproceedings{gehrig2020video,
  title={Video to events: Recycling video datasets for event cameras},
  author={Gehrig, Daniel and Gehrig, Mathias and Hidalgo-Carri{\'o}, Javier and Scaramuzza, Davide},
  booktitle={Proceedings of the IEEE/CVF Conference on Computer Vision and Pattern Recognition},
  pages={3586--3595},
  year={2020}
}

@article{hareb2024evsegsnn,
  title={EvSegSNN: Neuromorphic Semantic Segmentation for Event Data},
  author={Hareb, Dalia and Martinet, Jean},
  journal={arXiv preprint arXiv:2406.14178 },
  year={2024}
}

@inproceedings{jain2019accel,
  title={Accel: A corrective fusion network for efficient semantic segmentation on video},
  author={Jain, Samvit and Wang, Xin and Gonzalez, Joseph E},
  booktitle={Proceedings of the IEEE/CVF Conference on Computer Vision and Pattern Recognition},
  pages={8866--8875},
  year={2019}
}

@article{kim2022beyond,
  title={Beyond classification: Directly training spiking neural networks for semantic segmentation},
  author={Kim, Youngeun and Chough, Joshua and Panda, Priyadarshini},
  journal={Neuromorphic Computing and Engineering},
  volume={2},
  number={4},
  pages={044015},
  year={2022},
  publisher={IOP Publishing}
}

@inproceedings{li2018low,
  title={Low-latency video semantic segmentation},
  author={Li, Yule and Shi, Jianping and Lin, Dahua},
  booktitle={Proceedings of the IEEE conference on Computer Vision and Pattern Recognition},
  pages={5997--6005},
  year={2018}
}

@inproceedings{sun2022ess,
  title={Ess: Learning event-based semantic segmentation from still images},
  author={Sun, Zhaoning and Messikommer, Nico and Gehrig, Daniel and Scaramuzza, Davide},
  booktitle={European Conference on Computer Vision},
  pages={341--357},
  year={2022},
  organization={Springer}
}

@inproceedings{wang2021dual,
  title={Dual transfer learning for event-based end-task prediction via pluggable event to image translation},
  author={Wang, Lin and Chae, Yujeong and Yoon, Kuk-Jin},
  booktitle={Proceedings of the IEEE/CVF International Conference on Computer Vision},
  pages={2135--2145},
  year={2021}
}

@inproceedings{wang2021end,
  title={End-to-end video instance segmentation with transformers},
  author={Wang, Yuqing and Xu, Zhaoliang and Wang, Xinlong and Shen, Chunhua and Cheng, Baoshan and Shen, Hao and Xia, Huaxia},
  booktitle={Proceedings of the IEEE/CVF conference on computer vision and pattern recognition},
  pages={8741--8750},
  year={2021}
}

@inproceedings{wang2021evdistill,
  title={Evdistill: Asynchronous events to end-task learning via bidirectional reconstruction-guided cross-modal knowledge distillation},
  author={Wang, Lin and Chae, Yujeong and Yoon, Sung-Hoon and Kim, Tae-Kyun and Yoon, Kuk-Jin},
  booktitle={Proceedings of the IEEE/CVF Conference on Computer Vision and Pattern Recognition},
  pages={608--619},
  year={2021}
}

@inproceedings{wu2022seqformer,
  title={Seqformer: Sequential transformer for video instance segmentation},
  author={Wu, Junfeng and Jiang, Yi and Bai, Song and Zhang, Wenqing and Bai, Xiang},
  booktitle={European Conference on Computer Vision},
  pages={553--569},
  year={2022},
  organization={Springer}
}

@inproceedings{xu2018dynamic,
  title={Dynamic video segmentation network},
  author={Xu, Yu-Syuan and Fu, Tsu-Jui and Yang, Hsuan-Kung and Lee, Chun-Yi},
  booktitle={Proceedings of the IEEE conference on computer vision and pattern recognition},
  pages={6556--6565},
  year={2018}
}

@inproceedings{yang2022temporally,
  title={Temporally efficient vision transformer for video instance segmentation},
  author={Yang, Shusheng and Wang, Xinggang and Li, Yu and Fang, Yuxin and Fang, Jiemin and Liu, Wenyu and Zhao, Xun and Shan, Ying},
  booktitle={Proceedings of the IEEE/CVF conference on computer vision and pattern recognition},
  pages={2885--2895},
  year={2022}
}

@article{zhang2023energy,
  title={Energy-Efficient Spiking Segmenter for Frame and Event-Based Images},
  author={Zhang, Hong and Fan, Xiongfei and Zhang, Yu},
  journal={Biomimetics},
  volume={8},
  number={4},
  pages={356},
  year={2023},
  publisher={MDPI}
}

@inproceedings{zhu2017deep,
  title={Deep feature flow for video recognition},
  author={Zhu, Xizhou and Xiong, Yuwen and Dai, Jifeng and Yuan, Lu and Wei, Yichen},
  booktitle={Proceedings of the IEEE conference on computer vision and pattern recognition},
  pages={2349--2358},
  year={2017}
}

