@article{achache2020denoising,
  title={Denoising quantum states with quantum autoencoders--Theory and applications},
  author={Achache, T. and Horesh, L. and Smolin, J.},
  journal={\textit{arXiv preprint arXiv:2012.14714}},
  year={2020}
}

@article{anand2022quantum,
  title={Quantum compression with classically simulatable circuits},
  author={Anand, A. and Kottmann, J. S. and Aspuru-Guzik, A.},
  journal={arXiv preprint arXiv:2207.02961},
  year={2022}
}

@article{bondarenko2020quantum,
  title={Quantum autoencoders to denoise quantum data},
  author={Bondarenko, D. and Feldmann, P.},
  journal={\textit{Physical review letters}},
  volume={124},
  number={13},
  pages={130502},
  year={2020},
  publisher={APS}
}

@article{bravo2021quantum,
  title={Quantum autoencoders with enhanced data encoding},
  author={Bravo-Prieto, C.},
  journal={Machine Learning: Science and Technology},
  volume={2},
  number={3},
  pages={035028},
  year={2021},
  publisher={IOP Publishing}
}

@article{buhrman2001quantum,
  title={Quantum fingerprinting},
  author={Buhrman, H. and Cleve, R. and Watrous, J. and De Wolf, R.},
  journal={\textit{Physical review letters}},
  volume={87},
  number={16},
  pages={167902},
  year={2001},
  publisher={APS}
}

@article{cao2021noise,
  title={Noise-assisted quantum autoencoder},
  author={Cao, Chenfeng and Wang, Xin},
  journal={\textit{Physical Review Applied}},
  volume={15},
  number={5},
  pages={054012},
  year={2021},
  publisher={APS}
}

@article{carrasquilla2021probabilistic,
  title={Probabilistic simulation of quantum circuits using a deep-learning architecture},
  author={Carrasquilla, J. and Luo, D. and P{\'e}rez, F. and Milsted, A. and Clark, B. K. and Volkovs, M. and Aolita, L.},
  journal={\textit{Physical Review A}},
  volume={104},
  number={3},
  pages={032610},
  year={2021},
  publisher={APS}
}

@article{chen2021expressibility,
  title={On the expressibility and overfitting of quantum circuit learning},
  author={Chen, C. and Watabe, M. and Shiba, K. and Sogabe, M. and Sakamoto, K. and Sogabe, T.},
  journal={\textit{ACM Transactions on Quantum Computing}},
  volume={2},
  number={2},
  pages={1--24},
  year={2021},
  publisher={ACM New York, NY, USA}
}

@article{chiribella2015universal,
  title={Universal super-replication of unitary gates},
  author={Chiribella, G. and Yang, Y. and Huang, C.},
  journal={\textit{Physical review letters}},
  volume={114},
  number={12},
  pages={120504},
  year={2015},
  publisher={APS}
}

@article{du2021exploring,
  title={On exploring practical potentials of quantum auto-encoder with advantages},
  author={Du, Y. and Tao, D.},
  journal={\textit{arXiv preprint arXiv:2106.15432}},
  year={2021}
}

@article{gong2024quantum,
  title={Quantum convolutional neural network based on variational quantum circuits},
  author={Gong, L. and Pei, J. and Zhang, T. and Zhou, N.},
  journal={\textit{Optics Communications}},
  volume={550},
  pages={129993},
  year={2024},
  publisher={Elsevier}
}

@article{haque2023efficient,
  title={Efficient quantum image representation and compression circuit using zero-discarded state preparation approach},
  author={Haque, M. E. and Paul, M. and Ulhaq, A. and Debnath, T.},
  journal={arXiv preprint arXiv:2306.12634},
  year={2023}
}

@inproceedings{haque2023enhancing,
  title={Enhancing Image Representation and Compression: An Innovative Nz-Nqer Framework With Block Truncation Quantum Coding},
  author={Haque, M. E. and Paul, M. and Tohidi, F. and Ulhaq, A. and Debnath, T.},
  booktitle={\textit{2023 International Conference on Digital Image Computing: Techniques and Applications (DICTA)}},
  pages={304--311},
  year={2023},
  organization={IEEE}
}

@inproceedings{haqueblock,
  title={BLOCK-WISE COMPRESSION OF THE QUANTUM GRAY-SCALE IMAGE USING LOSSY PREPARATION APPROACH},
  author={Haque, M. E. and Paul, M.},
  booktitle={\textit{2024 International Conference on Multimedia and Expo}},
  pages={1--6},
  year={2024},
  organization={IEEE}
}

@article{huang2020realization,
  title={Realization of a quantum autoencoder for lossless compression of quantum data},
  author={Huang, C. and Ma, H. and Yin, Q. and Tang, J. and Dong, D. and Chen, C. and Xiang, G. and Li, C. and Guo, G.},
  journal={\textit{Physical Review A}},
  volume={102},
  number={3},
  pages={032412},
  year={2020},
  publisher={APS}
}

@article{le2011flexible,
  title={A flexible representation of quantum images for polynomial preparation, image compression, and processing operations},
  author={Le, P. Q. and Dong, F. and Hirota, K.},
  journal={\textit{Quantum Information Processing}},
  volume={10},
  pages={63--84},
  year={2011},
  publisher={Springer}
}

@inproceedings{li2024quantum,
  title={Quantum circuit output prediction based on time-series neural network integration},
  author={Li, X. and Cheng, X. and Chen, X. and Guan, Z. and Zhu, P. and Gu, H.},
  booktitle={\textit{2024 3rd International Conference on Cryptography, Network Security and Communication Technology}},
  pages={538--542},
  year={2024}
}

@article{liu2024information,
  title={Information compression via hidden subgroup quantum autoencoders},
  author={Liu, F. and Bian, K. and Meng, F. and Zhang, W. and Dahlsten, O.},
  journal={\textit{npj Quantum Information}},
  volume={10},
  number={1},
  pages={74},
  year={2024},
  publisher={Nature Publishing Group UK London}
}

@article{park2023variational,
  title={Variational quantum one-class classifier},
  author={Park, G. and Huh, J. and Park, D. K.},
  journal={\textit{Machine Learning: Science and Technology}},
  volume={4},
  number={1},
  pages={015006},
  year={2023},
  publisher={IOP Publishing}
}

@article{pepper2019experimental,
  title={Experimental realization of a quantum autoencoder: The compression of qutrits via machine learning},
  author={Pepper, A. and Tischler, N. and Pryde, G. J.},
  journal={\textit{Physical review letters}},
  volume={122},
  number={6},
  pages={060501},
  year={2019},
  publisher={APS}
}

@article{thesis,
  title={Quantum Autoencoders for Efficient Image Compression},
  author={Filip Igic},
  journal={\textit{Lancaster University}},
  volume={},
  number={},
  pages={1-36},
  year={2021},
  publisher={}
}

@article{wang2024quantum,
  title={Quantum image compression with autoencoders based on parameterized quantum circuits},
  author={Wang, H. and Tan, J. and Huang, Y. and Zheng, W.},
  journal={\textit{Quantum Information Processing}},
  volume={23},
  number={2},
  pages={41},
  year={2024},
  publisher={Springer}
}

@article{yoon2022lossy,
  title={Lossy compression of statistical data using quantum annealer},
  author={Yoon, B. and Nguyen, N.T.T. and Chang, C. C. and Rrapaj, E.},
  journal={\textit{Scientific Reports}},
  volume={12},
  number={1},
  pages={3814},
  year={2022},
  publisher={Nature Publishing Group UK London}
}

@article{zhang2013neqr,
  title={NEQR: a novel enhanced quantum representation of digital images},
  author={Zhang, Y. and Lu, K. and Gao, Y. and Wang, M.},
  journal={\textit{Quantum information processing}},
  volume={12},
  pages={2833--2860},
  year={2013},
  publisher={Springer}
}

@article{zhang2022resource,
  title={Resource-efficient high-dimensional subspace teleportation with a quantum autoencoder},
  author={Zhang, H. and Wan, L. and Haug, T. and Mok, W. and Paesani, S. and Shi, Y. and Cai, H. and Chin, L. K. and Karim, M. F. and Xiao, L. and others},
  journal={\textit{Science advances}},
  volume={8},
  number={40},
  pages={eabn9783},
  year={2022},
  publisher={American Association for the Advancement of Science}
}

@article{zhu2023quantum,
  title={Quantum autoencoders for communication-efficient cloud computing},
  author={Zhu, Y. and Bai, G. and Wang, Y. and Li, T. and Chiribella, G.},
  journal={\textit{Quantum Machine Intelligence}},
  volume={5},
  number={2},
  pages={27},
  year={2023},
  publisher={Springer}
}

