@article{biamonte2017quantum,
  title={Quantum machine learning},
  author={Biamonte et al.},
  journal={\textit{Nature}},
  volume={549},
  number={7671},
  pages={195--202},
  year={2017},
  publisher={Nature Publishing Group UK London}
}
@article{rebentrost2014quantum,
  title={Quantum support vector machine for big data classification},
  author={Rebentrost, P. and Mohseni, M. and Lloyd, S.},
  journal={\textit{Physical review letters}},
  volume={113},
  number={13},
  pages={130503},
  year={2014},
  publisher={APS}
}
@article{lloyd2014quantum,
  title={Quantum principal component analysis},
  author={Lloyd, S. and Mohseni, M. and Rebentrost, P.},
  journal={\textit{Nature physics}},
  volume={10},
  number={9},
  pages={631--633},
  year={2014},
  publisher={Nature Publishing Group}
}
@article{havlivcek2019supervised,
  title={Supervised learning with quantum-enhanced feature spaces},
  author={Havl{\'\i}{\v{c}}ek, V. and C{\'o}rcoles, A. D. and Temme, K. and Harrow, A. W. and Kandala, A. and Chow, J. M. and Gambetta, J. M.},
  journal={\textit{Nature}},
  volume={567},
  number={7747},
  pages={209--212},
  year={2019},
  publisher={Nature Publishing Group}
}
@inproceedings{wu2023efficient,
  title={Efficient data loading with quantum autoencoder},
  author={Wu, S. and Li, C. and Cheng, H.},
  booktitle={\textit{ICASSP 2023-2023 IEEE International Conference on Acoustics, Speech and Signal Processing (ICASSP)}},
  pages={1--5},
  year={2023},
  organization={IEEE}
}

@article{wang2024quantum,
  title={Quantum image compression with autoencoders based on parameterized quantum circuits},
  author={Wang, H. and Tan, J. and Huang, Y. and Zheng, W.},
  journal={\textit{Quantum Information Processing}},
  volume={23},
  number={2},
  pages={41},
  year={2024},
  publisher={Springer}
}
@book{hecht1989neurocomputing,
  title={\textit{Neurocomputing}},
  author={Hecht-Nielsen, R.},
  year={1989},
  publisher={Addison-Wesley Longman Publishing Co., Inc.}
}
@inproceedings{grover1996,
  title={Theory of computing},
  author={ Grover, L. K.},
  booktitle={\textit{Proceedings of the 28th Annual ACM Symposium}},
  pages={212--219},
  year={1996},
  organization={ACM}
}
@book{nielsen2001quantum,
  title={Quantum computation and quantum information},
  author={Nielsen, M. A. and Chuang, I. L.},
  volume={2},
  year={2001},
  publisher={\textit{Cambridge University Press Cambridge}}
}
@article{romero2017quantum,
  title={Quantum autoencoders for efficient compression of quantum data},
  author={Romero, J. and Olson, J. P. and Aspuru-Guzik, A.},
  journal={\textit{Quantum Science and Technology}},
  volume={2},
  number={4},
  pages={045001},
  year={2017},
  publisher={IOP Publishing}
}

@article{giovannetti2008quantum,
  title={Quantum random access memory},
  author={Giovannetti, V. and Lloyd, S. and Maccone, L.},
  journal={\textit{Physical review letters}},
  volume={100},
  number={16},
  pages={160501},
  year={2008},
  publisher={APS}
}
@article{grant2018hierarchical,
  title={Hierarchical quantum classifiers},
  author={Grant, E. and Benedetti, M. and Cao, S. and Hallam, A. and Lockhart, J. and Stojevic, V. and Green, A. G. and Severini, S.},
  journal={\textit{npj Quantum Information}},
  volume={4},
  number={1},
  pages={65},
  year={2018},
  publisher={Nature Publishing Group UK London}
}
@article{bharti2022noisy,
  title={Noisy intermediate-scale quantum algorithms},
  author={Bharti, K. and Cervera-Lierta, A. and Kyaw, T. H. and Haug, T. and Alperin-Lea, S. and Anand, A. and Degroote, M. and Heimonen, H. and Kottmann, J. S. and Menke, T. and others},
  journal={\textit{Reviews of Modern Physics}},
  volume={94},
  number={1},
  pages={015004},
  year={2022},
  publisher={APS}
}
@article{cao2021noise,
  title={Noise-assisted quantum autoencoder},
  author={Cao, Chenfeng and Wang, Xin},
  journal={\textit{Physical Review Applied}},
  volume={15},
  number={5},
  pages={054012},
  year={2021},
  publisher={APS}
}

@article{fisher1988iris,
  title={Iris. UCI machine learning repository},
  author={Fisher, RA},
  journal={DOI: https://doi. org/10.24432/C56C76},
  year={1988}
}

@article{chiribella2015universal,
  title={Universal super-replication of unitary gates},
  author={Chiribella, G. and Yang, Y. and Huang, C.},
  journal={\textit{Physical review letters}},
  volume={114},
  number={12},
  pages={120504},
  year={2015},
  publisher={APS}
}

@article{zhu2023quantum,
  title={Quantum autoencoders for communication-efficient cloud computing},
  author={Zhu, Y. and Bai, G. and Wang, Y. and Li, T. and Chiribella, G.},
  journal={\textit{Quantum Machine Intelligence}},
  volume={5},
  number={2},
  pages={27},
  year={2023},
  publisher={Springer}
}
@article{wu2024quantum,
  title={Quantum circuit autoencoder},
  author={Wu, J. and Fu, H. and Zhu, M. and Zhang, H. and Xie, W. and Li, X.},
  journal={\textit{Physical Review A}},
  volume={109},
  number={3},
  pages={032623},
  year={2024},
  publisher={APS}
}

@article{bravo2021quantum,
  title={Quantum autoencoders with enhanced data encoding},
  author={Bravo-Prieto, C.},
  journal={Machine Learning: Science and Technology},
  volume={2},
  number={3},
  pages={035028},
  year={2021},
  publisher={IOP Publishing}
}
@article{pepper2019experimental,
  title={Experimental realization of a quantum autoencoder: The compression of qutrits via machine learning},
  author={Pepper, A. and Tischler, N. and Pryde, G. J.},
  journal={\textit{Physical review letters}},
  volume={122},
  number={6},
  pages={060501},
  year={2019},
  publisher={APS}
}

@article{buhrman2001quantum,
  title={Quantum fingerprinting},
  author={Buhrman, H. and Cleve, R. and Watrous, J. and De Wolf, R.},
  journal={\textit{Physical review letters}},
  volume={87},
  number={16},
  pages={167902},
  year={2001},
  publisher={APS}
}
@article{achache2020denoising,
  title={Denoising quantum states with quantum autoencoders--Theory and applications},
  author={Achache, T. and Horesh, L. and Smolin, J.},
  journal={\textit{arXiv preprint arXiv:2012.14714}},
  year={2020}
}

@article{huang2020realization,
  title={Realization of a quantum autoencoder for lossless compression of quantum data},
  author={Huang, C. and Ma, H. and Yin, Q. and Tang, J. and Dong, D. and Chen, C. and Xiang, G. and Li, C. and Guo, G.},
  journal={\textit{Physical Review A}},
  volume={102},
  number={3},
  pages={032412},
  year={2020},
  publisher={APS}
}

@article{bondarenko2020quantum,
  title={Quantum autoencoders to denoise quantum data},
  author={Bondarenko, D. and Feldmann, P.},
  journal={\textit{Physical review letters}},
  volume={124},
  number={13},
  pages={130502},
  year={2020},
  publisher={APS}
}

@article{du2021exploring,
  title={On exploring practical potentials of quantum auto-encoder with advantages},
  author={Du, Y. and Tao, D.},
  journal={\textit{arXiv preprint arXiv:2106.15432}},
  year={2021}
}

@article{locher2023quantum,
  title={Quantum error correction with quantum autoencoders},
  author={Locher, D. F. and Cardarelli, L. and M{\"u}ller, M.},
  journal={\textit{Quantum}},
  volume={7},
  pages={942},
  year={2023},
  publisher={Verein zur F{\"o}rderung des Open Access Publizierens in den Quantenwissenschaften}
}
@article{gong2024quantum,
  title={Quantum convolutional neural network based on variational quantum circuits},
  author={Gong, L. and Pei, J. and Zhang, T. and Zhou, N.},
  journal={\textit{Optics Communications}},
  volume={550},
  pages={129993},
  year={2024},
  publisher={Elsevier}
}

@article{zhang2022resource,
  title={Resource-efficient high-dimensional subspace teleportation with a quantum autoencoder},
  author={Zhang, H. and Wan, L. and Haug, T. and Mok, W. and Paesani, S. and Shi, Y. and Cai, H. and Chin, L. K. and Karim, M. F. and Xiao, L. and others},
  journal={\textit{Science advances}},
  volume={8},
  number={40},
  pages={eabn9783},
  year={2022},
  publisher={American Association for the Advancement of Science}
}

@article{park2023variational,
  title={Variational quantum one-class classifier},
  author={Park, G. and Huh, J. and Park, D. K.},
  journal={\textit{Machine Learning: Science and Technology}},
  volume={4},
  number={1},
  pages={015006},
  year={2023},
  publisher={IOP Publishing}
}

@inproceedings{li2024quantum,
  title={Quantum circuit output prediction based on time-series neural network integration},
  author={Li, X. and Cheng, X. and Chen, X. and Guan, Z. and Zhu, P. and Gu, H.},
  booktitle={\textit{2024 3rd International Conference on Cryptography, Network Security and Communication Technology}},
  pages={538--542},
  year={2024}
}

@article{anand2022quantum,
  title={Quantum compression with classically simulatable circuits},
  author={Anand, A. and Kottmann, J. S. and Aspuru-Guzik, A.},
  journal={arXiv preprint arXiv:2207.02961},
  year={2022}
}

@article{chen2021expressibility,
  title={On the expressibility and overfitting of quantum circuit learning},
  author={Chen, C. and Watabe, M. and Shiba, K. and Sogabe, M. and Sakamoto, K. and Sogabe, T.},
  journal={\textit{ACM Transactions on Quantum Computing}},
  volume={2},
  number={2},
  pages={1--24},
  year={2021},
  publisher={ACM New York, NY, USA}
}

@inproceedings{tabi2022hybrid,
  title={Hybrid Quantum-Classical Autoencoders for End-to-End Radio Communication},
  author={Tabi, Z. and Bak{\'o}, B. and Nagy, D.T.R. and Vaderna, P. and Kallus, Z. and H{\'a}ga, P. and Zimbor{\'a}s, Z.},
  booktitle={\textit{2022 IEEE/ACM 7th Symposium on Edge Computing (SEC)}},
  pages={468--473},
  year={2022},
  organization={IEEE}
}
@article{carrasquilla2021probabilistic,
  title={Probabilistic simulation of quantum circuits using a deep-learning architecture},
  author={Carrasquilla, J. and Luo, D. and P{\'e}rez, F. and Milsted, A. and Clark, B. K. and Volkovs, M. and Aolita, L.},
  journal={\textit{Physical Review A}},
  volume={104},
  number={3},
  pages={032610},
  year={2021},
  publisher={APS}
}
@article{yoon2022lossy,
  title={Lossy compression of statistical data using quantum annealer},
  author={Yoon, B. and Nguyen, N.T.T. and Chang, C. C. and Rrapaj, E.},
  journal={\textit{Scientific Reports}},
  volume={12},
  number={1},
  pages={3814},
  year={2022},
  publisher={Nature Publishing Group UK London}
}
@article{liu2024information,
  title={Information compression via hidden subgroup quantum autoencoders},
  author={Liu, F. and Bian, K. and Meng, F. and Zhang, W. and Dahlsten, O.},
  journal={\textit{npj Quantum Information}},
  volume={10},
  number={1},
  pages={74},
  year={2024},
  publisher={Nature Publishing Group UK London}
}
@article{thesis,
  title={Quantum Autoencoders for Efficient Image Compression},
  author={Filip Igic},
  journal={\textit{Lancaster University}},
  volume={},
  number={},
  pages={1-36},
  year={2021},
  publisher={}
}
@article{le2011flexible,
  title={A flexible representation of quantum images for polynomial preparation, image compression, and processing operations},
  author={Le, P. Q. and Dong, F. and Hirota, K.},
  journal={\textit{Quantum Information Processing}},
  volume={10},
  pages={63--84},
  year={2011},
  publisher={Springer}
}
@MISC{bb17,
author={Southern California University},
title={Image dataset},
 howpublished={{https://sipi.usc.edu/database/(2022)}},
}

@MISC{bb18,
author={ Washington Univerisity},
title={Object and Concept Recognition for Content-Based Image Retrieval},
 howpublished={{http://imagedatabase.cs.washington.edu/2022}},
}

@article{zhang2013neqr,
  title={NEQR: a novel enhanced quantum representation of digital images},
  author={Zhang, Y. and Lu, K. and Gao, Y. and Wang, M.},
  journal={\textit{Quantum information processing}},
  volume={12},
  pages={2833--2860},
  year={2013},
  publisher={Springer}
}
@inproceedings{haque2023enhancing,
  title={Enhancing Image Representation and Compression: An Innovative Nz-Nqer Framework With Block Truncation Quantum Coding},
  author={Haque, M. E. and Paul, M. and Tohidi, F. and Ulhaq, A. and Debnath, T.},
  booktitle={\textit{2023 International Conference on Digital Image Computing: Techniques and Applications (DICTA)}},
  pages={304--311},
  year={2023},
  organization={IEEE}
}

@inproceedings{haqueblock,
  title={BLOCK-WISE COMPRESSION OF THE QUANTUM GRAY-SCALE IMAGE USING LOSSY PREPARATION APPROACH},
  author={Haque, M. E. and Paul, M.},
  booktitle={\textit{2024 International Conference on Multimedia and Expo}},
  pages={1--6},
  year={2024},
  organization={IEEE}
}
@article{haque2023efficient,
  title={Efficient quantum image representation and compression circuit using zero-discarded state preparation approach},
  author={Haque, M. E. and Paul, M. and Ulhaq, A. and Debnath, T.},
  journal={arXiv preprint arXiv:2306.12634},
  year={2023}
}
@article{nasr2021efficient,
  title={Efficient representations of digital images on quantum computers},
  author={Nasr, N. and Younes, A. and Elsayed, A.},
  journal={Multimedia Tools and Applications},
  volume={80},
  pages={34019--34034},
  year={2021},
  publisher={Springer}
}
@inproceedings{b17,
  title={Quirk$:$Quantum Circuit Simulator},
  author={Michael, N. },
  booktitle={\textit{2024 International Conference on Multimedia and Expo}},
  pages={},
  year={Augest, 2024},
  organization={Quirk}
}
@article{yu2023adaptive,
  title={Adaptive LSB quantum image watermarking algorithm based on Haar wavelet transforms},
  author={Yu, Y. and Gao, J. and Mu, X. and Wang, S.},
  journal={Quantum Information Processing},
  volume={22},
  number={5},
  pages={180},
  year={2023},
  publisher={Springer}
}

