% Long form of conference & journal abbreviations -- especially for camera ready
@String(PAMI  = {IEEE Trans. Pattern Anal. Mach. Intell.})
@String(IJCV  = {Int. J. Comput. Vis.})
@String(CVPR  = {IEEE Conf. Comput. Vis. Pattern Recog.})
@String(ICCV  = {Int. Conf. Comput. Vis.})
@String(ECCV  = {Eur. Conf. Comput. Vis.})
@String(NeurIPS = {Adv. Neural Inform. Process. Syst.})
@String(ICML  = {Int. Conf. Mach. Learn.})
@String(ICLR  = {Int. Conf. Learn. Represent.})
@String(ACCV  = {Asian Conf. Comput. Vis.})
@String(BMVC  = {Brit. Mach. Vis. Conf.})
@String(CVPRW = {IEEE Conf. Comput. Vis. Pattern Recog. Worksh.})
@String(AAAI  = {AAAI})
@String(IJCAI = {IJCAI})
@String(ICIP  = {IEEE Int. Conf. Image Process.})
@String(ICPR  = {Int. Conf. Pattern Recog.})
@String(ICASSP=	{ICASSP})
@String(ICME  = {Int. Conf. Multimedia and Expo})
@String(JMLR  = {J. Mach. Learn. Res.})
@String(TMLR  = {Trans. Mach. Learn Res.})
@String(TOG   = {ACM Trans. Graph.})
@String(TIP   = {IEEE Trans. Image Process.})
@String(TVCG  = {IEEE Trans. Vis. Comput. Graph.})
@String(TCSVT = {IEEE Trans. Circuit Syst. Video Technol.})
@String(TMM   = {IEEE Trans. Multimedia})
@String(ACMMM = {ACM Int. Conf. Multimedia})
@String(PR    = {Pattern Recognition})

@String(MNI	  = {Nature Mach. Intell.})
@String(SPL	  = {IEEE Sign. Process. Letters})
@String(VR    = {Vis. Res.})
@String(JOV	  = {J. Vis.})
@String(TVC   = {The Vis. Comput.})
@String(JCST  = {J. Comput. Sci. Tech.})
@String(CGF   = {Comput. Graph. Forum})
@String(CVM   = {Computational Visual Media})


% Short form of conference & journal abbreviations -- especially for submission version
% if desired, remove these macros in favor of the above ones
@String(PAMI  = {IEEE TPAMI})
@String(IJCV  = {IJCV})
@String(CVPR  = {CVPR})
@String(ICCV  = {ICCV})
@String(ECCV  = {ECCV})
@String(NeurIPS = {NeurIPS})
@String(ICML  = {ICML})
@String(ICLR  = {ICLR})
@String(ACCV  = {ACCV})
@String(BMVC  =	{BMVC})
@String(CVPRW = {CVPRW})
@String(AAAI  = {AAAI})
@String(IJCAI = {IJCAI})
@String(ICIP  = {ICIP})
@String(ICPR  = {ICPR})
@String(ICASSP=	{ICASSP})
@String(ICME  =	{ICME})
@String(JMLR  = {JMLR})
@String(TMLR  = {TMLR})
@String(TOG   = {ACM TOG})
@String(TIP   = {IEEE TIP})
@String(TVCG  = {IEEE TVCG})
@String(TCSVT = {IEEE TCSVT})
@String(TMM   =	{IEEE TMM})
@String(ACMMM = {ACM MM})
@String(PR    = {PR})


@inproceedings{personnerf,
  title={PersonNeRF: Personalized Reconstruction from Photo Collections},
  author={Weng, Chung-Yi and Srinivasan, Pratul P and Curless, Brian and Kemelmacher-Shlizerman, Ira},
  booktitle={Proceedings of the IEEE/CVF Conference on Computer Vision and Pattern Recognition},
  pages={524--533},
  year={2023}
}

@inproceedings{clnerf,
  title={CLNeRF: Continual Learning Meets NeRF},
  author={Cai, Zhipeng and M{\"u}ller, Matthias},
  booktitle={Proceedings of the IEEE/CVF International Conference on Computer Vision},
  pages={23185--23194},
  year={2023}
}

@article{cl-nerf,
  title={CL-NeRF: Continual Learning of Neural Radiance Fields for Evolving Scene Representation},
  author={Wu, Xiuzhe and Dai, Peng and Deng, Weipeng and Chen, Handi and Wu, Yang and Cao, Yan-Pei and Shan, Ying and Qi, Xiaojuan},
  journal={Advances in Neural Information Processing Systems},
  volume={36},
  year={2024}
}

@article{meil,
  title={MEIL-NeRF: Memory-Efficient Incremental Learning of Neural Radiance Fields},
  author={Chung, Jaeyoung and Lee, Kanggeon and Baik, Sungyong and Lee, Kyoung Mu},
  journal={arXiv preprint arXiv:2212.08328},
  year={2022}
}

@article{nerf,
  title={Nerf: Representing scenes as neural radiance fields for view synthesis},
  author={Mildenhall, Ben and Srinivasan, Pratul P and Tancik, Matthew and Barron, Jonathan T and Ramamoorthi, Ravi and Ng, Ren},
  journal={Communications of the ACM},
  volume={65},
  number={1},
  pages={99--106},
  year={2021},
  publisher={ACM New York, NY, USA}
}

@article{multilayer,
  title={Multilayer perceptron (MLP)},
  author={Taud, Hind and Mas, JF},
  journal={Geomatic approaches for modeling land change scenarios},
  pages={451--455},
  year={2018},
  publisher={Springer}
}

@article{inv,
  title={INV: Towards Streaming Incremental Neural Videos},
  author={Wang, Shengze and Supikov, Alexey and Ratcliff, Joshua and Fuchs, Henry and Azuma, Ronald},
  journal={arXiv preprint arXiv:2302.01532},
  year={2023}
}

@inproceedings{regnerf,
  title={Regnerf: Regularizing neural radiance fields for view synthesis from sparse inputs},
  author={Niemeyer, Michael and Barron, Jonathan T and Mildenhall, Ben and Sajjadi, Mehdi SM and Geiger, Andreas and Radwan, Noha},
  booktitle={Proceedings of the IEEE/CVF Conference on Computer Vision and Pattern Recognition},
  pages={5480--5490},
  year={2022}
}

@article{self-distillation,
  title={Self-distillation: Towards efficient and compact neural networks},
  author={Zhang, Linfeng and Bao, Chenglong and Ma, Kaisheng},
  journal={IEEE Transactions on Pattern Analysis and Machine Intelligence},
  volume={44},
  number={8},
  pages={4388--4403},
  year={2021},
  publisher={IEEE}
}

@inproceedings{humannerf,
  title={Humannerf: Free-viewpoint rendering of moving people from monocular video},
  author={Weng, Chung-Yi and Curless, Brian and Srinivasan, Pratul P and Barron, Jonathan T and Kemelmacher-Shlizerman, Ira},
  booktitle={Proceedings of the IEEE/CVF conference on computer vision and pattern Recognition},
  pages={16210--16220},
  year={2022}
}

@article{vgg,
  title={Very deep convolutional networks for large-scale image recognition},
  author={Simonyan, Karen and Zisserman, Andrew},
  journal={arXiv preprint arXiv:1409.1556},
  year={2014}
}

@inproceedings{dietnerf,
  title={Putting nerf on a diet: Semantically consistent few-shot view synthesis},
  author={Jain, Ajay and Tancik, Matthew and Abbeel, Pieter},
  booktitle={Proceedings of the IEEE/CVF International Conference on Computer Vision},
  pages={5885--5894},
  year={2021}
}

@inproceedings{freenerf,
  title={FreeNeRF: Improving Few-shot Neural Rendering with Free Frequency Regularization},
  author={Yang, Jiawei and Pavone, Marco and Wang, Yue},
  booktitle={Proceedings of the IEEE/CVF Conference on Computer Vision and Pattern Recognition},
  pages={8254--8263},
  year={2023}
}

@inproceedings{neuralbody,
  title={Neural body: Implicit neural representations with structured latent codes for novel view synthesis of dynamic humans},
  author={Peng, Sida and Zhang, Yuanqing and Xu, Yinghao and Wang, Qianqian and Shuai, Qing and Bao, Hujun and Zhou, Xiaowei},
  booktitle={Proceedings of the IEEE/CVF Conference on Computer Vision and Pattern Recognition},
  pages={9054--9063},
  year={2021}
}

@inproceedings{instant,
  title={Instant continual learning of neural radiance fields},
  author={Po, Ryan and Dong, Zhengyang and Bergman, Alexander W and Wetzstein, Gordon},
  booktitle={Proceedings of the IEEE/CVF International Conference on Computer Vision},
  pages={3334--3344},
  year={2023}
}

@article{ILnerf,
  title={IL-NeRF: Incremental Learning for Neural Radiance Fields with Camera Pose Alignment},
  author={Zhang, Letian and Li, Ming and Chen, Chen and Xu, Jie},
  journal={arXiv preprint arXiv:2312.05748},
  year={2023}
}

@article{hu2024pc,
  title={PC-NeRF: Parent-Child Neural Radiance Fields Using Sparse LiDAR Frames in Autonomous Driving Environments},
  author={Hu, Xiuzhong and Xiong, Guangming and Zang, Zheng and Jia, Peng and Han, Yuxuan and Ma, Junyi},
  journal={arXiv preprint arXiv:2402.09325},
  year={2024}
}

@article{chen2024s,
  title={S-NeRF++: Autonomous Driving Simulation via Neural Reconstruction and Generation},
  author={Chen, Yurui and Zhang, Junge and Xie, Ziyang and Li, Wenye and Zhang, Feihu and Lu, Jiachen and Zhang, Li},
  journal={arXiv preprint arXiv:2402.02112},
  year={2024}
}

@article{feldmann2024nerfmentation,
  title={NeRFmentation: NeRF-based Augmentation for Monocular Depth Estimation},
  author={Feldmann, Casimir and Siegenheim, Niall and Hars, Nikolas and Rabuzin, Lovro and Ertugrul, Mert and Wolfart, Luca and Pollefeys, Marc and Bauer, Zuria and Oswald, Martin R},
  journal={arXiv preprint arXiv:2401.03771},
  year={2024}
}

@article{cheng2023uc,
  title={UC-NeRF: Neural Radiance Field for Under-Calibrated multi-view cameras in autonomous driving},
  author={Cheng, Kai and Long, Xiaoxiao and Yin, Wei and Wang, Jin and Wu, Zhiqiang and Ma, Yuexin and Wang, Kaixuan and Chen, Xiaozhi and Chen, Xuejin},
  journal={arXiv preprint arXiv:2311.16945},
  year={2023}
}

@inproceedings{sun2022human,
  title={Human 3d avatar modeling with implicit neural representation: A brief survey},
  author={Sun, Mingyang and Yang, Dingkang and Kou, Dongliang and Jiang, Yang and Shan, Weihua and Yan, Zhe and Zhang, Lihua},
  booktitle={2022 14th International Conference on Signal Processing Systems (ICSPS)},
  pages={818--827},
  year={2022},
  organization={IEEE}
}

@inproceedings{jiang2022neuman,
  title={Neuman: Neural human radiance field from a single video},
  author={Jiang, Wei and Yi, Kwang Moo and Samei, Golnoosh and Tuzel, Oncel and Ranjan, Anurag},
  booktitle={European Conference on Computer Vision},
  pages={402--418},
  year={2022},
  organization={Springer}
}

@inproceedings{wang2023neural,
  title={Neural Fields meet Explicit Geometric Representations for Inverse Rendering of Urban Scenes},
  author={Wang, Zian and Shen, Tianchang and Gao, Jun and Huang, Shengyu and Munkberg, Jacob and Hasselgren, Jon and Gojcic, Zan and Chen, Wenzheng and Fidler, Sanja},
  booktitle={Proceedings of the IEEE/CVF Conference on Computer Vision and Pattern Recognition},
  pages={8370--8380},
  year={2023}
}

@inproceedings{turki2023suds,
  title={SUDS: Scalable Urban Dynamic Scenes},
  author={Turki, Haithem and Zhang, Jason Y and Ferroni, Francesco and Ramanan, Deva},
  booktitle={Proceedings of the IEEE/CVF Conference on Computer Vision and Pattern Recognition},
  pages={12375--12385},
  year={2023}
}
@inproceedings{xu2023grid,
  title={Grid-guided Neural Radiance Fields for Large Urban Scenes},
  author={Xu, Linning and Xiangli, Yuanbo and Peng, Sida and Pan, Xingang and Zhao, Nanxuan and Theobalt, Christian and Dai, Bo and Lin, Dahua},
  booktitle={Proceedings of the IEEE/CVF Conference on Computer Vision and Pattern Recognition},
  pages={8296--8306},
  year={2023}
}

@inproceedings{bao2023sine,
  title={Sine: Semantic-driven image-based nerf editing with prior-guided editing field},
  author={Bao, Chong and Zhang, Yinda and Yang, Bangbang and Fan, Tianxing and Yang, Zesong and Bao, Hujun and Zhang, Guofeng and Cui, Zhaopeng},
  booktitle={Proceedings of the IEEE/CVF Conference on Computer Vision and Pattern Recognition},
  pages={20919--20929},
  year={2023}
}

@article{sherf,
  title={SHERF: Generalizable Human NeRF from a Single Image},
  author={Hu, Shoukang and Hong, Fangzhou and Pan, Liang and Mei, Haiyi and Yang, Lei and Liu, Ziwei},
  journal={arXiv preprint arXiv:2303.12791},
  year={2023}
}

@article{actorsnerf,
  title={ActorsNeRF: Animatable Few-shot Human Rendering with Generalizable NeRFs},
  author={Mu, Jiteng and Sang, Shen and Vasconcelos, Nuno and Wang, Xiaolong},
  journal={arXiv preprint arXiv:2304.14401},
  year={2023}
}
@article{mps,
  title={Mps-nerf: Generalizable 3d human rendering from multiview images},
  author={Gao, Xiangjun and Yang, Jiaolong and Kim, Jongyoo and Peng, Sida and Liu, Zicheng and Tong, Xin},
  journal={IEEE Transactions on Pattern Analysis and Machine Intelligence},
  year={2022},
  publisher={IEEE}
}

@inproceedings{zhang2018unreasonable,
  title={The unreasonable effectiveness of deep features as a perceptual metric},
  author={Zhang, Richard and Isola, Phillip and Efros, Alexei A and Shechtman, Eli and Wang, Oliver},
  booktitle={Proceedings of the IEEE conference on computer vision and pattern recognition},
  pages={586--595},
  year={2018}
}

@article{sun2019patient,
  title={Patient knowledge distillation for bert model compression},
  author={Sun, Siqi and Cheng, Yu and Gan, Zhe and Liu, Jingjing},
  journal={arXiv preprint arXiv:1908.09355},
  year={2019}
}

@article{larose2014k,
  title={k-nearest neighbor algorithm},
  author={Larose, Daniel T and Larose, Chantal D},
  year={2014},
  publisher={Wiley Data and Cybersecurity}
}

@inproceedings{yu2021function4d,
  title={Function4d: Real-time human volumetric capture from very sparse consumer rgbd sensors},
  author={Yu, Tao and Zheng, Zerong and Guo, Kaiwen and Liu, Pengpeng and Dai, Qionghai and Liu, Yebin},
  booktitle={Proceedings of the IEEE/CVF conference on computer vision and pattern recognition},
  pages={5746--5756},
  year={2021}
}

@inproceedings{radford2021learning,
  title={Learning transferable visual models from natural language supervision},
  author={Radford, Alec and Kim, Jong Wook and Hallacy, Chris and Ramesh, Aditya and Goh, Gabriel and Agarwal, Sandhini and Sastry, Girish and Askell, Amanda and Mishkin, Pamela and Clark, Jack and others},
  booktitle={International conference on machine learning},
  pages={8748--8763},
  year={2021},
  organization={PMLR}
}

@inproceedings{hore2010image,
  title={Image quality metrics: PSNR vs. SSIM},
  author={Hore, Alain and Ziou, Djemel},
  booktitle={2010 20th international conference on pattern recognition},
  pages={2366--2369},
  year={2010},
  organization={IEEE}
}

@inproceedings{zhao2022humannerf,
  title={Humannerf: Efficiently generated human radiance field from sparse inputs},
  author={Zhao, Fuqiang and Yang, Wei and Zhang, Jiakai and Lin, Pei and Zhang, Yingliang and Yu, Jingyi and Xu, Lan},
  booktitle={Proceedings of the IEEE/CVF Conference on Computer Vision and Pattern Recognition},
  pages={7743--7753},
  year={2022}
}
@inproceedings{pan2023transhuman,
  title={Transhuman: A transformer-based human representation for generalizable neural human rendering},
  author={Pan, Xiao and Yang, Zongxin and Ma, Jianxin and Zhou, Chang and Yang, Yi},
  booktitle={Proceedings of the IEEE/CVF International conference on computer vision},
  pages={3544--3555},
  year={2023}
}

@article{kwon2023neural,
  title={Neural Image-based Avatars: Generalizable Radiance Fields for Human Avatar Modeling},
  author={Kwon, Youngjoong and Kim, Dahun and Ceylan, Duygu and Fuchs, Henry},
  journal={arXiv preprint arXiv:2304.04897},
  year={2023}
}
@inproceedings{hu2024gauhuman,
  title={Gauhuman: Articulated gaussian splatting from monocular human videos},
  author={Hu, Shoukang and Hu, Tao and Liu, Ziwei},
  booktitle={Proceedings of the IEEE/CVF Conference on Computer Vision and Pattern Recognition},
  pages={20418--20431},
  year={2024}
}

@article{wu20234d,
  title={4d gaussian splatting for real-time dynamic scene rendering},
  author={Wu, Guanjun and Yi, Taoran and Fang, Jiemin and Xie, Lingxi and Zhang, Xiaopeng and Wei, Wei and Liu, Wenyu and Tian, Qi and Wang, Xinggang},
  journal={arXiv preprint arXiv:2310.08528},
  year={2023}
}

@article{chen2023text,
  title={Text-to-3d using gaussian splatting},
  author={Chen, Zilong and Wang, Feng and Liu, Huaping},
  journal={arXiv preprint arXiv:2309.16585},
  year={2023}
}

@article{kerbl20233d,
  title={3D Gaussian Splatting for Real-Time Radiance Field Rendering},
  author={Kerbl, Bernhard and Kopanas, Georgios and Leimk{\"u}hler, Thomas and Drettakis, George},
  journal={ACM Transactions on Graphics},
  volume={42},
  number={4},
  year={2023}
}

@article{tang2023dreamgaussian,
  title={Dreamgaussian: Generative gaussian splatting for efficient 3d content creation},
  author={Tang, Jiaxiang and Ren, Jiawei and Zhou, Hang and Liu, Ziwei and Zeng, Gang},
  journal={arXiv preprint arXiv:2309.16653},
  year={2023}
}

@article{shin2017continual,
  title={Continual learning with deep generative replay},
  author={Shin, Hanul and Lee, Jung Kwon and Kim, Jaehong and Kim, Jiwon},
  journal={Advances in neural information processing systems},
  volume={30},
  year={2017}
}

@inproceedings{zhang2017learning,
  title={Learning a deep embedding model for zero-shot learning},
  author={Zhang, Li and Xiang, Tao and Gong, Shaogang},
  booktitle={Proceedings of the IEEE conference on computer vision and pattern recognition},
  pages={2021--2030},
  year={2017}
}


@inproceedings{barron2021mip,
  title={Mip-nerf: A multiscale representation for anti-aliasing neural radiance fields},
  author={Barron, Jonathan T and Mildenhall, Ben and Tancik, Matthew and Hedman, Peter and Martin-Brualla, Ricardo and Srinivasan, Pratul P},
  booktitle={Proceedings of the IEEE/CVF International Conference on Computer Vision},
  pages={5855--5864},
  year={2021}
}
@article{martin2018lookingood,
  title={Lookingood: Enhancing performance capture with real-time neural re-rendering},
  author={Martin-Brualla, Ricardo and Pandey, Rohit and Yang, Shuoran and Pidlypenskyi, Pavel and Taylor, Jonathan and Valentin, Julien and Khamis, Sameh and Davidson, Philip and Tkach, Anastasia and Lincoln, Peter and others},
  journal={arXiv preprint arXiv:1811.05029},
  year={2018}
}

@inproceedings{martin2021nerf,
  title={Nerf in the wild: Neural radiance fields for unconstrained photo collections},
  author={Martin-Brualla, Ricardo and Radwan, Noha and Sajjadi, Mehdi SM and Barron, Jonathan T and Dosovitskiy, Alexey and Duckworth, Daniel},
  booktitle={Proceedings of the IEEE/CVF Conference on Computer Vision and Pattern Recognition},
  pages={7210--7219},
  year={2021}
}
@inproceedings{wang2021ibrnet,
  title={Ibrnet: Learning multi-view image-based rendering},
  author={Wang, Qianqian and Wang, Zhicheng and Genova, Kyle and Srinivasan, Pratul P and Zhou, Howard and Barron, Jonathan T and Martin-Brualla, Ricardo and Snavely, Noah and Funkhouser, Thomas},
  booktitle={Proceedings of the IEEE/CVF Conference on Computer Vision and Pattern Recognition},
  pages={4690--4699},
  year={2021}
}
@article{zhang2020nerf++,
  title={Nerf++: Analyzing and improving neural radiance fields},
  author={Zhang, Kai and Riegler, Gernot and Snavely, Noah and Koltun, Vladlen},
  journal={arXiv preprint arXiv:2010.07492},
  year={2020}
}

@article{liu2020neural,
  title={Neural human video rendering by learning dynamic textures and rendering-to-video translation},
  author={Liu, Lingjie and Xu, Weipeng and Habermann, Marc and Zollh{\"o}fer, Michael and Bernard, Florian and Kim, Hyeongwoo and Wang, Wenping and Theobalt, Christian},
  journal={arXiv preprint arXiv:2001.04947},
  year={2020}
}

@article{french1999catastrophic,
  title={Catastrophic forgetting in connectionist networks},
  author={French, Robert M},
  journal={Trends in cognitive sciences},
  volume={3},
  number={4},
  pages={128--135},
  year={1999},
  publisher={Elsevier}
}

@inproceedings{zhou2024feature,
  title={Feature 3dgs: Supercharging 3d gaussian splatting to enable distilled feature fields},
  author={Zhou, Shijie and Chang, Haoran and Jiang, Sicheng and Fan, Zhiwen and Zhu, Zehao and Xu, Dejia and Chari, Pradyumna and You, Suya and Wang, Zhangyang and Kadambi, Achuta},
  booktitle={Proceedings of the IEEE/CVF Conference on Computer Vision and Pattern Recognition},
  pages={21676--21685},
  year={2024}
}
@inproceedings{li2024animatable,
  title={Animatable gaussians: Learning pose-dependent gaussian maps for high-fidelity human avatar modeling},
  author={Li, Zhe and Zheng, Zerong and Wang, Lizhen and Liu, Yebin},
  booktitle={Proceedings of the IEEE/CVF Conference on Computer Vision and Pattern Recognition},
  pages={19711--19722},
  year={2024}
}
@inproceedings{qian20243dgs,
  title={3dgs-avatar: Animatable avatars via deformable 3d gaussian splatting},
  author={Qian, Zhiyin and Wang, Shaofei and Mihajlovic, Marko and Geiger, Andreas and Tang, Siyu},
  booktitle={Proceedings of the IEEE/CVF Conference on Computer Vision and Pattern Recognition},
  pages={5020--5030},
  year={2024}
}


@inproceedings{hu2024gaussianavatar,
  title={Gaussianavatar: Towards realistic human avatar modeling from a single video via animatable 3d gaussians},
  author={Hu, Liangxiao and Zhang, Hongwen and Zhang, Yuxiang and Zhou, Boyao and Liu, Boning and Zhang, Shengping and Nie, Liqiang},
  booktitle={Proceedings of the IEEE/CVF Conference on Computer Vision and Pattern Recognition},
  pages={634--644},
  year={2024}
}

@inproceedings{liu2024humangaussian,
  title={Humangaussian: Text-driven 3d human generation with gaussian splatting},
  author={Liu, Xian and Zhan, Xiaohang and Tang, Jiaxiang and Shan, Ying and Zeng, Gang and Lin, Dahua and Liu, Xihui and Liu, Ziwei},
  booktitle={Proceedings of the IEEE/CVF Conference on Computer Vision and Pattern Recognition},
  pages={6646--6657},
  year={2024}
}

@article{kolotouros2024dreamhuman,
  title={Dreamhuman: Animatable 3d avatars from text},
  author={Kolotouros, Nikos and Alldieck, Thiemo and Zanfir, Andrei and Bazavan, Eduard and Fieraru, Mihai and Sminchisescu, Cristian},
  journal={Advances in Neural Information Processing Systems},
  volume={36},
  year={2024}
}

@inproceedings{zhang2024avatarverse,
  title={Avatarverse: High-quality \& stable 3d avatar creation from text and pose},
  author={Zhang, Huichao and Chen, Bowen and Yang, Hao and Qu, Liao and Wang, Xu and Chen, Li and Long, Chao and Zhu, Feida and Du, Daniel and Zheng, Min},
  booktitle={Proceedings of the AAAI Conference on Artificial Intelligence},
  volume={38},
  number={7},
  pages={7124--7132},
  year={2024}
}

@article{zhang2023text,
  title={Text-guided generation and editing of compositional 3d avatars},
  author={Zhang, Hao and Feng, Yao and Kulits, Peter and Wen, Yandong and Thies, Justus and Black, Michael J},
  journal={arXiv preprint arXiv:2309.07125},
  year={2023}
}

@article{mendiratta2023avatarstudio,
  title={Avatarstudio: Text-driven editing of 3d dynamic human head avatars},
  author={Mendiratta, Mohit and Pan, Xingang and Elgharib, Mohamed and Teotia, Kartik and Tewari, Ayush and Golyanik, Vladislav and Kortylewski, Adam and Theobalt, Christian},
  journal={ACM Transactions on Graphics (ToG)},
  volume={42},
  number={6},
  pages={1--18},
  year={2023},
  publisher={ACM New York, NY, USA}
}

@article{sun2024recent,
  title={Recent advances in implicit representation-based 3d shape generation},
  author={Sun, Jia-Mu and Wu, Tong and Gao, Lin},
  journal={Visual Intelligence},
  volume={2},
  number={1},
  pages={9},
  year={2024},
  publisher={Springer}
}

@article{yang2023continual,
  title={Continual learning with Bayesian model based on a fixed pre-trained feature extractor},
  author={Yang, Yang and Cui, Zhiying and Xu, Junjie and Zhong, Changhong and Zheng, Wei-Shi and Wang, Ruixuan},
  journal={Visual Intelligence},
  volume={1},
  number={1},
  pages={5},
  year={2023},
  publisher={Springer}
}