@article{ILnerf,
  title={IL-NeRF: Incremental Learning for Neural Radiance Fields with Camera Pose Alignment},
  author={Zhang, Letian and Li, Ming and Chen, Chen and Xu, Jie},
  journal={arXiv preprint arXiv:2312.05748},
  year={2023}
}

@article{actorsnerf,
  title={ActorsNeRF: Animatable Few-shot Human Rendering with Generalizable NeRFs},
  author={Mu, Jiteng and Sang, Shen and Vasconcelos, Nuno and Wang, Xiaolong},
  journal={arXiv preprint arXiv:2304.14401},
  year={2023}
}

@inproceedings{bao2023sine,
  title={Sine: Semantic-driven image-based nerf editing with prior-guided editing field},
  author={Bao, Chong and Zhang, Yinda and Yang, Bangbang and Fan, Tianxing and Yang, Zesong and Bao, Hujun and Zhang, Guofeng and Cui, Zhaopeng},
  booktitle={Proceedings of the IEEE/CVF Conference on Computer Vision and Pattern Recognition},
  pages={20919--20929},
  year={2023}
}

@article{chen2023text,
  title={Text-to-3d using gaussian splatting},
  author={Chen, Zilong and Wang, Feng and Liu, Huaping},
  journal={arXiv preprint arXiv:2309.16585},
  year={2023}
}

@article{chen2024s,
  title={S-NeRF++: Autonomous Driving Simulation via Neural Reconstruction and Generation},
  author={Chen, Yurui and Zhang, Junge and Xie, Ziyang and Li, Wenye and Zhang, Feihu and Lu, Jiachen and Zhang, Li},
  journal={arXiv preprint arXiv:2402.02112},
  year={2024}
}

@article{cheng2023uc,
  title={UC-NeRF: Neural Radiance Field for Under-Calibrated multi-view cameras in autonomous driving},
  author={Cheng, Kai and Long, Xiaoxiao and Yin, Wei and Wang, Jin and Wu, Zhiqiang and Ma, Yuexin and Wang, Kaixuan and Chen, Xiaozhi and Chen, Xuejin},
  journal={arXiv preprint arXiv:2311.16945},
  year={2023}
}

@article{cl-nerf,
  title={CL-NeRF: Continual Learning of Neural Radiance Fields for Evolving Scene Representation},
  author={Wu, Xiuzhe and Dai, Peng and Deng, Weipeng and Chen, Handi and Wu, Yang and Cao, Yan-Pei and Shan, Ying and Qi, Xiaojuan},
  journal={Advances in Neural Information Processing Systems},
  volume={36},
  year={2024}
}

@inproceedings{clnerf,
  title={CLNeRF: Continual Learning Meets NeRF},
  author={Cai, Zhipeng and M{\"u}ller, Matthias},
  booktitle={Proceedings of the IEEE/CVF International Conference on Computer Vision},
  pages={23185--23194},
  year={2023}
}

@article{feldmann2024nerfmentation,
  title={NeRFmentation: NeRF-based Augmentation for Monocular Depth Estimation},
  author={Feldmann, Casimir and Siegenheim, Niall and Hars, Nikolas and Rabuzin, Lovro and Ertugrul, Mert and Wolfart, Luca and Pollefeys, Marc and Bauer, Zuria and Oswald, Martin R},
  journal={arXiv preprint arXiv:2401.03771},
  year={2024}
}

@inproceedings{hu2024gauhuman,
  title={Gauhuman: Articulated gaussian splatting from monocular human videos},
  author={Hu, Shoukang and Hu, Tao and Liu, Ziwei},
  booktitle={Proceedings of the IEEE/CVF Conference on Computer Vision and Pattern Recognition},
  pages={20418--20431},
  year={2024}
}

@inproceedings{hu2024gaussianavatar,
  title={Gaussianavatar: Towards realistic human avatar modeling from a single video via animatable 3d gaussians},
  author={Hu, Liangxiao and Zhang, Hongwen and Zhang, Yuxiang and Zhou, Boyao and Liu, Boning and Zhang, Shengping and Nie, Liqiang},
  booktitle={Proceedings of the IEEE/CVF Conference on Computer Vision and Pattern Recognition},
  pages={634--644},
  year={2024}
}

@article{hu2024pc,
  title={PC-NeRF: Parent-Child Neural Radiance Fields Using Sparse LiDAR Frames in Autonomous Driving Environments},
  author={Hu, Xiuzhong and Xiong, Guangming and Zang, Zheng and Jia, Peng and Han, Yuxuan and Ma, Junyi},
  journal={arXiv preprint arXiv:2402.09325},
  year={2024}
}

@inproceedings{humannerf,
  title={Humannerf: Free-viewpoint rendering of moving people from monocular video},
  author={Weng, Chung-Yi and Curless, Brian and Srinivasan, Pratul P and Barron, Jonathan T and Kemelmacher-Shlizerman, Ira},
  booktitle={Proceedings of the IEEE/CVF conference on computer vision and pattern Recognition},
  pages={16210--16220},
  year={2022}
}

@inproceedings{instant,
  title={Instant continual learning of neural radiance fields},
  author={Po, Ryan and Dong, Zhengyang and Bergman, Alexander W and Wetzstein, Gordon},
  booktitle={Proceedings of the IEEE/CVF International Conference on Computer Vision},
  pages={3334--3344},
  year={2023}
}

@inproceedings{jiang2022neuman,
  title={Neuman: Neural human radiance field from a single video},
  author={Jiang, Wei and Yi, Kwang Moo and Samei, Golnoosh and Tuzel, Oncel and Ranjan, Anurag},
  booktitle={European Conference on Computer Vision},
  pages={402--418},
  year={2022},
  organization={Springer}
}

@article{kerbl20233d,
  title={3D Gaussian Splatting for Real-Time Radiance Field Rendering},
  author={Kerbl, Bernhard and Kopanas, Georgios and Leimk{\"u}hler, Thomas and Drettakis, George},
  journal={ACM Transactions on Graphics},
  volume={42},
  number={4},
  year={2023}
}

@article{kolotouros2024dreamhuman,
  title={Dreamhuman: Animatable 3d avatars from text},
  author={Kolotouros, Nikos and Alldieck, Thiemo and Zanfir, Andrei and Bazavan, Eduard and Fieraru, Mihai and Sminchisescu, Cristian},
  journal={Advances in Neural Information Processing Systems},
  volume={36},
  year={2024}
}

@article{kwon2023neural,
  title={Neural Image-based Avatars: Generalizable Radiance Fields for Human Avatar Modeling},
  author={Kwon, Youngjoong and Kim, Dahun and Ceylan, Duygu and Fuchs, Henry},
  journal={arXiv preprint arXiv:2304.04897},
  year={2023}
}

@inproceedings{liu2024humangaussian,
  title={Humangaussian: Text-driven 3d human generation with gaussian splatting},
  author={Liu, Xian and Zhan, Xiaohang and Tang, Jiaxiang and Shan, Ying and Zeng, Gang and Lin, Dahua and Liu, Xihui and Liu, Ziwei},
  booktitle={Proceedings of the IEEE/CVF Conference on Computer Vision and Pattern Recognition},
  pages={6646--6657},
  year={2024}
}

@article{meil,
  title={MEIL-NeRF: Memory-Efficient Incremental Learning of Neural Radiance Fields},
  author={Chung, Jaeyoung and Lee, Kanggeon and Baik, Sungyong and Lee, Kyoung Mu},
  journal={arXiv preprint arXiv:2212.08328},
  year={2022}
}

@article{mendiratta2023avatarstudio,
  title={Avatarstudio: Text-driven editing of 3d dynamic human head avatars},
  author={Mendiratta, Mohit and Pan, Xingang and Elgharib, Mohamed and Teotia, Kartik and Tewari, Ayush and Golyanik, Vladislav and Kortylewski, Adam and Theobalt, Christian},
  journal={ACM Transactions on Graphics (ToG)},
  volume={42},
  number={6},
  pages={1--18},
  year={2023},
  publisher={ACM New York, NY, USA}
}

@article{mps,
  title={Mps-nerf: Generalizable 3d human rendering from multiview images},
  author={Gao, Xiangjun and Yang, Jiaolong and Kim, Jongyoo and Peng, Sida and Liu, Zicheng and Tong, Xin},
  journal={IEEE Transactions on Pattern Analysis and Machine Intelligence},
  year={2022},
  publisher={IEEE}
}

@article{multilayer,
  title={Multilayer perceptron (MLP)},
  author={Taud, Hind and Mas, JF},
  journal={Geomatic approaches for modeling land change scenarios},
  pages={451--455},
  year={2018},
  publisher={Springer}
}

@article{nerf,
  title={Nerf: Representing scenes as neural radiance fields for view synthesis},
  author={Mildenhall, Ben and Srinivasan, Pratul P and Tancik, Matthew and Barron, Jonathan T and Ramamoorthi, Ravi and Ng, Ren},
  journal={Communications of the ACM},
  volume={65},
  number={1},
  pages={99--106},
  year={2021},
  publisher={ACM New York, NY, USA}
}

@inproceedings{neuralbody,
  title={Neural body: Implicit neural representations with structured latent codes for novel view synthesis of dynamic humans},
  author={Peng, Sida and Zhang, Yuanqing and Xu, Yinghao and Wang, Qianqian and Shuai, Qing and Bao, Hujun and Zhou, Xiaowei},
  booktitle={Proceedings of the IEEE/CVF Conference on Computer Vision and Pattern Recognition},
  pages={9054--9063},
  year={2021}
}

@inproceedings{pan2023transhuman,
  title={Transhuman: A transformer-based human representation for generalizable neural human rendering},
  author={Pan, Xiao and Yang, Zongxin and Ma, Jianxin and Zhou, Chang and Yang, Yi},
  booktitle={Proceedings of the IEEE/CVF International conference on computer vision},
  pages={3544--3555},
  year={2023}
}

@inproceedings{personnerf,
  title={PersonNeRF: Personalized Reconstruction from Photo Collections},
  author={Weng, Chung-Yi and Srinivasan, Pratul P and Curless, Brian and Kemelmacher-Shlizerman, Ira},
  booktitle={Proceedings of the IEEE/CVF Conference on Computer Vision and Pattern Recognition},
  pages={524--533},
  year={2023}
}

@inproceedings{qian20243dgs,
  title={3dgs-avatar: Animatable avatars via deformable 3d gaussian splatting},
  author={Qian, Zhiyin and Wang, Shaofei and Mihajlovic, Marko and Geiger, Andreas and Tang, Siyu},
  booktitle={Proceedings of the IEEE/CVF Conference on Computer Vision and Pattern Recognition},
  pages={5020--5030},
  year={2024}
}

@article{sherf,
  title={SHERF: Generalizable Human NeRF from a Single Image},
  author={Hu, Shoukang and Hong, Fangzhou and Pan, Liang and Mei, Haiyi and Yang, Lei and Liu, Ziwei},
  journal={arXiv preprint arXiv:2303.12791},
  year={2023}
}

@inproceedings{sun2022human,
  title={Human 3d avatar modeling with implicit neural representation: A brief survey},
  author={Sun, Mingyang and Yang, Dingkang and Kou, Dongliang and Jiang, Yang and Shan, Weihua and Yan, Zhe and Zhang, Lihua},
  booktitle={2022 14th International Conference on Signal Processing Systems (ICSPS)},
  pages={818--827},
  year={2022},
  organization={IEEE}
}

@article{tang2023dreamgaussian,
  title={Dreamgaussian: Generative gaussian splatting for efficient 3d content creation},
  author={Tang, Jiaxiang and Ren, Jiawei and Zhou, Hang and Liu, Ziwei and Zeng, Gang},
  journal={arXiv preprint arXiv:2309.16653},
  year={2023}
}

@inproceedings{turki2023suds,
  title={SUDS: Scalable Urban Dynamic Scenes},
  author={Turki, Haithem and Zhang, Jason Y and Ferroni, Francesco and Ramanan, Deva},
  booktitle={Proceedings of the IEEE/CVF Conference on Computer Vision and Pattern Recognition},
  pages={12375--12385},
  year={2023}
}

@inproceedings{wang2023neural,
  title={Neural Fields meet Explicit Geometric Representations for Inverse Rendering of Urban Scenes},
  author={Wang, Zian and Shen, Tianchang and Gao, Jun and Huang, Shengyu and Munkberg, Jacob and Hasselgren, Jon and Gojcic, Zan and Chen, Wenzheng and Fidler, Sanja},
  booktitle={Proceedings of the IEEE/CVF Conference on Computer Vision and Pattern Recognition},
  pages={8370--8380},
  year={2023}
}

@article{wu20234d,
  title={4d gaussian splatting for real-time dynamic scene rendering},
  author={Wu, Guanjun and Yi, Taoran and Fang, Jiemin and Xie, Lingxi and Zhang, Xiaopeng and Wei, Wei and Liu, Wenyu and Tian, Qi and Wang, Xinggang},
  journal={arXiv preprint arXiv:2310.08528},
  year={2023}
}

@inproceedings{xu2023grid,
  title={Grid-guided Neural Radiance Fields for Large Urban Scenes},
  author={Xu, Linning and Xiangli, Yuanbo and Peng, Sida and Pan, Xingang and Zhao, Nanxuan and Theobalt, Christian and Dai, Bo and Lin, Dahua},
  booktitle={Proceedings of the IEEE/CVF Conference on Computer Vision and Pattern Recognition},
  pages={8296--8306},
  year={2023}
}

@article{zhang2023text,
  title={Text-guided generation and editing of compositional 3d avatars},
  author={Zhang, Hao and Feng, Yao and Kulits, Peter and Wen, Yandong and Thies, Justus and Black, Michael J},
  journal={arXiv preprint arXiv:2309.07125},
  year={2023}
}

@inproceedings{zhao2022humannerf,
  title={Humannerf: Efficiently generated human radiance field from sparse inputs},
  author={Zhao, Fuqiang and Yang, Wei and Zhang, Jiakai and Lin, Pei and Zhang, Yingliang and Yu, Jingyi and Xu, Lan},
  booktitle={Proceedings of the IEEE/CVF Conference on Computer Vision and Pattern Recognition},
  pages={7743--7753},
  year={2022}
}

