@article{sisr1,
  title={Deep learning for single image super-resolution: A brief review},
  author={Yang, Wenming and Zhang, Xuechen and Tian, Yapeng and Wang, Wei and Xue, Jing-Hao and Liao, Qingmin},
  journal={IEEE Transactions on Multimedia},
  volume={21},
  number={12},
  pages={3106--3121},
  year={2019},
  publisher={IEEE}
}

@article{sisr2,
  title={From beginner to master: A survey for deep learning-based single-image super-resolution},
  author={Li, Juncheng and Pei, Zehua and Zeng, Tieyong},
  journal={arXiv e-prints},
  pages={arXiv--2109},
  year={2021},
  note={online}
}

@inproceedings{computervision,
  title={Is image super-resolution helpful for other vision tasks?},
  author={Dai, Dengxin and Wang, Yujian and Chen, Yuhua and Van Gool, Luc},
  booktitle={2016 IEEE Winter Conference on Applications of Computer Vision (WACV)},
  pages={1--9},
  year={2016},
  organization={IEEE}
}

@article{transformer,
  title={Attention is all you need},
  author={Vaswani, A},
  journal={Advances in Neural Information Processing Systems},
  year={2017}
}

@article{visiontransformer,
  title={An image is worth 16x16 words: Transformers for image recognition at scale},
  author={Dosovitskiy, Alexey},
  journal={arXiv preprint arXiv:2010.11929},
  year={2020},
  note={online}
}

@inproceedings{swinir,
  title={Swinir: Image restoration using swin transformer},
  author={Liang, Jingyun and Cao, Jiezhang and Sun, Guolei and Zhang, Kai and Van Gool, Luc and Timofte, Radu},
  booktitle={Proceedings of the IEEE/CVF International Conference on Computer Vision},
  pages={1833--1844},
  year={2021}
}

@article{hierarchical-feature,
  title={Exploiting multi-scale hierarchical feature representation for visual tracking},
  author={Wang, Jun and Yin, Peng and Yang, Wenhui and Wang, Yuanyun and Wang, Shengqian},
  journal={Complex \& Intelligent Systems},
  pages={1--16},
  year={2024},
  publisher={Springer}
}

@article{image-restoration1,
  title={A survey of deep learning approaches to image restoration},
  author={Su, Jingwen and Xu, Boyan and Yin, Hujun},
  journal={Neurocomputing},
  volume={487},
  pages={46--65},
  year={2022},
  publisher={Elsevier}
}

@article{image-restoration2,
  title={Recent progress in digital image restoration techniques: a review},
  author={Wali, Aamir and Naseer, Asma and Tamoor, Maria and Gilani, SAM},
  journal={Digital Signal Processing},
  pages={104187},
  year={2023},
  publisher={Elsevier}
}

@inproceedings{complexity,
  title={On the computational complexity of self-attention},
  author={Keles, Feyza Duman and Wijewardena, Pruthuvi Mahesakya and Hegde, Chinmay},
  booktitle={International Conference on Algorithmic Learning Theory},
  pages={597--619},
  year={2023},
  organization={PMLR}
}

@inproceedings{mambair,
  title={Mambair: A simple baseline for image restoration with state-space model},
  author={Guo, Hang and Li, Jinmin and Dai, Tao and Ouyang, Zhihao and Ren, Xudong and Xia, Shutao},
  booktitle={European Conference on Computer Vision},
  pages={222--241},
  year={2025},
  organization={Springer}
}

@article{vision-mamba,
  title={Vision mamba: Efficient visual representation learning with bidirectional state space model},
  author={Zhu, Lianghui and Liao, Bencheng and Zhang, Qian and Wang, Xinlong and Liu, Wenyu and Wang, Xinggang},
  journal={arXiv preprint arXiv:2401.09417},
  year={2024},
  note={online}
}

@article{mamba,
  title={Mamba: Linear-time sequence modeling with selective state spaces},
  author={Gu, Albert and Dao, Tri},
  journal={arXiv preprint arXiv:2312.00752},
  year={2023},
  note={online}
}

@article{s4,
  title={Efficiently modeling long sequences with structured state spaces},
  author={Gu, Albert and Goel, Karan and R{\'e}, Christopher},
  journal={arXiv preprint arXiv:2111.00396},
  year={2021},
  note={online}
}

@article{rnn,
  title={Recurrent neural network regularization},
  author={Zaremba, Wojciech},
  journal={arXiv preprint arXiv:1409.2329},
  year={2014},
  note={online}
}

@inproceedings{agdn,
  title={Attention Guidance Distillation Network for Efficient Image Super-Resolution},
  author={Wang, Hongyuan and Wei, Ziyan and Tang, Qingting and Cheng, Shuli and Wang, Liejun and Li, Yongming},
  booktitle={Proceedings of the IEEE/CVF Conference on Computer Vision and Pattern Recognition},
  pages={6287--6296},
  year={2024}
}

@article{man,
  title={Ma-net: A multi-scale attention network for liver and tumor segmentation},
  author={Fan, Tongle and Wang, Guanglei and Li, Yan and Wang, Hongrui},
  journal={IEEE Access},
  volume={8},
  pages={179656--179665},
  year={2020},
  publisher={IEEE}
}

@article{denoising,
  title={Methods for image denoising using convolutional neural network: a review},
  author={Ilesanmi, Ademola E and Ilesanmi, Taiwo O},
  journal={Complex \& Intelligent Systems},
  volume={7},
  number={5},
  pages={2179--2198},
  year={2021},
  publisher={Springer}
}

@article{JPEGartifactreduction,
  title={Residual Network for Image Compression Artifact Reduction},
  author={Hu, Jianhua and Luo, Guixiang and Wang, Bo and Wu, Weimei and Yang, Jiahui and Guo, Jianding},
  journal={International Journal of Pattern Recognition and Artificial Intelligence},
  volume={38},
  number={02},
  pages={2454001},
  year={2024},
  publisher={World Scientific}
}

@article{rwkv,
  title={Rwkv: Reinventing rnns for the transformer era},
  author={Peng, Bo and Alcaide, Eric and Anthony, Quentin and Albalak, Alon and Arcadinho, Samuel and Biderman, Stella and others},
  journal={arXiv preprint arXiv:2305.13048},
  year={2023},
  note={online}
}

@article{eagleandfinch,
  title={Eagle and finch: Rwkv with matrix-valued states and dynamic recurrence},
  author={Peng, Bo and Goldstein, Daniel and Anthony, Quentin and Albalak, Alon and Alcaide, Eric and Biderman, Stella and others},
  journal={arXiv preprint arXiv:2404.05892},
  year={2024},
  note={online}
}

@article{swinfir,
  title={Swinfir: Revisiting the swinir with fast fourier convolution and improved training for image super-resolution},
  author={Zhang, Dafeng and Huang, Feiyu and Liu, Shizhuo and Wang, Xiaobing and Jin, Zhezhu},
  journal={arXiv preprint arXiv:2208.11247},
  year={2022},
  note={online}
}

@inproceedings{hat,
  title={Activating more pixels in image super-resolution transformer},
  author={Chen, Xiangyu and Wang, Xintao and Zhou, Jiantao and Qiao, Yu and Dong, Chao},
  booktitle={Proceedings of the IEEE/CVF conference on computer vision and pattern recognition},
  pages={22367--22377},
  year={2023}
}

@inproceedings{flckr2k,
  title={Lsdir: A large scale dataset for image restoration},
  author={Li, Yawei and Zhang, Kai and Liang, Jingyun and Cao, Jiezhang and Liu, Ce and Gong, Rui and others},
  booktitle={Proceedings of the IEEE/CVF Conference on Computer Vision and Pattern Recognition},
  pages={1775--1787},
  year={2023}
}

@inproceedings{div2k,
  title={Ntire 2017 challenge on single image super-resolution: Dataset and study},
  author={Agustsson, Eirikur and Timofte, Radu},
  booktitle={Proceedings of the IEEE conference on computer vision and pattern recognition workshops},
  pages={126--135},
  year={2017}
}

@article{rsscn7,
  title={Remote sensing scene classification based on high-order graph convolutional network},
  author={Gao, Yue and Shi, Jun and Li, Jun and Wang, Ruoyu},
  journal={European Journal of Remote Sensing},
  volume={54},
  number={sup1},
  pages={141--155},
  year={2021},
  publisher={Taylor \& Francis}
}

@article{set5,
  title={Low-complexity single-image super-resolution based on nonnegative neighbor embedding},
  author={Bevilacqua, Marco and Roumy, Aline and Guillemot, Christine and Alberi-Morel, Marie Line},
  year={2012},
  publisher={BMVA press}
}

@inproceedings{set14,
  title={On single image scale-up using sparse-representations},
  author={Zeyde, Roman and Elad, Michael and Protter, Matan},
  booktitle={Curves and Surfaces: 7th International Conference, Avignon, France, June 24-30, 2010, Revised Selected Papers 7},
  pages={711--730},
  year={2012},
  organization={Springer}
}

@inproceedings{bsd100,
  title={A database of human segmented natural images and its application to evaluating segmentation algorithms and measuring ecological statistics},
  author={Martin, David and Fowlkes, Charless and Tal, Doron and Malik, Jitendra},
  booktitle={Proceedings eighth IEEE international conference on computer vision. ICCV 2001},
  volume={2},
  pages={416--423},
  year={2001},
  organization={IEEE}
}

@inproceedings{urban100,
  title={Single image super-resolution from transformed self-exemplars},
  author={Huang, Jia-Bin and Singh, Abhishek and Ahuja, Narendra},
  booktitle={Proceedings of the IEEE conference on computer vision and pattern recognition},
  pages={5197--5206},
  year={2015}
}

@article{manga109,
  title={Sketch-based manga retrieval using manga109 dataset},
  author={Matsui, Yusuke and Ito, Kota and Aramaki, Yuji and Fujimoto, Azuma and Ogawa, Toru and Yamasaki, Toshihiko and others},
  journal={Multimedia tools and applications},
  volume={76},
  pages={21811--21838},
  year={2017},
  publisher={Springer}
}

@article{psnr,
  title={Image quality metrics: PSNR vs. SSIM},
  author={Hore, A and Ziou, D},
  journal={Proceedings of the 20th International Conference on Pattern Recognition (ICPR)},
  pages={2366--2369},
  year={2010},
  publisher={IEEE}
}

@article{ssim,
  title={Image quality assessment: from error visibility to structural similarity},
  author={Wang, Zhou and Bovik, Alan C and Sheikh, Hamid R and Simoncelli, Eero P},
  journal={IEEE Transactions on Image Processing},
  volume={13},
  number={4},
  pages={600--612},
  year={2004},
  publisher={IEEE}
}

@article{mambairv2,
  title={MambaIRv2: Attentive State Space Restoration},
  author={Guo, Hang and Guo, Yong and Zha, Yaohua and Zhang, Yulun and Li, Wenbo and Dai, Tao and others},
  journal={arXiv preprint arXiv:2411.15269},
  year={2024},
  note={online}
}

@inproceedings{medical,
  title={Super resolution contrast ultrasound imaging: Analysis of imaging resolution and application to imaging tumor angiogenesis},
  author={Lin, Fanglue and Rojas, Juan D and Dayton, Paul A},
  booktitle={2016 IEEE International Ultrasonics Symposium (IUS)},
  pages={1--4},
  year={2016},
  organization={IEEE}
}

@article{remotesensing,
  title={Real-time statistical image and video processing for remote sensing and surveillance applications},
  author={Khosravi, Mohammad R and Tavallali, Pooya},
  journal={Journal of Real-Time Image Processing},
  volume={18},
  pages={1435--1439},
  year={2021},
  publisher={Springer}
}

@article{restorerwkv,
  title={Restore-RWKV: Efficient and Effective Medical Image Restoration with RWKV},
  author={Zhiwen Yang and Jiayin Li and Hui Zhang and Dan Zhao and Bingzheng Wei and Yan Xu},
  journal={arXiv preprint arXiv:2407.11087},
  year={2024},
  note={online}
}

@article{video,
  title={Real-time crowd behavior recognition in surveillance videos based on deep learning methods},
  author={Rezaei, Fariba and Yazdi, Mehran},
  journal={Journal of Real-Time Image Processing},
  volume={18},
  number={5},
  pages={1669--1679},
  year={2021},
  publisher={Springer}
}

@article{visualrwkv,
  title={VisualRWKV: Exploring Recurrent Neural Networks for Visual Language Models},
  author={Hou, Haowen and Zeng, Peigen and Ma, Fei and Yu, Fei Richard},
  journal={arXiv preprint arXiv:2406.13362},
  year={2024},
  note={online}
}

@misc{counter,
  author={S. Moustafa},
  title={Torch operation counter},
  year={2023},
  howpublished={Available: \url{https://github.com/SamirMoustafa/torch-operation-counter}},
  note={online}
}