@article{Aglite,
  author       = {Peiyuan Feng and
                  Yichen He and
                  Guanhua Huang and
                  Yuan Lin and
                  Hanchong Zhang and
                  Yuchen Zhang and
                  Hang Li},
  title        = {{AGILE:} {A} Novel Framework of {LLM} Agents},
  journal      = {CoRR},
  year         = {2024},
}

@inproceedings{Rog,
  author       = {Linhao Luo and
                  Yuan{-}Fang Li and
                  Gholamreza Haffari and
                  Shirui Pan},
  title        = {Reasoning on Graphs: Faithful and Interpretable Large Language Model
                  Reasoning},
  booktitle    = {ICLR},
  year         = {2024},

}

@inproceedings{Structgpt,
  author       = {Jinhao Jiang and
                  Kun Zhou and
                  Zican Dong and
                  Keming Ye and
                  Xin Zhao and
                  Ji{-}Rong Wen},
  title        = {StructGPT: {A} General Framework for Large Language Model to Reason
                  over Structured Data},
  booktitle    = {EMNLP},
  year         = {2023},
}

@article{T5,
  author       = {Colin Raffel and
                  Noam Shazeer and
                  Adam Roberts and
                  Katherine Lee and
                  Sharan Narang and
                  Michael Matena and
                  Yanqi Zhou and
                  Wei Li and
                  Peter J. Liu},
  title        = {Exploring the Limits of Transfer Learning with a Unified Text-to-Text
                  Transformer},
  journal      = {CoRR},
  year         = {2019},
}

@inproceedings{ToG,
  author       = {Jiashuo Sun and
                  Chengjin Xu and
                  Lumingyuan Tang and
                  Saizhuo Wang and
                  Chen Lin and
                  Yeyun Gong and
                  Heung{-}Yeung Shum and
                  Jian Guo},
  title        = {Think-on-Graph: Deep and Responsible Reasoning of Large Language Model
                  with Knowledge Graph},
  booktitle     = {ICLR},

  year         = {2024},
}

@inproceedings{UniKGQA,
  author       = {Jinhao Jiang and
                  Kun Zhou and
                  Xin Zhao and
                  Ji{-}Rong Wen},
  title        = {UniKGQA: Unified Retrieval and Reasoning for Solving Multi-hop Question
                  Answering Over Knowledge Graph},
  booktitle    = {ICLR},

  year         = {2023},
}

@article{agentgym,
  author       = {Zhiheng Xi and
                  Yiwen Ding and
                  Wenxiang Chen and
                  Boyang Hong and
                  Honglin Guo and
                  Junzhe Wang and
                  Dingwen Yang and
                  Chenyang Liao and
                  Xin Guo and
                  Wei He and
                  Songyang Gao and
                  Lu Chen and
                  Rui Zheng and
                  Yicheng Zou and
                  Tao Gui and
                  Qi Zhang and
                  Xipeng Qiu and
                  Xuanjing Huang and
                  Zuxuan Wu and
                  Yu{-}Gang Jiang},
  title        = {AgentGym: Evolving Large Language Model-based Agents across Diverse
                  Environments},
  journal      = {CoRR},
  year         = {2024},
}

@inproceedings{autoact,
  author       = {Shuofei Qiao and
                  Ningyu Zhang and
                  Runnan Fang and
                  Yujie Luo and
                  Wangchunshu Zhou and
                  Yuchen Eleanor Jiang and
                  Chengfei Lv and
                  Huajun Chen},
  title        = {AutoAct: Automatic Agent Learning from Scratch for {QA} via Self-Planning},
  booktitle    = {ACL},
  year         = {2024},
}

@inproceedings{beamqa,
  author       = {Farah Atif and
                  Ola El Khatib and
                  Djellel Eddine Difallah},
  title        = {BeamQA: Multi-hop Knowledge Graph Question Answering with Sequence-to-Sequence
                  Prediction and Beam Search},
  booktitle    = {SIGIR},
  year         = {2023},
}

@inproceedings{chatkbqa,
  author       = {Haoran Luo and
                  Haihong E and
                  Zichen Tang and
                  Shiyao Peng and
                  Yikai Guo and
                  Wentai Zhang and
                  Chenghao Ma and
                  Guanting Dong and
                  Meina Song and
                  Wei Lin and
                  Yifan Zhu and
                  Anh Tuan Luu},
  title        = {ChatKBQA: {A} Generate-then-Retrieve Framework for Knowledge Base
                  Question Answering with Fine-tuned Large Language Models},
  booktitle    = {Findings of ACL},
  year         = {2024},
}

@article{chatrule,
  author       = {Linhao Luo and
                  Jiaxin Ju and
                  Bo Xiong and
                  Yuan{-}Fang Li and
                  Gholamreza Haffari and
                  Shirui Pan},
  title        = {ChatRule: Mining Logical Rules with Large Language Models for Knowledge
                  Graph Reasoning},
  journal      = {CoRR},
  year         = {2023},
}

@inproceedings{decom,
  author       = {Sitao Cheng and
                  Ziyuan Zhuang and
                  Yong Xu and
                  Fangkai Yang and
                  Chaoyun Zhang and
                  Xiaoting Qin and
                  Xiang Huang and
                  Ling Chen and
                  Qingwei Lin and
                  Dongmei Zhang and
                  Saravan Rajmohan and
                  Qi Zhang},
  title        = {Call Me When Necessary: LLMs can Efficiently and Faithfully Reason
                  over Structured Environments},
  booktitle    = {Findings of ACL},

  year         = {2024},
}

@article{ditill,
  author       = {Xiaohan Xu and
                  Ming Li and
                  Chongyang Tao and
                  Tao Shen and
                  Reynold Cheng and
                  Jinyang Li and
                  Can Xu and
                  Dacheng Tao and
                  Tianyi Zhou},
  title        = {A Survey on Knowledge Distillation of Large Language Models},
  journal      = {CoRR},
  year         = {2024},
}

@article{gog,
  author       = {Yao Xu and
                  Shizhu He and
                  Jiabei Chen and
                  Zihao Wang and
                  Yangqiu Song and
                  Hanghang Tong and
                  Kang Liu and
                  Jun Zhao},
  title        = {Generate-on-Graph: Treat {LLM} as both Agent and {KG} in Incomplete
                  Knowledge Graph Question Answering},
  journal      = {CoRR},
  year         = {2024},
}

@article{gpt4,
  author       = {OpenAI},
  title        = {{GPT-4} Technical Report},
  journal      = {CoRR},
  year         = {2023},
}

@article{kgandllm,
  author       = {Hanieh Khorashadizadeh and
                  Fatima Zahra Amara and
                  Morteza Kamaladdini Ezzabady and
                  Fr{\'{e}}d{\'{e}}ric Ieng and
                  Sanju Tiwari and
                  Nandana Mihindukulasooriya and
                  Jinghua Groppe and
                  Soror Sahri and
                  Farah Benamara and
                  Sven Groppe},
  title        = {Research Trends for the Interplay between Large Language Models and
                  Knowledge Graphs},
  journal      = {CoRR},
  year         = {2024},
}

@article{llama,
  author       = {Hugo Touvron and
                  Louis Martin and
                  Kevin Stone and
                  Peter Albert and
                  Amjad Almahairi and
                  Yasmine Babaei and
                  Nikolay Bashlykov and
                  Soumya Batra and
                  Prajjwal Bhargava and
                  Shruti Bhosale and
                  Dan Bikel and
                  Lukas Blecher and
                  Cristian Canton{-}Ferrer and
                  Moya Chen and
                  Guillem Cucurull and
                  David Esiobu and
                  Jude Fernandes and
                  Jeremy Fu and
                  Wenyin Fu and
                  Brian Fuller and
                  Cynthia Gao and
                  Vedanuj Goswami and
                  Naman Goyal and
                  Anthony Hartshorn and
                  Saghar Hosseini and
                  Rui Hou and
                  Hakan Inan and
                  Marcin Kardas and
                  Viktor Kerkez and
                  Madian Khabsa and
                  Isabel Kloumann and
                  Artem Korenev and
                  Punit Singh Koura and
                  Marie{-}Anne Lachaux and
                  Thibaut Lavril and
                  Jenya Lee and
                  Diana Liskovich and
                  Yinghai Lu and
                  Yuning Mao and
                  Xavier Martinet and
                  Todor Mihaylov and
                  Pushkar Mishra and
                  Igor Molybog and
                  Yixin Nie and
                  Andrew Poulton and
                  Jeremy Reizenstein and
                  Rashi Rungta and
                  Kalyan Saladi and
                  Alan Schelten and
                  Ruan Silva and
                  Eric Michael Smith and
                  Ranjan Subramanian and
                  Xiaoqing Ellen Tan and
                  Binh Tang and
                  Ross Taylor and
                  Adina Williams and
                  Jian Xiang Kuan and
                  Puxin Xu and
                  Zheng Yan and
                  Iliyan Zarov and
                  Yuchen Zhang and
                  Angela Fan and
                  Melanie Kambadur and
                  Sharan Narang and
                  Aur{\'{e}}lien Rodriguez and
                  Robert Stojnic and
                  Sergey Edunov and
                  Thomas Scialom},
  title        = {Llama 2: Open Foundation and Fine-Tuned Chat Models},
  journal      = {CoRR},
  year         = {2023}
}

@article{plan,
  author       = {Xu Huang and
                  Weiwen Liu and
                  Xiaolong Chen and
                  Xingmei Wang and
                  Hao Wang and
                  Defu Lian and
                  Yasheng Wang and
                  Ruiming Tang and
                  Enhong Chen},
  title        = {Understanding the planning of {LLM} agents: {A} survey},
  journal      = {CoRR},
  year         = {2024},
}

@article{pot,
  author       = {Wenhu Chen and
                  Xueguang Ma and
                  Xinyi Wang and
                  William W. Cohen},
  title        = {Program of Thoughts Prompting: Disentangling Computation from Reasoning
                  for Numerical Reasoning Tasks},
  journal      = {Trans. Mach. Learn. Res.},
  year         = {2023},
}

@inproceedings{react,
  author       = {Shunyu Yao and
                  Jeffrey Zhao and
                  Dian Yu and
                  Nan Du and
                  Izhak Shafran and
                  Karthik R. Narasimhan and
                  Yuan Cao},
  title        = {ReAct: Synergizing Reasoning and Acting in Language Models},
  booktitle    = {ICLR},
  year         = {2023},
}

@inproceedings{reflection,
  author       = {Noah Shinn and
                  Federico Cassano and
                  Ashwin Gopinath and
                  Karthik Narasimhan and
                  Shunyu Yao},
  title        = {Reflexion: language agents with verbal reinforcement learning},
  booktitle    = {NeurIPS},
  year         = {2023},
}

@inproceedings{retrieval,
  author       = {Barlas Oguz and
                  Xilun Chen and
                  Vladimir Karpukhin and
                  Stan Peshterliev and
                  Dmytro Okhonko and
                  Michael Sejr Schlichtkrull and
                  Sonal Gupta and
                  Yashar Mehdad and
                  Scott Yih},
  title        = {UniK-QA: Unified Representations of Structured and Unstructured Knowledge
                  for Open-Domain Question Answering},
  booktitle    = {Findings of NAACL},
  year         = {2022},
}

@inproceedings{rl,
  author       = {Yuqing Du and
                  Olivia Watkins and
                  Zihan Wang and
                  C{\'{e}}dric Colas and
                  Trevor Darrell and
                  Pieter Abbeel and
                  Abhishek Gupta and
                  Jacob Andreas},
  title        = {Guiding Pretraining in Reinforcement Learning with Large Language
                  Models},
  booktitle    = {ICML},
  year         = {2023},
}

@inproceedings{spareser2,
  author       = {Donghan Yu and
                  Sheng Zhang and
                  Patrick Ng and
                  Henghui Zhu and
                  Alexander Hanbo Li and
                  Jun Wang and
                  Yiqun Hu and
                  William Yang Wang and
                  Zhiguo Wang and
                  Bing Xiang},
  title        = {DecAF: Joint Decoding of Answers and Logical Forms for Question Answering
                  over Knowledge Bases},
  booktitle    = {ICLR},
  year         = {2023},
}

@inproceedings{step,
  author       = {Yunshi Lan and
                  Jing Jiang},
  title        = {Query Graph Generation for Answering Multi-hop Complex Questions from
                  Knowledge Bases},
  booktitle    = {ACL},
  year         = {2020},
}

@inproceedings{step2,
  author       = {Nikita Bhutani and
                  Xinyi Zheng and
                  H. V. Jagadish},
  title        = {Learning to Answer Complex Questions over Knowledge Bases with Query
                  Composition},
  booktitle    = {CIKM},
  year         = {2019},
}

@inproceedings{toolformer,
  author       = {Timo Schick and
                  Jane Dwivedi{-}Yu and
                  Roberto Dess{\`{\i}} and
                  Roberta Raileanu and
                  Maria Lomeli and
                  Eric Hambro and
                  Luke Zettlemoyer and
                  Nicola Cancedda and
                  Thomas Scialom},
  title        = {Toolformer: Language Models Can Teach Themselves to Use Tools},
  booktitle    = {NeurIPS},
  year         = {2023},
}

