@article{agrawal2017near,
  title={Near-optimal regret bounds for thompson sampling},
  author={Agrawal, Shipra and Goyal, Navin},
  journal={Journal of the ACM (JACM)},
  volume={64},
  number={5},
  pages={1--24},
  year={2017},
  publisher={ACM New York, NY, USA}
}

@article{audibert09exploration,
author = {Audibert, Jean-Yves and Munos, R{\'{e}}mi and Szepesv{\'{a}}ri, Csaba},
journal = {Theoretical Computer Science},
number = {19},
pages = {1876--1902},
title = {{Exploration--exploitation tradeoff using variance estimates in multi-armed bandits}},
volume = {410},
year = {2009}
}

@inproceedings{audibert2009minimax,
  title={Minimax Policies for Adversarial and Stochastic Bandits.},
  author={Audibert, Jean-Yves and Bubeck, S{\'e}bastien and others},
  booktitle={COLT},
  volume={7},
  pages={1--122},
  year={2009}
}

@article{auer2002finite,
  title={Finite-time analysis of the multiarmed bandit problem},
  author={Auer, Peter and Cesa-Bianchi, Nicolo and Fischer, Paul},
  journal={Machine learning},
  volume={47},
  pages={235--256},
  year={2002},
  publisher={Springer}
}

@inproceedings{bian2022maillard,
  title={Maillard Sampling: Boltzmann Exploration Done Optimally},
  author={Bian, Jie and Jun, Kwang-Sung},
  booktitle={International Conference on Artificial Intelligence and Statistics},
  pages={54--72},
  year={2022},
  organization={PMLR}
}

@article{cappe2013kullback,
  title={Kullback-Leibler upper confidence bounds for optimal sequential allocation},
  author={Capp{\'e}, Olivier and Garivier, Aur{\'e}lien and Maillard, Odalric-Ambrym and Munos, R{\'e}mi and Stoltz, Gilles},
  journal={The Annals of Statistics},
  pages={1516--1541},
  year={2013},
  publisher={JSTOR}
}

@inproceedings{degenne2016anytime,
  title={Anytime optimal algorithms in stochastic multi-armed bandits},
  author={Degenne, R{\'e}my and Perchet, Vianney},
  booktitle={International Conference on Machine Learning},
  pages={1587--1595},
  year={2016},
  organization={PMLR}
}

@article{jin2022finite,
  title={Finite-time regret of thompson sampling algorithms for exponential family multi-armed bandits},
  author={Jin, Tianyuan and Xu, Pan and Xiao, Xiaokui and Anandkumar, Anima},
  journal={Advances in Neural Information Processing Systems},
  volume={35},
  pages={38475--38487},
  year={2022}
}

@inproceedings{jin2023thompson,
  title={Thompson sampling with less exploration is fast and optimal},
  author={Jin, Tianyuan and Yang, Xianglin and Xiao, Xiaokui and Xu, Pan},
  booktitle={International Conference on Machine Learning},
  pages={15239--15261},
  year={2023},
  organization={PMLR}
}

@article{korda2013thompson,
  title={Thompson sampling for 1-dimensional exponential family bandits},
  author={Korda, Nathaniel and Kaufmann, Emilie and Munos, Remi},
  journal={Advances in neural information processing systems},
  volume={26},
  year={2013}
}

@article{lai85asymptotically,
  title={Asymptotically efficient adaptive allocation rules},
  author={Lai, Tze Leung and Robbins, Herbert and others},
  journal={Advances in applied mathematics},
  volume={6},
  number={1},
  pages={4--22},
  year={1985}
}

@article{lattimore18refining,
author = {Lattimore, Tor},
journal = {Journal of Machine Learning Research},
number = {20},
pages = {1--32},
title = {{Refining the Confidence Level for Optimistic Bandit Strategies}},
url = {http://jmlr.org/papers/v19/17-513.html},
volume = {19},
year = {2018}
}

@book{lattimore20bandit,
author = {Lattimore, Tor and Szepesv{\'{a}}ri, Csaba},
publisher = {Cambridge University Press},
title = {{Bandit Algorithms}},
year = {2020},
url = {https://tor-lattimore.com/downloads/book/book.pdf}
}

@inproceedings{menard17minimax,
author = {M{\'{e}}nard, Pierre and Garivier, Aur{\'{e}}lien},
booktitle = {Proceedings of the international conference on Algorithmic Learning Theory (ALT)},
pages = {223--237},
title = {{A minimax and asymptotically optimal algorithm for stochastic bandits}},
year = {2017}
}

@inproceedings{menard2017minimax,
  title={A minimax and asymptotically optimal algorithm for stochastic bandits},
  author={M{\'e}nard, Pierre and Garivier, Aur{\'e}lien},
  booktitle={International Conference on Algorithmic Learning Theory},
  pages={223--237},
  year={2017},
  organization={PMLR}
}

@article{qin2023kullback,
  title={Kullback-leibler maillard sampling for multi-armed bandits with bounded rewards},
  author={Qin, Hao and Jun, Kwang-Sung and Zhang, Chicheng},
  journal={Advances in Neural Information Processing Systems},
  volume={36},
  year={2023}
}

@article{thompson1933likelihood,
  title={On the likelihood that one unknown probability exceeds another in view of the evidence of two samples},
  author={Thompson, William R},
  journal={Biometrika},
  volume={25},
  number={3-4},
  pages={285--294},
  year={1933},
  publisher={Oxford University Press}
}

