@article{mnih2015human,
  title={Human-level control through deep reinforcement learning},
  author={Mnih, Volodymyr and Kavukcuoglu, Koray and Silver, David and Rusu, Andrei A and Veness, Joel and Bellemare, Marc G and Graves, Alex and Riedmiller, Martin and Fidjeland, Andreas K and Ostrovski, Georg and others},
  journal={Nature},
  volume={518},
  number={7540},
  pages={529--533},
  year={2015}}

@inproceedings{haarnoja2018soft,
  title={Soft actor-critic: Off-policy maximum entropy deep reinforcement learning with a stochastic actor},
  author={Haarnoja, Tuomas and Zhou, Aurick and Abbeel, Pieter and Levine, Sergey},
  booktitle={International Conference on Machine Learning},
  pages={1861--1870},
  year={2018},
  organization={PMLR}
}

@inproceedings{zhao2022offline,
  title={Offline meta-reinforcement learning for industrial insertion},
  author={Zhao, Tony Z and Luo, Jianlan and Sushkov, Oleg and Pevceviciute, Rugile and Heess, Nicolas and Scholz, Jon and Schaal, Stefan and Levine, Sergey},
  booktitle={International Conference on Robotics and Automation},
  pages={6386--6393},
  year={2022}}

@inproceedings{chua2018deep,
  title={Deep reinforcement learning in a handful of trials using probabilistic dynamics models},
  author={Chua, Kurtland and Calandra, Roberto and McAllister, Rowan and Levine, Sergey},
  booktitle={Advances in Neural Information Processing Systems},
  pages = {4759--4770},
  year={2018}
}

@article{levine2020offline,
  title={Offline reinforcement learning: Tutorial, review, and perspectives on open problems},
  author={Levine, Sergey and Kumar, Aviral and Tucker, George and Fu, Justin},
  journal={arXiv preprint arXiv:2005.01643},
  year={2020}
}

@inproceedings{finn2017model,
  title={Model-agnostic meta-learning for fast adaptation of deep networks},
  author={Finn, Chelsea and Abbeel, Pieter and Levine, Sergey},
  booktitle={International Conference on Machine Learning},
  pages={1126--1135},
  year={2017}}

@inproceedings{rakelly2019efficient,
  title={Efficient off-policy meta-reinforcement learning via probabilistic context variables},
  author={Rakelly, Kate and Zhou, Aurick and Finn, Chelsea and Levine, Sergey and Quillen, Deirdre},
  booktitle={International Conference on Machine Learning},
  pages={5331--5340},
  year={2019}}

@inproceedings{gupta2018meta,
  title={Meta-reinforcement learning of structured exploration strategies},
  author={Gupta, Abhishek and Mendonca, Russell and Liu, YuXuan and Abbeel, Pieter and Levine, Sergey},
  booktitle={Advances in Neural Information Processing Systems},
  pages = {5307--5316},
  year={2018}
}

@inproceedings{rengarajan2022enhanced,
  title={Enhanced Meta Reinforcement Learning via Demonstrations in Sparse Reward Environments},
  author={Rengarajan, Desik and Chaudhary, Sapana and Kim, Jaewon and Kalathil, Dileep and Shakkottai, Srinivas},
  booktitle={Advances in Neural Information Processing Systems},
  pages={2737--2749},
  year={2022}
}

@inproceedings{li2020focal,
  title={FOCAL: Efficient Fully-Offline Meta-Reinforcement Learning via Distance Metric Learning and Behavior Regularization},
  author={Li, Lanqing and Yang, Rui and Luo, Dijun},
  booktitle={International Conference on Learning Representations},
  year={2020}
}

@article{beck2023survey,
  title={A survey of meta-reinforcement learning},
  author={Beck, Jacob and Vuorio, Risto and Liu, Evan Zheran and Xiong, Zheng and Zintgraf, Luisa and Finn, Chelsea and Whiteson, Shimon},
  journal={arXiv preprint arXiv:2301.08028},
  year={2023}
}

@article{zhang2022survey,
  title={A survey on negative transfer},
  author={Zhang, Wen and Deng, Lingfei and Zhang, Lei and Wu, Dongrui},
  journal={IEEE/CAA Journal of Automatica Sinica},
  volume={10},
  number={2},
  pages={305--329},
  year={2022}}

@inproceedings{pong2022offline,
  title={Offline meta-reinforcement learning with online self-supervision},
  author={Pong, Vitchyr H and Nair, Ashvin V and Smith, Laura M and Huang, Catherine and Levine, Sergey},
  booktitle={International Conference on Machine Learning},
  pages={17811--17829},
  year={2022}}

@inproceedings{dorfman2021offline,
  title={Offline Meta Reinforcement Learning--Identifiability Challenges and Effective Data Collection Strategies},
  author={Dorfman, Ron and Shenfeld, Idan and Tamar, Aviv},
  booktitle={Advances in Neural Information Processing Systems},
  pages={4607--4618},
  year={2021}
}

@inproceedings{yuan2022robust,
  title={Robust task representations for offline meta-reinforcement learning via contrastive learning},
  author={Yuan, Haoqi and Lu, Zongqing},
  booktitle={International Conference on Machine Learning},
  pages={25747--25759},
  year={2022}}

@inproceedings{wang2023meta,
  title={Meta-reinforcement learning based on self-supervised task representation learning},
  author={Wang, Mingyang and Bing, Zhenshan and Yao, Xiangtong and Wang, Shuai and Kai, Huang and Su, Hang and Yang, Chenguang and Knoll, Alois},
  booktitle={Proceedings of the AAAI Conference on Artificial Intelligence},
  volume={37},
  pages={10157--10165},
  year={2023}
}

@article{li2021provably,
  title={Provably improved context-based offline meta-rl with attention and contrastive learning},
  author={Li, Lanqing and Huang, Yuanhao and Chen, Mingzhe and Luo, Siteng and Luo, Dijun and Huang, Junzhou},
  journal={arXiv preprint arXiv:2102.10774},
  year={2021}
}

@inproceedings{degris2012off,
  title={Off-policy actor-critic},
  author={Degris, Thomas and White, Martha and Sutton, Richard S},
  booktitle={International Conference on Machine Learning},
  pages={179--186},
  year={2012}
}

@article{peng2019advantage,
  title={Advantage-weighted regression: Simple and scalable off-policy reinforcement learning},
  author={Peng, Xue Bin and Kumar, Aviral and Zhang, Grace and Levine, Sergey},
  journal={arXiv preprint arXiv:1910.00177},
  year={2019}
}

@article{nair2020awac,
  title={Awac: Accelerating online reinforcement learning with offline datasets},
  author={Nair, Ashvin and Gupta, Abhishek and Dalal, Murtaza and Levine, Sergey},
  journal={arXiv preprint arXiv:2006.09359},
  year={2020}
}

@inproceedings{zhang2024perspective,
  title={A Perspective of Q-value Estimation on Offline-to-Online Reinforcement Learning},
  author={Zhang, Yinmin and Liu, Jie and Li, Chuming and Niu, Yazhe and Yang, Yaodong and Liu, Yu and Ouyang, Wanli},
  booktitle={Proceedings of the AAAI Conference on Artificial Intelligence},
  pages={16908--16916},
  year={2024}
}

@inproceedings{kumar2019stabilizing,
  title={Stabilizing off-policy q-learning via bootstrapping error reduction},
  author={Kumar, Aviral and Fu, Justin and Soh, Matthew and Tucker, George and Levine, Sergey},
  booktitle={Advances in Neural Information Processing Systems},
  volume={32},
  year={2019}
}

@inproceedings{gao2024context,
  title={Context shift reduction for offline meta-reinforcement learning},
  author={Gao, Yunkai and Zhang, Rui and Guo, Jiaming and Wu, Fan and Yi, Qi and Peng, Shaohui and Lan, Siming and Chen, Ruizhi and Du, Zidong and Hu, Xing and others},
  booktitle={Advances in Neural Information Processing Systems},
  volume={36},
  year={2024}
}

@inproceedings{wang2023offline,
  title={Offline meta reinforcement learning with in-distribution online adaptation},
  author={Wang, Jianhao and Zhang, Jin and Jiang, Haozhe and Zhang, Junyu and Wang, Liwei and Zhang, Chongjie},
  booktitle={International Conference on Machine Learning},
  pages={36626--36669},
  year={2023}}

@inproceedings{kocaoglu2017causalgan,
  title={Causalgan: Learning causal implicit generative models with adversarial training},
  author={Kocaoglu, Murat and Snyder, Christopher and Dimakis, Alexandros G and Vishwanath, Sriram},
  booktitle = {International Conference on Learning Representations},
  year={2018}
}

@inproceedings{besserve2018counterfactuals,
  title={Counterfactuals uncover the modular structure of deep generative models},
  author={Besserve, Michel and Mehrjou, Arash and Sun, R{\'e}my and Sch{\"o}lkopf, Bernhard},
  booktitle = {International Conference on Learning Representations},
  year = {2020},
}

@book{peters2017elements,
  title={Elements of causal inference: foundations and learning algorithms},
  author={Peters, Jonas and Janzing, Dominik and Sch{\"o}lkopf, Bernhard},
  year={2017},
  publisher={The MIT Press}
}

@incollection{scholkopf2019causality,
  title={Causality for machine learning},
  author={Sch{\"o}lkopf, Bernhard},
  booktitle={Probabilistic and causal inference: The works of Judea Pearl},
  pages={765--804},
  year={2022}
}

@inproceedings{seitzer2021causal,
  title={Causal influence detection for improving efficiency in reinforcement learning},
  author={Seitzer, Maximilian and Sch{\"o}lkopf, Bernhard and Martius, Georg},
  booktitle={Advances in Neural Information Processing Systems},
  pages={22905--22918},
  year={2021}
}

@inproceedings{yang2020causalvae,
  title={Causalvae: Disentangled representation learning via neural structural causal models},
  author={Yang, Mengyue and Liu, Furui and Chen, Zhitang and Shen, Xinwei and Hao, Jianye and Wang, Jun},
  booktitle={Proceedings of the IEEE/CVF Conference on Computer Vision and Pattern Recognition},
  pages={9593--9602},
  year={2021}
}

@article{chen2020improved,
  title={Improved baselines with momentum contrastive learning},
  author={Chen, Xinlei and Fan, Haoqi and Girshick, Ross and He, Kaiming},
  journal={arXiv preprint arXiv:2003.04297},
  year={2020}
}

@inproceedings{chen2020big,
  title={Big self-supervised models are strong semi-supervised learners},
  author={Chen, Ting and Kornblith, Simon and Swersky, Kevin and Norouzi, Mohammad and Hinton, Geoffrey E},
  booktitle={Advances in Neural Information Processing Systems},
  volume={33},
  pages={22243--22255},
  year={2020}
}

@inproceedings{caron2020unsupervised,
  title={Unsupervised learning of visual features by contrasting cluster assignments},
  author={Caron, Mathilde and Misra, Ishan and Mairal, Julien and Goyal, Priya and Bojanowski, Piotr and Joulin, Armand},
  booktitle={Advances in Neural Information Processing Systems},
  pages={9912--9924},
  year={2020}
}

@inproceedings{caron2021emerging,
  title={Emerging properties in self-supervised vision transformers},
  author={Caron, Mathilde and Touvron, Hugo and Misra, Ishan and J{\'e}gou, Herv{\'e} and Mairal, Julien and Bojanowski, Piotr and Joulin, Armand},
  booktitle={Proceedings of the IEEE/CVF International Conference on Computer Vision},
  pages={9650--9660},
  year={2021}
}

@inproceedings{yan2021consert,
  title={Consert: A contrastive framework for self-supervised sentence representation transfer},
  author={Yan, Yuanmeng and Li, Rumei and Wang, Sirui and Zhang, Fuzheng and Wu, Wei and Xu, Weiran},
  booktitle    = {Proceedings of the 59th Annual Meeting of the Association for Computational
                  Linguistics and the 11th International Joint Conference on Natural
                  Language Processing},
  pages        = {5065--5075},
  year         = {2021}
}

@inproceedings{gao2021simcse,
  title={Simcse: Simple contrastive learning of sentence embeddings},
  author={Gao, Tianyu and Yao, Xingcheng and Chen, Danqi},
  booktitle    = {Proceedings of the 2021 Conference on Empirical Methods in Natural Language Processing},
  pages        = {6894--6910},
  year         = {2021}
}
@article{shen2022weakly,
  title={Weakly supervised disentangled generative causal representation learning},
  author={Shen, Xinwei and Liu, Furui and Dong, Hanze and Lian, Qing and Chen, Zhitang and Zhang, Tong},
  journal={Journal of Machine Learning Research},
  volume={23},
  number={241},
  pages={1--55},
  year={2022}
}

@inproceedings{reddy2022causally,
  title={On causally disentangled representations},
  author={Reddy, Abbavaram Gowtham and Balasubramanian, Vineeth N and others},
  booktitle={Proceedings of the AAAI Conference on Artificial Intelligence},
  pages={8089--8097},
  year={2022}
}

@inproceedings{liu2023contrastive,
  title={Contrastive identity-aware learning for multi-agent value decomposition},
  author={Liu, Shunyu and Zhou, Yihe and Song, Jie and Zheng, Tongya and Chen, Kaixuan and Zhu, Tongtian and Feng, Zunlei and Song, Mingli},
  booktitle={Proceedings of the AAAI Conference on Artificial Intelligence},
  pages={11595--11603},
  year={2023}
}

@inproceedings{xu2023consensus,
  title={Consensus learning for cooperative multi-agent reinforcement learning},
  author={Xu, Zhiwei and Zhang, Bin and Li, Dapeng and Zhang, Zeren and Zhou, Guangchong and Chen, Hao and Fan, Guoliang},
  booktitle={Proceedings of the AAAI Conference on Artificial Intelligence},
  pages={11726--11734},
  year={2023}
}

@article{oord2018representation,
  title={Representation learning with contrastive predictive coding},
  author={Oord, Aaron van den and Li, Yazhe and Vinyals, Oriol},
  journal={arXiv preprint arXiv:1807.03748},
  year={2018}
}

@inproceedings{todorov2012mujoco,
  title={Mujoco: A physics engine for model-based control},
  author={Todorov, Emanuel and Erez, Tom and Tassa, Yuval},
  booktitle={IEEE/RSJ international conference on intelligent robots and systems},
  pages={5026--5033},
  year={2012}}

@article{van2008visualizing,
  title={Visualizing data using t-SNE.},
  author={Van der Maaten, Laurens and Hinton, Geoffrey},
  journal={Journal of Machine Learning Research},
  volume={9},
  number={11},
  year={2008}
}

@article{silver2018general,
  title={A general reinforcement learning algorithm that masters chess, shogi, and Go through self-play},
  author={Silver, David and Hubert, Thomas and Schrittwieser, Julian and Antonoglou, Ioannis and Lai, Matthew and Guez, Arthur and Lanctot, Marc and Sifre, Laurent and Kumaran, Dharshan and Graepel, Thore and others},
  journal={Science},
  volume={362},
  number={6419},
  pages={1140--1144},
  year={2018}}

@article{kober2013reinforcement,
  title={Reinforcement learning in robotics: A survey},
  author={Kober, Jens and Bagnell, J Andrew and Peters, Jan},
  journal={The International Journal of Robotics Research},
  volume={32},
  number={11},
  pages={1238--1274},
  year={2013}}

@article{kormushev2013reinforcement,
  title={Reinforcement learning in robotics: Applications and real-world challenges},
  author={Kormushev, Petar and Calinon, Sylvain and Caldwell, Darwin G},
  journal={Robotics},
  volume={2},
  number={3},
  pages={122--148},
  year={2013}}

@inproceedings{peng2018sim,
  title={Sim-to-real transfer of robotic control with dynamics randomization},
  author={Peng, Xue Bin and Andrychowicz, Marcin and Zaremba, Wojciech and Abbeel, Pieter},
  booktitle={IEEE international conference on robotics and automation},
  pages={3803--3810},
  year={2018}}

@inproceedings{tobin2017domain,
  title={Domain randomization for transferring deep neural networks from simulation to the real world},
  author={Tobin, Josh and Fong, Rachel and Ray, Alex and Schneider, Jonas and Zaremba, Wojciech and Abbeel, Pieter},
  booktitle={International Conference on Intelligent Robots and Systems},
  pages={23--30},
  year={2017}}

@inproceedings{ChenGG19,
  author       = {Tao Chen and
                  Saurabh Gupta and
                  Abhinav Gupta},
  title        = {Learning Exploration Policies for Navigation},
  booktitle    = {International Conference on Learning Representations},
  year         = {2019}
}


@article{gupta2021embodied,
  title={Embodied intelligence via learning and evolution},
  author={Gupta, Agrim and Savarese, Silvio and Ganguli, Surya and Fei-Fei, Li},
  journal={Nature Communications},
  volume={12},
  number={1},
  pages={5721},
  year={2021}}

@article{gershman2017reinforcement,
  title={Reinforcement learning and causal models},
  author={Gershman, Samuel J},
  journal={The Oxford Handbook of Causal Reasoning},
  volume={1},
  pages={295},
  year={2017}
}

@inproceedings{ding2022generalizing,
  title={Generalizing goal-conditioned reinforcement learning with variational causal reasoning},
  author={Ding, Wenhao and Lin, Haohong and Li, Bo and Zhao, Ding},
  booktitle={Advances in Neural Information Processing Systems},
  pages={26532--26548},
  year={2022}
}

@article{scholkopf2021toward,
  title={Toward causal representation learning},
  author={Sch{\"o}lkopf, Bernhard and Locatello, Francesco and Bauer, Stefan and Ke, Nan Rosemary and Kalchbrenner, Nal and Goyal, Anirudh and Bengio, Yoshua},
  journal={Proceedings of the IEEE},
  volume={109},
  number={5},
  pages={612--634},
  year={2021}}

@inproceedings{ahuja2022weakly,
  title={Weakly supervised representation learning with sparse perturbations},
  author={Ahuja, Kartik and Hartford, Jason S and Bengio, Yoshua},
  booktitle={Advances in Neural Information Processing Systems},
  pages={15516--15528},
  year={2022}
}

@inproceedings{brehmer2022weakly,
  title={Weakly supervised causal representation learning},
  author={Brehmer, Johann and De Haan, Pim and Lippe, Phillip and Cohen, Taco S},
  booktitle={Advances in Neural Information Processing Systems},
  pages={38319--38331},
  year={2022}
}

@inproceedings{gresele2021independent,
  title={Independent mechanism analysis, a new concept?},
  author={Gresele, Luigi and Von K{\"u}gelgen, Julius and Stimper, Vincent and Sch{\"o}lkopf, Bernhard and Besserve, Michel},
  booktitle={Advances in Neural Information Processing Systems},
  volume={34},
  pages={28233--28248},
  year={2021}
}

@inproceedings{lachapelle2022disentanglement,
  title={Disentanglement via mechanism sparsity regularization: A new principle for nonlinear ICA},
  author={Lachapelle, S{\'e}bastien and Rodriguez, Pau and Sharma, Yash and Everett, Katie E and Le Priol, R{\'e}mi and Lacoste, Alexandre and Lacoste-Julien, Simon},
  booktitle={Conference on Causal Learning and Reasoning},
  pages={428--484},
  year={2022}}

@inproceedings{yao2021learning,
  title={Learning Temporally Causal Latent Processes from General Temporal Data},
  author={Yao, Weiran and Sun, Yuewen and Ho, Alex and Sun, Changyin and Zhang, Kun},
  booktitle={International Conference on Learning Representations},
  year={2021}
}

@inproceedings{lippe2022citris,
  title={Citris: Causal identifiability from temporal intervened sequences},
  author={Lippe, Phillip and Magliacane, Sara and L{\"o}we, Sindy and Asano, Yuki M and Cohen, Taco and Gavves, Stratis},
  booktitle={International Conference on Machine Learning},
  pages={13557--13603},
  year={2022}}

@inproceedings{bagi2023generative,
  title={Generative causal representation learning for out-of-distribution motion forecasting},
  author={Bagi, Shayan Shirahmad Gale and Gharaee, Zahra and Schulte, Oliver and Crowley, Mark},
  booktitle={International Conference on Machine Learning},
  pages={31596--31612},
  year={2023}}

@inproceedings{lampinen2024passive,
  title={Passive learning of active causal strategies in agents and language models},
  author={Lampinen, Andrew and Chan, Stephanie and Dasgupta, Ishita and Nam, Andrew and Wang, Jane},
  booktitle={Advances in Neural Information Processing Systems},
  volume={36},
  year={2024}
}

@book{sutton2018reinforcement,
  title={Reinforcement learning: An introduction},
  author={Sutton, Richard S and Barto, Andrew G},
  year={2018},
  publisher={MIT press}
}


@inproceedings{choshen2023contrabar,
  title={Contrabar: Contrastive bayes-adaptive deep rl},
  author={Choshen, Era and Tamar, Aviv},
  booktitle={International Conference on Machine Learning},
  pages={6005--6027},
  year={2023}
}

@inproceedings{li2020multi,
  title={Multi-task batch reinforcement learning with metric learning},
  author={Li, Jiachen and Vuong, Quan and Liu, Shuang and Liu, Minghua and Ciosek, Kamil and Christensen, Henrik and Su, Hao},
  booktitle={Advances in Neural Information Processing Systems},
  volume={33},
  pages={6197--6210},
  year={2020}
}

@article{kingma2013auto,
  title={Auto-encoding variational bayes},
  author={Kingma, Diederik P and Welling, Max},
  journal={arXiv preprint arXiv:1312.6114},
  year={2013}
}

@inproceedings{yu2019dag,
  title={DAG-GNN: DAG structure learning with graph neural networks},
  author={Yu, Yue and Chen, Jie and Gao, Tian and Yu, Mo},
  booktitle={International conference on machine learning},
  pages={7154--7163},
  year={2019}
}

@inproceedings{lu2021invariant,
  title={Invariant causal representation learning for out-of-distribution generalization},
  author={Lu, Chaochao and Wu, Yuhuai and Hern{\'a}ndez-Lobato, Jos{\'e} Miguel and Sch{\"o}lkopf, Bernhard},
  booktitle={International Conference on Learning Representations},
  year={2021}
}

@article{zhang2020learning,
  title={Learning invariant representations for reinforcement learning without reconstruction},
  author={Zhang, Amy and McAllister, Rowan and Calandra, Roberto and Gal, Yarin and Levine, Sergey},
  journal={arXiv preprint arXiv:2006.10742},
  year={2020}
}

@article{wang2021desiderata,
  title={Desiderata for representation learning: A causal perspective},
  author={Wang, Yixin and Jordan, Michael I},
  journal={arXiv preprint arXiv:2109.03795},
  year={2021}
}

@inproceedings{gao2023robust,
  title={Robust causal graph representation learning against confounding effects},
  author={Gao, Hang and Li, Jiangmeng and Qiang, Wenwen and Si, Lingyu and Xu, Bing and Zheng, Changwen and Sun, Fuchun},
  booktitle={Proceedings of the AAAI Conference on Artificial Intelligence},
  volume={37},
  number={6},
  pages={7624--7632},
  year={2023}
}

@inproceedings{mu2022domino,
  title={Domino: Decomposed mutual information optimization for generalized context in meta-reinforcement learning},
  author={Mu, Yao and Zhuang, Yuzheng and Ni, Fei and Wang, Bin and Chen, Jianyu and Hao, Jianye and Luo, Ping},
  booktitle={Advances in Neural Information Processing Systems},
  pages={27563--27575},
  year={2022}
}

@inproceedings{khemakhem2020variational,
  title={Variational autoencoders and nonlinear ica: A unifying framework},
  author={Khemakhem, Ilyes and Kingma, Diederik and Monti, Ricardo and Hyvarinen, Aapo},
  booktitle={International conference on artificial intelligence and statistics},
  pages={2207--2217},
  year={2020}
}

@inproceedings{shrivastava2016training,
  title={Training region-based object detectors with online hard example mining},
  author={Shrivastava, Abhinav and Gupta, Abhinav and Girshick, Ross},
  booktitle={Proceedings of the IEEE conference on computer vision and pattern recognition},
  pages={761--769},
  year={2016}
}

@inproceedings{ding2024seeing,
  title={Seeing is not believing: Robust reinforcement learning against spurious correlation},
  author={Ding, Wenhao and Shi, Laixi and Chi, Yuejie and Zhao, Ding},
  booktitle={Advances in Neural Information Processing Systems},
  volume={36},
  year={2024}
}

@inproceedings{hu2022improving,
  title={Improving multi-task generalization via regularizing spurious correlation},
  author={Hu, Ziniu and Zhao, Zhe and Yi, Xinyang and Yao, Tiansheng and Hong, Lichan and Sun, Yizhou and Chi, Ed},
  booktitle={Advances in Neural Information Processing Systems},
  pages={11450--11466},
  year={2022}
}

@inproceedings{raileanu2021decoupling,
  title={Decoupling value and policy for generalization in reinforcement learning},
  author={Raileanu, Roberta and Fergus, Rob},
  booktitle={International Conference on Machine Learning},
  pages={8787--8798},
  year={2021}
}

@inproceedings{wang2021provably,
  title={Provably efficient causal reinforcement learning with confounded observational data},
  author={Wang, Lingxiao and Yang, Zhuoran and Wang, Zhaoran},
  booktitle={Advances in Neural Information Processing Systems},
  pages={21164--21175},
  year={2021}
}

@article{li2024towards,
  title={Towards an Information Theoretic Framework of Context-Based Offline Meta-Reinforcement Learning},
  author={Li, Lanqing and Zhang, Hai and Zhang, Xinyu and Zhu, Shatong and Zhao, Junqiao and Heng, Pheng-Ann},
  journal={arXiv preprint arXiv:2402.02429},
  year={2024}
}

@article{shimizu2006linear,
  title={A linear non-Gaussian acyclic model for causal discovery.},
  author={Shimizu, Shohei and Hoyer, Patrik O and Hyv{\"a}rinen, Aapo and Kerminen, Antti and Jordan, Michael},
  journal={Journal of Machine Learning Research},
  volume={7},
  number={10},
  year={2006}
}

@inproceedings{li2024causal,
  title={Causal representation learning via counterfactual intervention},
  author={Li, Xiutian and Sun, Siqi and Feng, Rui},
  booktitle={Proceedings of the AAAI Conference on Artificial Intelligence},
  volume={38},
  number={4},
  pages={3234--3242},
  year={2024}
}

@article{vowels2022d,
  title={D’ya like dags? a survey on structure learning and causal discovery},
  author={Vowels, Matthew J and Camgoz, Necati Cihan and Bowden, Richard},
  journal={ACM Computing Surveys},
  volume={55},
  number={4},
  pages={1--36},
  year={2022}
}

@article{ben2022context,
  title={Context meta-reinforcement learning via neuromodulation},
  author={Ben-Iwhiwhu, Eseoghene and Dick, Jeffery and Ketz, Nicholas A and Pilly, Praveen K and Soltoggio, Andrea},
  journal={Neural Networks},
  volume={152},
  pages={70--79},
  year={2022},
  publisher={Elsevier}
}

@article{robertazzi2022brain,
  title={Brain-inspired meta-reinforcement learning cognitive control in conflictual inhibition decision-making task for artificial agents},
  author={Robertazzi, Federica and Vissani, Matteo and Schillaci, Guido and Falotico, Egidio},
  journal={Neural Networks},
  volume={154},
  pages={283--302},
  year={2022},
  publisher={Elsevier}
}

@article{schweighofer2003meta,
  title={Meta-learning in reinforcement learning},
  author={Schweighofer, Nicolas and Doya, Kenji},
  journal={Neural Networks},
  volume={16},
  number={1},
  pages={5--9},
  year={2003},
  publisher={Elsevier}
}

@article{wang2021modular,
  title={Modular deep reinforcement learning from reward and punishment for robot navigation},
  author={Wang, Jiexin and Elfwing, Stefan and Uchibe, Eiji},
  journal={Neural Networks},
  volume={135},
  pages={115--126},
  year={2021},
  publisher={Elsevier}
}

@article{zhou2023episodic,
  title={Episodic task agnostic contrastive training for multi-task learning},
  author={Zhou, Fan and Chen, Yuyi and Wen, Jun and Zeng, Qiuhao and Shui, Changjian and Ling, Charles X and Yang, Shichun and Wang, Boyu},
  journal={Neural Networks},
  volume={162},
  pages={34--45},
  year={2023},
  publisher={Elsevier}
}

@article{patel2019improved,
  title={Improved robustness of reinforcement learning policies upon conversion to spiking neuronal network platforms applied to Atari Breakout game},
  author={Patel, Devdhar and Hazan, Hananel and Saunders, Daniel J and Siegelmann, Hava T and Kozma, Robert},
  journal={Neural Networks},
  volume={120},
  pages={108--115},
  year={2019},
  publisher={Elsevier}
}

@article{kaadoud2022explaining,
  title={Explaining Aha! moments in artificial agents through IKE-XAI: Implicit Knowledge Extraction for eXplainable AI},
  author={Kaadoud, Ikram Chraibi and Bennetot, Adrien and Mawhin, Barbara and Charisi, Vicky and D{\'\i}az-Rodr{\'\i}guez, Natalia},
  journal={Neural Networks},
  volume={155},
  pages={95--118},
  year={2022},
  publisher={Elsevier}
}

@article{zhao2023representation,
  title={Representation learning for continuous action spaces is beneficial for efficient policy learning},
  author={Zhao, Tingting and Wang, Ying and Sun, Wei and Chen, Yarui and Niu, Gang and Sugiyama, Masashi},
  journal={Neural Networks},
  volume={159},
  pages={137--152},
  year={2023},
  publisher={Elsevier}
}