@inproceedings{ahuja2022weakly,
  title={Weakly supervised representation learning with sparse perturbations},
  author={Ahuja, Kartik and Hartford, Jason S and Bengio, Yoshua},
  booktitle={Advances in Neural Information Processing Systems},
  pages={15516--15528},
  year={2022}
}

@inproceedings{brehmer2022weakly,
  title={Weakly supervised causal representation learning},
  author={Brehmer, Johann and De Haan, Pim and Lippe, Phillip and Cohen, Taco S},
  booktitle={Advances in Neural Information Processing Systems},
  pages={38319--38331},
  year={2022}
}

@inproceedings{caron2021emerging,
  title={Emerging properties in self-supervised vision transformers},
  author={Caron, Mathilde and Touvron, Hugo and Misra, Ishan and J{\'e}gou, Herv{\'e} and Mairal, Julien and Bojanowski, Piotr and Joulin, Armand},
  booktitle={Proceedings of the IEEE/CVF International Conference on Computer Vision},
  pages={9650--9660},
  year={2021}
}

@article{chen2020improved,
  title={Improved baselines with momentum contrastive learning},
  author={Chen, Xinlei and Fan, Haoqi and Girshick, Ross and He, Kaiming},
  journal={arXiv preprint arXiv:2003.04297},
  year={2020}
}

@inproceedings{choshen2023contrabar,
  title={Contrabar: Contrastive bayes-adaptive deep rl},
  author={Choshen, Era and Tamar, Aviv},
  booktitle={International Conference on Machine Learning},
  pages={6005--6027},
  year={2023}
}

@inproceedings{ding2022generalizing,
  title={Generalizing goal-conditioned reinforcement learning with variational causal reasoning},
  author={Ding, Wenhao and Lin, Haohong and Li, Bo and Zhao, Ding},
  booktitle={Advances in Neural Information Processing Systems},
  pages={26532--26548},
  year={2022}
}

@inproceedings{finn2017model,
  title={Model-agnostic meta-learning for fast adaptation of deep networks},
  author={Finn, Chelsea and Abbeel, Pieter and Levine, Sergey},
  booktitle={International Conference on Machine Learning},
  pages={1126--1135},
  year={2017}}

@inproceedings{gao2021simcse,
  title={Simcse: Simple contrastive learning of sentence embeddings},
  author={Gao, Tianyu and Yao, Xingcheng and Chen, Danqi},
  booktitle    = {Proceedings of the 2021 Conference on Empirical Methods in Natural Language Processing},
  pages        = {6894--6910},
  year         = {2021}
}

@inproceedings{gresele2021independent,
  title={Independent mechanism analysis, a new concept?},
  author={Gresele, Luigi and Von K{\"u}gelgen, Julius and Stimper, Vincent and Sch{\"o}lkopf, Bernhard and Besserve, Michel},
  booktitle={Advances in Neural Information Processing Systems},
  volume={34},
  pages={28233--28248},
  year={2021}
}

@inproceedings{gupta2018meta,
  title={Meta-reinforcement learning of structured exploration strategies},
  author={Gupta, Abhishek and Mendonca, Russell and Liu, YuXuan and Abbeel, Pieter and Levine, Sergey},
  booktitle={Advances in Neural Information Processing Systems},
  pages = {5307--5316},
  year={2018}
}

@inproceedings{kocaoglu2017causalgan,
  title={Causalgan: Learning causal implicit generative models with adversarial training},
  author={Kocaoglu, Murat and Snyder, Christopher and Dimakis, Alexandros G and Vishwanath, Sriram},
  booktitle = {International Conference on Learning Representations},
  year={2018}
}

@inproceedings{lachapelle2022disentanglement,
  title={Disentanglement via mechanism sparsity regularization: A new principle for nonlinear ICA},
  author={Lachapelle, S{\'e}bastien and Rodriguez, Pau and Sharma, Yash and Everett, Katie E and Le Priol, R{\'e}mi and Lacoste, Alexandre and Lacoste-Julien, Simon},
  booktitle={Conference on Causal Learning and Reasoning},
  pages={428--484},
  year={2022}}

@inproceedings{lampinen2024passive,
  title={Passive learning of active causal strategies in agents and language models},
  author={Lampinen, Andrew and Chan, Stephanie and Dasgupta, Ishita and Nam, Andrew and Wang, Jane},
  booktitle={Advances in Neural Information Processing Systems},
  volume={36},
  year={2024}
}

@article{levine2020offline,
  title={Offline reinforcement learning: Tutorial, review, and perspectives on open problems},
  author={Levine, Sergey and Kumar, Aviral and Tucker, George and Fu, Justin},
  journal={arXiv preprint arXiv:2005.01643},
  year={2020}
}

@inproceedings{li2020focal,
  title={FOCAL: Efficient Fully-Offline Meta-Reinforcement Learning via Distance Metric Learning and Behavior Regularization},
  author={Li, Lanqing and Yang, Rui and Luo, Dijun},
  booktitle={International Conference on Learning Representations},
  year={2020}
}

@inproceedings{liu2023contrastive,
  title={Contrastive identity-aware learning for multi-agent value decomposition},
  author={Liu, Shunyu and Zhou, Yihe and Song, Jie and Zheng, Tongya and Chen, Kaixuan and Zhu, Tongtian and Feng, Zunlei and Song, Mingli},
  booktitle={Proceedings of the AAAI Conference on Artificial Intelligence},
  pages={11595--11603},
  year={2023}
}

@inproceedings{mu2022domino,
  title={Domino: Decomposed mutual information optimization for generalized context in meta-reinforcement learning},
  author={Mu, Yao and Zhuang, Yuzheng and Ni, Fei and Wang, Bin and Chen, Jianyu and Hao, Jianye and Luo, Ping},
  booktitle={Advances in Neural Information Processing Systems},
  pages={27563--27575},
  year={2022}
}

@article{nair2020awac,
  title={Awac: Accelerating online reinforcement learning with offline datasets},
  author={Nair, Ashvin and Gupta, Abhishek and Dalal, Murtaza and Levine, Sergey},
  journal={arXiv preprint arXiv:2006.09359},
  year={2020}
}

@article{oord2018representation,
  title={Representation learning with contrastive predictive coding},
  author={Oord, Aaron van den and Li, Yazhe and Vinyals, Oriol},
  journal={arXiv preprint arXiv:1807.03748},
  year={2018}
}

@inproceedings{rakelly2019efficient,
  title={Efficient off-policy meta-reinforcement learning via probabilistic context variables},
  author={Rakelly, Kate and Zhou, Aurick and Finn, Chelsea and Levine, Sergey and Quillen, Deirdre},
  booktitle={International Conference on Machine Learning},
  pages={5331--5340},
  year={2019}}

@inproceedings{reddy2022causally,
  title={On causally disentangled representations},
  author={Reddy, Abbavaram Gowtham and Balasubramanian, Vineeth N and others},
  booktitle={Proceedings of the AAAI Conference on Artificial Intelligence},
  pages={8089--8097},
  year={2022}
}

@inproceedings{rengarajan2022enhanced,
  title={Enhanced Meta Reinforcement Learning via Demonstrations in Sparse Reward Environments},
  author={Rengarajan, Desik and Chaudhary, Sapana and Kim, Jaewon and Kalathil, Dileep and Shakkottai, Srinivas},
  booktitle={Advances in Neural Information Processing Systems},
  pages={2737--2749},
  year={2022}
}

@article{scholkopf2021toward,
  title={Toward causal representation learning},
  author={Sch{\"o}lkopf, Bernhard and Locatello, Francesco and Bauer, Stefan and Ke, Nan Rosemary and Kalchbrenner, Nal and Goyal, Anirudh and Bengio, Yoshua},
  journal={Proceedings of the IEEE},
  volume={109},
  number={5},
  pages={612--634},
  year={2021}}

@inproceedings{seitzer2021causal,
  title={Causal influence detection for improving efficiency in reinforcement learning},
  author={Seitzer, Maximilian and Sch{\"o}lkopf, Bernhard and Martius, Georg},
  booktitle={Advances in Neural Information Processing Systems},
  pages={22905--22918},
  year={2021}
}

@article{shen2022weakly,
  title={Weakly supervised disentangled generative causal representation learning},
  author={Shen, Xinwei and Liu, Furui and Dong, Hanze and Lian, Qing and Chen, Zhitang and Zhang, Tong},
  journal={Journal of Machine Learning Research},
  volume={23},
  number={241},
  pages={1--55},
  year={2022}
}

@inproceedings{wang2023offline,
  title={Offline meta reinforcement learning with in-distribution online adaptation},
  author={Wang, Jianhao and Zhang, Jin and Jiang, Haozhe and Zhang, Junyu and Wang, Liwei and Zhang, Chongjie},
  booktitle={International Conference on Machine Learning},
  pages={36626--36669},
  year={2023}}

@inproceedings{yan2021consert,
  title={Consert: A contrastive framework for self-supervised sentence representation transfer},
  author={Yan, Yuanmeng and Li, Rumei and Wang, Sirui and Zhang, Fuzheng and Wu, Wei and Xu, Weiran},
  booktitle    = {Proceedings of the 59th Annual Meeting of the Association for Computational
                  Linguistics and the 11th International Joint Conference on Natural
                  Language Processing},
  pages        = {5065--5075},
  year         = {2021}
}

@inproceedings{yang2020causalvae,
  title={Causalvae: Disentangled representation learning via neural structural causal models},
  author={Yang, Mengyue and Liu, Furui and Chen, Zhitang and Shen, Xinwei and Hao, Jianye and Wang, Jun},
  booktitle={Proceedings of the IEEE/CVF Conference on Computer Vision and Pattern Recognition},
  pages={9593--9602},
  year={2021}
}

@inproceedings{zhang2024perspective,
  title={A Perspective of Q-value Estimation on Offline-to-Online Reinforcement Learning},
  author={Zhang, Yinmin and Liu, Jie and Li, Chuming and Niu, Yazhe and Yang, Yaodong and Liu, Yu and Ouyang, Wanli},
  booktitle={Proceedings of the AAAI Conference on Artificial Intelligence},
  pages={16908--16916},
  year={2024}
}

