@article{DDPM1,
   author = {{Ho J} and {Jain A} and { Abbeel P}},
   title = {Denoising diffusion probabilistic models},
   journal = {Advances in neural information processing systems},
   volume = {33},
   pages = {6840-6851},
   DOI = {10.48550/arXiv.2006.11239},
   year = {2020},
   type = {Journal Article}
}

@article{GAN1,
   author = {{Goodfellow I} and {Pouget-Abadie J} and {Mirza M} and {et al}},
   title = {Generative adversarial nets},
   journal = {Advances in neural information processing systems},
   DOI = {10.1155/2019/2765120},
   year = {2014},
   type = {Conference}
}

@article{crash1,
  author={Saharia, Chitwan and Ho, Jonathan and Chan, William and Salimans, Tim and Fleet, David J. and Norouzi, Mohammad},
  journal={IEEE Transactions on Pattern Analysis and Machine Intelligence}, 
  title={Image Super-Resolution via Iterative Refinement}, 
  year={2023},
  volume={45},
  number={4},
  pages={4713-4726},
  doi={10.1109/TPAMI.2022.3204461}}
}

@article{esrgan1,
   author = {{Xintao Wang} and {Ke Yu} and {Shixiang Wu} and {et al}},
   booktitle={ECCV 2018}, 
   title = {SRGAN: Enhanced Super-Resolution Generative Adversarial Networks},
   volume = {11133},
   pages = {63–79},
   DOI = {10.1007/978-3-030-11021-5_5},
   year = {2018},
}

@article{fd_sr_hybrid,
  title={A hybrid single image super-resolution technique using fractal interpolation and convolutional neural network},
  author={Pandey, Garima and Ghanekar, Umesh},
  journal={Pattern Recognition and Image Analysis},
  volume={31},
  pages={18--23},
  year={2021},
  publisher={Springer}
}

@article{fd_sr_shao2021noisy,
  title={Noisy single image super-resolution based on local fractal feature analysis},
  author={Shao, Kai and Fan, Qinglan and Zhang, Yunfeng and Bao, Fangxun and Zhang, Caiming},
  journal={IEEE Access},
  volume={9},
  pages={33385--33395},
  year={2021},
  publisher={IEEE}
}

@article{fd_sr_wee2010novel,
  title={A novel fast fractal super resolution technique},
  author={Wee, Young Cheul and Shin, Hyun Joon},
  journal={IEEE Transactions on Consumer Electronics},
  volume={56},
  number={3},
  pages={1537--1541},
  year={2010},
  publisher={IEEE}
}

@article{fd_sr_xu2013single,
  title={Single image super-resolution with detail enhancement based on local fractal analysis of gradient},
  author={Xu, Hongteng and Zhai, Guangtao and Yang, Xiaokang},
  journal={IEEE Transactions on circuits and systems for video technology},
  volume={23},
  number={10},
  pages={1740--1754},
  year={2013},
  publisher={IEEE}
}

@article{resdiff,
  title={Resdiff: Combining cnn and diffusion model for image super-resolution},
  author={Shang, Shuyao and Shan, Zhengyang and Liu, Guangxing and Zhang, Jinglin},
  journal={Proceedings of the AAAI Conference on Artificial Intelligence},
  volume={38(8)},
  pages={8975-8983},
  year={2024}
}

@article{sr3,
  title={Image super-resolution via iterative refinement},
  author={Saharia, Chitwan and Ho, Jonathan and Chan, William and Salimans, Tim and Fleet, David J and Norouzi, Mohammad},
  journal={IEEE Transactions on Pattern Analysis and Machine Intelligence},
  volume={45},
  number={4},
  pages={4713--4726},
  year={2022},
  publisher={IEEE}
}

@article{srdiff,
  title={Srdiff: Single image super-resolution with diffusion probabilistic models},
  author={Li, Haoying and Yang, Yifan and Chang, Meng and Chen, Shiqi and Feng, Huajun and Xu, Zhihai and Li, Qi and Chen, Yueting},
  journal={Neurocomputing},
  volume={479},
  pages={47--59},
  year={2022},
  publisher={Elsevier}
}

@article{srflow,
  title={Srflow: Learning the super-resolution space with normalizing flow},
  author={Lugmayr, Andreas and Danelljan, Martin and Van Gool, Luc and Timofte, Radu},
  booktitle={Computer Vision--ECCV 2020: 16th European Conference, Glasgow, UK, August 23--28, 2020, Proceedings, Part V 16},
  pages={715--732},
  year={2020},
  organization={Springer}
}

@article{srgan1,
  author={Ledig, Christian and Theis, Lucas and Huszár, Ferenc and Caballero, Jose and Cunningham, Andrew and Acosta, Alejandro and Aitken, Andrew and Tejani, Alykhan and Totz, Johannes and Wang, Zehan and Shi, Wenzhe},
  booktitle={2017 IEEE Conference on Computer Vision and Pattern Recognition (CVPR)}, 
  title={Photo-Realistic Single Image Super-Resolution Using a Generative Adversarial Network}, 
  year={2017},
  volume={},
  number={},
  pages={105-114},
  doi={10.1109/CVPR.2017.19}}
}

