@article{super_resolution1,
   author = {{Lepcha D C} and {Goyal B} and {Dogra A} and {et al}},
   title = {Image super-resolution: A comprehensive review, recent trends, challenges and applications},
   journal = {Information Fusion},
   volume = {91},
   pages = {230-260},
   DOI = {10.1016/j.inffus.2022.10.007},
   year = {2023},
   type = {Journal Article}
}

@article{GAN1,
   author = {{Goodfellow I} and {Pouget-Abadie J} and {Mirza M} and {et al}},
   title = {Generative adversarial nets},
   journal = {Advances in neural information processing systems},
   DOI = {10.1155/2019/2765120},
   year = {2014},
   type = {Conference}
}

@article{srgan1,
  author={Ledig, Christian and Theis, Lucas and Huszár, Ferenc and Caballero, Jose and Cunningham, Andrew and Acosta, Alejandro and Aitken, Andrew and Tejani, Alykhan and Totz, Johannes and Wang, Zehan and Shi, Wenzhe},
  booktitle={2017 IEEE Conference on Computer Vision and Pattern Recognition (CVPR)}, 
  title={Photo-Realistic Single Image Super-Resolution Using a Generative Adversarial Network}, 
  year={2017},
  volume={},
  number={},
  pages={105-114},
  doi={10.1109/CVPR.2017.19}}
}

@article{esrgan1,
   author = {{Xintao Wang} and {Ke Yu} and {Shixiang Wu} and {et al}},
   booktitle={ECCV 2018}, 
   title = {SRGAN: Enhanced Super-Resolution Generative Adversarial Networks},
   volume = {11133},
   pages = {63–79},
   DOI = {10.1007/978-3-030-11021-5_5},
   year = {2018},
}

@article{crash1,
  author={Saharia, Chitwan and Ho, Jonathan and Chan, William and Salimans, Tim and Fleet, David J. and Norouzi, Mohammad},
  journal={IEEE Transactions on Pattern Analysis and Machine Intelligence}, 
  title={Image Super-Resolution via Iterative Refinement}, 
  year={2023},
  volume={45},
  number={4},
  pages={4713-4726},
  doi={10.1109/TPAMI.2022.3204461}}
}

@article{DDPM1,
   author = {{Ho J} and {Jain A} and { Abbeel P}},
   title = {Denoising diffusion probabilistic models},
   journal = {Advances in neural information processing systems},
   volume = {33},
   pages = {6840-6851},
   DOI = {10.48550/arXiv.2006.11239},
   year = {2020},
   type = {Journal Article}
}

@article{hecheng1,
   author = {{Rombach R} and {Blattmann A} and {Lorenz D} and {et al}},
   title = {High-resolution image synthesis with latent diffusion models},
   journal = {Proceedings of the IEEE/CVF conference on computer vision and pattern recognition},
   volume = {},
   pages = {10684-10695},
   DOI = {},
   year = {2022},
   type = {Journal Article}
}

@article{hecheng2,
   author = {{Dhariwal P} and {Nichol A}},
   title = {Diffusion models beat gans on image synthesis},
   journal = {Advances in neural information processing systems},
   volume = {34},
   pages = {8780-8794},
   DOI = {},
   year = {2021},
   type = {Journal Article}
}

@article{hecheng3,
   author = {{Saharia C} and {Chan W} and {Saxena S} and {et al}},
   title = {Photorealistic text-to-image diffusion models with deep language understanding},
   journal = {Advances in Neural Information Processing System},
   volume = {35},
   pages = {36479-36494},
   DOI = {},
   year = {2022},
   type = {Journal Article}
}

@article{hecheng4,
  title={Hierarchical text-conditional image generation with clip latents},
  author={Ramesh, Aditya and Dhariwal, Prafulla and Nichol, Alex and Chu, Casey and Chen, Mark},
  journal={arXiv preprint arXiv:2204.06125},
  volume={1},
  number={2},
  pages={3},
  year={2022}
}

@article{xiufu1,
  title={Bitstream-Corrupted JPEG Images are Restorable: Two-stage Compensation and Alignment Framework for Image Restoration},
  author={Liu, Wenyang and Wang, Yi and Yap, Kim-Hui and Chau, Lap-Pui},
  booktitle={Proceedings of the IEEE/CVF Conference on Computer Vision and Pattern Recognition},
  pages={9979-9988},
  year={2023}
}

@article{xiufu2,
  title={Efficient and explicit modelling of image hierarchies for image restoration},
  author={Li, Yawei and Fan, Yuchen and Xiang, Xiaoyu and Demandolx, Denis and Ranjan, Rakesh and Timofte, Radu and Van Gool, Luc},
  booktitle={Proceedings of the IEEE/CVF Conference on Computer Vision and Pattern Recognition},
  pages={18278--18289},
  year={2023}
}

@article{yingyong1,
  title={Ilvr: Conditioning method for denoising diffusion probabilistic models},
  author={Choi, Jooyoung and Kim, Sungwon and Jeong, Yonghyun and Gwon, Youngjune and Yoon, Sungroh},
  journal={arXiv preprint arXiv:2108.02938},
  year={2021}
}

@article{sr3,
  title={Image super-resolution via iterative refinement},
  author={Saharia, Chitwan and Ho, Jonathan and Chan, William and Salimans, Tim and Fleet, David J and Norouzi, Mohammad},
  journal={IEEE Transactions on Pattern Analysis and Machine Intelligence},
  volume={45},
  number={4},
  pages={4713--4726},
  year={2022},
  publisher={IEEE}
}

@article{srdiff,
  title={Srdiff: Single image super-resolution with diffusion probabilistic models},
  author={Li, Haoying and Yang, Yifan and Chang, Meng and Chen, Shiqi and Feng, Huajun and Xu, Zhihai and Li, Qi and Chen, Yueting},
  journal={Neurocomputing},
  volume={479},
  pages={47--59},
  year={2022},
  publisher={Elsevier}
}

@article{resdiff,
  title={Resdiff: Combining cnn and diffusion model for image super-resolution},
  author={Shang, Shuyao and Shan, Zhengyang and Liu, Guangxing and Zhang, Jinglin},
  journal={Proceedings of the AAAI Conference on Artificial Intelligence},
  volume={38(8)},
  pages={8975-8983},
  year={2024}
}

@article{unet,
  title={U-net: Convolutional networks for biomedical image segmentation},
  author={Ronneberger, Olaf and Fischer, Philipp and Brox, Thomas},
  booktitle={Medical Image Computing and Computer-Assisted Intervention--MICCAI 2015: 18th International Conference, Munich, Germany, October 5-9, 2015, Proceedings, Part III 18},
  pages={234--241},
  year={2015},
  organization={Springer}
}

@article{flow,
  title={Glow: Generative flow with invertible 1x1 convolutions},
  author={Kingma, Durk P and Dhariwal, Prafulla},
  journal={Advances in neural information processing systems},
  volume={31},
  year={2018}
}

@article{srflow,
  title={Srflow: Learning the super-resolution space with normalizing flow},
  author={Lugmayr, Andreas and Danelljan, Martin and Van Gool, Luc and Timofte, Radu},
  booktitle={Computer Vision--ECCV 2020: 16th European Conference, Glasgow, UK, August 23--28, 2020, Proceedings, Part V 16},
  pages={715--732},
  year={2020},
  organization={Springer}
}

@article{process1,
  title={Fractal dimension of the brain in neurodegenerative disease and dementia: A systematic review},
  author={Ziukelis, Elina T and Mak, Elijah and Dounavi, Maria-Eleni and Su, Li and T O'Brien, John},
  journal={Ageing Research Reviews},
  volume={79},
  pages={101651},
  year={2022},
  publisher={Elsevier}
}

@article{milv,
  title={Adaptation of multifractal analysis to segmentation of microcalcifications in digital mammograms},
  author={Stoji{\'c}, Tomislav and Reljin, Irini and Reljin, Branimir},
  journal={Physica A: Statistical Mechanics and its Applications},
  volume={367},
  pages={494--508},
  year={2006},
  publisher={Elsevier}
}

@article{chongfenxing1,
  title={Viewpoint invariant texture description using fractal analysis},
  author={Xu, Yong and Ji, Hui and Ferm{\"u}ller, Cornelia},
  journal={International Journal of Computer Vision},
  volume={83},
  number={1},
  pages={85--100},
  year={2009},
  publisher={Springer}
}

@article{chongfenxing2,
  title={Development of novel fractal method for characterizing the distribution of blood flow in multi-scale vascular tree},
  author={Li, Peilun and Pan, Qing and Jiang, Sheng and Yan, Molei and Yan, Jing and Ning, Gangmin},
  journal={Frontiers in Physiology},
  volume={12},
  pages={711247},
  year={2021},
  publisher={Frontiers Media SA}
}

@article{fenxing3,
  title={Fractal and multifractal properties of electrographic recordings of human brain activity: toward its use as a signal feature for machine learning in clinical applications},
  author={Fran{\c{c}}a, Lucas G Souza and Miranda, Jos{\'e} G Vivas and Leite, Marco and Sharma, Niraj K and Walker, Matthew C and Lemieux, Louis and Wang, Yujiang},
  journal={Frontiers in physiology},
  volume={9},
  pages={1767},
  year={2018},
  publisher={Frontiers Media SA}
}

@article{fenxing4,
  title={Adaptation of multifractal analysis to segmentation of microcalcifications in digital mammograms},
  author={Stoji{\'c}, Tomislav and Reljin, Irini and Reljin, Branimir},
  journal={Physica A: Statistical Mechanics and its Applications},
  volume={367},
  pages={494--508},
  year={2006},
  publisher={Elsevier}
}

@book{hossdoff1,
  title={The geometry of fractal sets},
  author={Falconer, Kenneth J},
  number={85},
  year={1985},
  publisher={Cambridge university press}
}

@book{bubianxing,
  title={Fractal geometry: mathematical foundations and applications},
  author={Falconer, Kenneth},
  year={2004},
  publisher={John Wiley \& Sons}
}

@article{encoding,
  title={Encoding spatial distribution of convolutional features for texture representation},
  author={Xu, Yong and Li, Feng and Chen, Zhile and Liang, Jinxiu and Quan, Yuhui},
  journal={Advances in Neural Information Processing Systems},
  volume={34},
  pages={22732--22744},
  year={2021}
}

@article{influnece,
  title={Multifractal geometry},
  author={Xu, Yong and Li, Feng and Chen, Zhile and Liang, Jinxiu and Quan, Yuhui},
  journal={In Fractal Geometry and Stochastics II},
  volume={},
  pages={3–37},
  year={2000}
}

@article{error,
  title={Classifying dynamic textures via spatiotemporal fractal analysis},
  author={Xu, Yong and Quan, Yuhui and Zhang, Zhuming and Ling, Haibin and Ji, Hui},
  journal={Pattern Recognition},
  volume={48},
  number={10},
  pages={3239--3248},
  year={2015},
  publisher={Elsevier}
}

@article{soft,
  title={Classifying dynamic textures via spatiotemporal fractal analysis},
  author={Xu, Yong and Quan, Yuhui and Zhang, Zhuming and Ling, Haibin and Ji, Hui},
  journal={Pattern Recognition},
  volume={48},
  number={10},
  pages={3239--3248},
  year={2015},
  publisher={Elsevier}
}

@article{safm,
  title={Spatially-Adaptive Feature Modulation for Efficient Image Super-Resolution},
  author={Sun, Long and Dong, Jiangxin and Tang, Jinhui and Pan, Jinshan},
  journal={arXiv preprint arXiv:2302.13800},
  year={2023}
}

@article{fft,
  title={Fast Fourier Transform detection and reduction of high-frequency errors from the results of surface topography profile measurements of honed textures},
  author={Podulka, Przemys{\l}aw},
  journal={Eksploatacja i Niezawodno{\'s}{\'c}},
  volume={23},
  number={1},
  pages={84--93},
  year={2021},
  publisher={Polska Akademia Nauk. Polskie Naukowo-Techniczne Towarzystwo Eksploatacyjne PAN}
}

@article{medsegdiff,
  title={Medsegdiff: Medical image segmentation with diffusion probabilistic model},
  author={Wu, Junde and Fu, Rao and Fang, Huihui and Zhang, Yu and Yang, Yehui and Xiong, Haoyi and Liu, Huiying and Xu, Yanwu},
  journal={arXiv preprint arXiv:2211.00611},
  year={2022}
}

@inproceedings{FFHQ,
  title={A style-based generator architecture for generative adversarial networks},
  author={Karras, Tero and Laine, Samuli and Aila, Timo},
  booktitle={Proceedings of the IEEE/CVF conference on computer vision and pattern recognition},
  pages={4401--4410},
  year={2019}
}

@inproceedings{celeba,
  title={Deep learning face attributes in the wild},
  author={Liu, Ziwei and Luo, Ping and Wang, Xiaogang and Tang, Xiaoou},
  booktitle={Proceedings of the IEEE international conference on computer vision},
  pages={3730--3738},
  year={2015}
}

@inproceedings{df2k,
  title={Ntire 2017 challenge on single image super-resolution: Dataset and study},
  author={Agustsson, Eirikur and Timofte, Radu},
  booktitle={Proceedings of the IEEE conference on computer vision and pattern recognition workshops},
  pages={126--135},
  year={2017}
}

@inproceedings{urban,
  title={Single image super-resolution from transformed self-exemplars},
  author={Huang, Jia-Bin and Singh, Abhishek and Ahuja, Narendra},
  booktitle={Proceedings of the IEEE conference on computer vision and pattern recognition},
  pages={5197--5206},
  year={2015}
}

@article{adam,
  title={Adam: A method for stochastic optimization},
  author={Kingma, Diederik P and Ba, Jimmy},
  journal={arXiv preprint arXiv:1412.6980},
  year={2014}
}

@article{psnr,
  title={Image quality assessment: from error visibility to structural similarity},
  author={Wang, Zhou and Bovik, Alan C and Sheikh, Hamid R and Simoncelli, Eero P},
  journal={IEEE transactions on image processing},
  volume={13},
  number={4},
  pages={600--612},
  year={2004},
  publisher={IEEE}
}

@article{fid,
  title={Gans trained by a two time-scale update rule converge to a local nash equilibrium},
  author={Heusel, Martin and Ramsauer, Hubert and Unterthiner, Thomas and Nessler, Bernhard and Hochreiter, Sepp},
  journal={Advances in neural information processing systems},
  volume={30},
  year={2017}
}

@article{brgm,
  title={Bayesian image reconstruction using deep generative models},
  author={Marinescu, Razvan V and Moyer, Daniel and Golland, Polina},
  journal={arXiv preprint arXiv:2012.04567},
  year={2020}
}

@inproceedings{pulse,
  title={Pulse: Self-supervised photo upsampling via latent space exploration of generative models},
  author={Menon, Sachit and Damian, Alexandru and Hu, Shijia and Ravi, Nikhil and Rudin, Cynthia},
  booktitle={Proceedings of the ieee/cvf conference on computer vision and pattern recognition},
  pages={2437--2445},
  year={2020}
}

@article{fd_sr_hybrid,
  title={A hybrid single image super-resolution technique using fractal interpolation and convolutional neural network},
  author={Pandey, Garima and Ghanekar, Umesh},
  journal={Pattern Recognition and Image Analysis},
  volume={31},
  pages={18--23},
  year={2021},
  publisher={Springer}
}

@article{fd_sr_wee2010novel,
  title={A novel fast fractal super resolution technique},
  author={Wee, Young Cheul and Shin, Hyun Joon},
  journal={IEEE Transactions on Consumer Electronics},
  volume={56},
  number={3},
  pages={1537--1541},
  year={2010},
  publisher={IEEE}
}

@article{fd_sr_shao2021noisy,
  title={Noisy single image super-resolution based on local fractal feature analysis},
  author={Shao, Kai and Fan, Qinglan and Zhang, Yunfeng and Bao, Fangxun and Zhang, Caiming},
  journal={IEEE Access},
  volume={9},
  pages={33385--33395},
  year={2021},
  publisher={IEEE}
}

@article{fd_sr_xu2013single,
  title={Single image super-resolution with detail enhancement based on local fractal analysis of gradient},
  author={Xu, Hongteng and Zhai, Guangtao and Yang, Xiaokang},
  journal={IEEE Transactions on circuits and systems for video technology},
  volume={23},
  number={10},
  pages={1740--1754},
  year={2013},
  publisher={IEEE}
}