@inproceedings{apf_opt,
  title={Optimal collision free path planning for an autonomous articulated vehicle with two trailers},
  author={Mohamed, Amr and Ren, Jing and Lang, Haoxiang and El-Gindy, Moustafa},
  booktitle={2017 IEEE International Conference on Industrial Technology (ICIT)},
  pages={860--865},
  year={2017},
  organization={IEEE}
}

@article{apten,
  title={APTEN-Planner: Autonomous Parking of Semi-Trailer Train in Extremely Narrow Environments},
  author={Zhao, Mingzhuo and Shen, Tong and Wang, Fanxun and Yin, Guodong and Li, Zhiyuan and Zhang, Yang},
  journal={IEEE Transactions on Intelligent Transportation Systems},
  year={2023},
  publisher={IEEE}
}

@article{basedlibai_opt,
  title={An Efficient Trajectory-Planning Method With a Reconfigurable Model for Any Tractor-Trailer Vehicle},
  author={Ruan, Xinyao and Huang, Yanjun and Wang, Yulei and Fu, Zhiqiang and Xiong, Lu and Yu, Zhuoping},
  journal={IEEE Transactions on Transportation Electrification},
  volume={9},
  number={2},
  pages={3360--3374},
  year={2022},
  publisher={IEEE}
}

@inproceedings{fuzzy,
  title={Backward tracking control of mobile robot with one trailer via fuzzy line-of-sight method},
  author={Cheng, Jin and Zhang, Yong and Wang, Zhonghua},
  booktitle={2009 Sixth International Conference on Fuzzy Systems and Knowledge Discovery},
  volume={4},
  pages={66--70},
  year={2009},
  organization={IEEE}
}

@article{geo_crrt,
  title={A novel cascade path planning algorithm for autonomous truck-trailer parking},
  author={Manav, Ahmet Canberk and Lazoglu, Ismail},
  journal={IEEE Transactions on Intelligent Transportation Systems},
  volume={23},
  number={7},
  pages={6821--6835},
  year={2021},
  publisher={IEEE}
}

@inproceedings{geo_ga,
  title={Path planning for tractor-trailer mobile robot based on heuristic genetic algorithm},
  author={Liu, Zuo-Jun and Huang, Peng and Huang, Jun-Lei and Que, Jia-Lan},
  booktitle={Proceedings of 2004 International Conference on Machine Learning and Cybernetics (IEEE Cat. No. 04EX826)},
  volume={2},
  pages={1119--1124},
  year={2004},
  organization={IEEE}
}

@inproceedings{geo_lat,
  title={Lattice-based motion planning for a general 2-trailer system},
  author={Ljungqvist, Oskar and Evestedt, Niclas and Cirillo, Marcello and Axehill, Daniel and Holmer, Olov},
  booktitle={2017 IEEE Intelligent Vehicles Symposium (IV)},
  pages={819--824},
  year={2017},
  organization={IEEE}
}

@inproceedings{geo_prm,
  title={A Compound PRM Method for Path Planning of the Tractor-Trailer Mobile Robot},
  author={Sun, Fengchi and Huang, Yalou and Yuan, Jing and Kang, Yewei and Ma, Fengying},
  booktitle={2007 IEEE International Conference on Automation and Logistics},
  pages={1880--1885},
  year={2007},
  organization={IEEE}
}

@inproceedings{geo_rrt,
  title={Rrt trajectory planning approach for automated semi-trailer truck parking},
  author={Lattarulo, Ray and P{\'e}rez, Joshue and Murgoitio, Jes{\'u}s},
  booktitle={2022 IEEE International Conference on Vehicular Electronics and Safety (ICVES)},
  pages={1--7},
  year={2022},
  organization={IEEE}
}

@inproceedings{geometry1,
  title={Motion planning algorithm for tractor-trailer mobile robot in unknown environment},
  author={Cheng, Jin and Zhang, Yong and Wang, Zhonghua},
  booktitle={2012 8th International Conference on Natural Computation},
  pages={1050--1055},
  year={2012},
  organization={IEEE}
}

@inproceedings{geometry2,
  title={A path planning approach for tractor-trailer system based on semi-supervised learning},
  author={Zhang, Xian and Eck, Johannes and Lotz, Felix},
  booktitle={2022 IEEE 25th International Conference on Intelligent Transportation Systems (ITSC)},
  pages={3549--3555},
  year={2022},
  organization={IEEE}
}

@article{geometry3,
  title={A path planning and path-following control framework for a general 2-trailer with a car-like tractor},
  author={Ljungqvist, Oskar and Evestedt, Niclas and Axehill, Daniel and Cirillo, Marcello and Pettersson, Henrik},
  journal={Journal of field robotics},
  volume={36},
  number={8},
  pages={1345--1377},
  year={2019},
  publisher={Wiley Online Library}
}

@inproceedings{geometry4,
  title={Improved A-search guided tree for autonomous trailer planning},
  author={Leu, Jessica and Wang, Yebin and Tomizuka, Masayoshi and Di Cairano, Stefano},
  booktitle={2022 IEEE/RSJ International Conference on Intelligent Robots and Systems (IROS)},
  pages={7190--7196},
  year={2022},
  organization={IEEE}
}

@article{geometry5,
  title={Fast Bidirectional Motion Planning for Self-Driving General N-Trailers Vehicle Maneuvering in Narrow Space},
  author={Zhuang, Hanyang and Shen, Qiyue and Qian, Yeqiang and Yuan, Wei and Wang, Chunxiang and Yang, Ming},
  journal={IEEE Open Journal of Intelligent Transportation Systems},
  year={2023},
  publisher={IEEE}
}

@article{hybridAs,
  title={Practical search techniques in path planning for autonomous driving},
  author={Dolgov, Dmitri and Thrun, Sebastian and Montemerlo, Michael and Diebel, James},
  journal={Ann Arbor},
  volume={1001},
  number={48105},
  pages={18--80},
  year={2008}
}

@article{lat_opt,
  title={Improved path planning by tightly combining lattice-based path planning and optimal control},
  author={Bergman, Kristoffer and Ljungqvist, Oskar and Axehill, Daniel},
  journal={IEEE Transactions on Intelligent Vehicles},
  volume={6},
  number={1},
  pages={57--66},
  year={2020},
  publisher={IEEE}
}

@inproceedings{lat_opt2,
  title={PI2-CMA Based Trajectory Planning Method for the Tractor-Trailer Vehicle},
  author={Wang, You and Wang, Zehao and Wang, Jingchuan and Guo, Rui and Xiao, Peng},
  booktitle={2023 IEEE 6th International Conference on Pattern Recognition and Artificial Intelligence (PRAI)},
  pages={1230--1235},
  year={2023},
  organization={IEEE}
}

@article{libai_astar,
  title={Optimization-based maneuver planning for a tractor-trailer vehicle in a curvy tunnel: A weak reliance on sampling and search},
  author={Li, Bai and Li, Li and Acarman, Tankut and Shao, Zhijiang and Yue, Ming},
  journal={IEEE Robotics and Automation Letters},
  volume={7},
  number={2},
  pages={706--713},
  year={2021},
  publisher={IEEE}
}

@inproceedings{libai_corridor,
  title={Optimization-based maneuver planning for a tractor-trailer vehicle in complex environments using safe travel corridors},
  author={Cen, Hangjie and Li, Bai and Acarman, Tankut and Zhang, Youmin and Ouyang, Yakun and Dong, Yiqun},
  booktitle={2021 IEEE Intelligent Vehicles Symposium (IV)},
  pages={974--979},
  year={2021},
  organization={IEEE}
}

@inproceedings{libai_nogen,
  title={Trajectory planning for a tractor with multiple trailers in extremely narrow environments: A unified approach},
  author={Li, Bai and Zhang, Youmin and Acarma, Tankut and Kong, Qi and Zhang, Yue},
  booktitle={2019 international conference on robotics and automation (ICRA)},
  pages={8557--8562},
  year={2019},
  organization={IEEE}
}

@article{libai_pcoc,
  title={Tractor-trailer vehicle trajectory planning in narrow environments with a progressively constrained optimal control approach},
  author={Li, Bai and Acarman, Tankut and Zhang, Youmin and Zhang, Liangliang and Yaman, Cagdas and Kong, Qi},
  journal={IEEE Transactions on Intelligent Vehicles},
  volume={5},
  number={3},
  pages={414--425},
  year={2019},
  publisher={IEEE}
}

@article{mpc_opt,
  title={Local predictive optimization of globally planned motions for truck-trailer systems},
  author={Dahlmann, Julian and V{\"o}lz, Andreas and Lukassek, Markus and Graichen, Knut},
  journal={IEEE Transactions on Control Systems Technology},
  year={2023},
  publisher={IEEE}
}

@inproceedings{mpc_opt2,
  title={Trajectory optimization for truck-trailer systems based on predictive path-following control},
  author={Dahlmann, Julian and V{\"o}lz, Andreas and Szabo, Tomas and Graichen, Knut},
  booktitle={2022 IEEE Conference on Control Technology and Applications (CCTA)},
  pages={37--42},
  year={2022},
  organization={IEEE}
}

@inproceedings{ocp_opt,
  title={Scenario Analysis for Optimized Trajectories of a Truck-Trailer Model utilizing Coupled Dynamics},
  author={Muralidhara, Darshan Balaganchi and Gehring, Ottmar and Bock, Hans Georg and Wirsching, Leonard},
  booktitle={2022 IEEE Intelligent Vehicles Symposium (IV)},
  pages={708--717},
  year={2022},
  organization={IEEE}
}

@inproceedings{park_opt1,
  title={Configuration-aware model predictive motion planning in narrow environment for autonomous tractor-trailer mobile robot},
  author={Ito, Nobuaki and Okuda, Hiroyuki and Inagaki, Shinkichi and Suzuki, Tatsuya},
  booktitle={IECON 2021--47th Annual Conference of the IEEE Industrial Electronics Society},
  pages={1--7},
  year={2021},
  organization={IEEE}
}

@article{rrt,
  title={Sampling-based algorithms for optimal motion planning},
  author={Karaman, Sertac and Frazzoli, Emilio},
  journal={The international journal of robotics research},
  volume={30},
  number={7},
  pages={846--894},
  year={2011},
  publisher={Sage Publications Sage UK: London, England}
}

@inproceedings{rrts,
  title={Kinodynamic RRT*: Asymptotically optimal motion planning for robots with linear dynamics},
  author={Webb, Dustin J and Van Den Berg, Jur},
  booktitle={2013 IEEE international conference on robotics and automation},
  pages={5054--5061},
  year={2013},
  organization={IEEE}
}

@article{system_opt,
  title={Localization and Motion Planning of Industrial Tractor--Trailers Vehicles},
  author={Zhao, Hongchao and Chen, Wen and Zhou, Shunbo and Zheng, Fan and Liu, Yun-Hui},
  journal={IEEE Transactions on Control Systems Technology},
  volume={31},
  number={6},
  pages={2928--2936},
  year={2023},
  publisher={IEEE}
}

@inproceedings{system_opt2,
  title={Online trajectory planning for an industrial tractor towing multiple full trailers},
  author={Zhao, Hongchao and Chen, Wen and Zhou, Shunbo and Liu, Zhe and Zheng, Fan and Liu, Yun-Hui},
  booktitle={2020 IEEE International Conference on Robotics and Automation (ICRA)},
  pages={6089--6095},
  year={2020},
  organization={IEEE}
}

@article{volo,
  title={Path planning for autonomous vehicles in unknown semi-structured environments},
  author={Dolgov, Dmitri and Thrun, Sebastian and Montemerlo, Michael and Diebel, James},
  journal={The international journal of robotics research},
  volume={29},
  number={5},
  pages={485--501},
  year={2010},
  publisher={SAGE Publications Sage UK: London, England}
}

