@book{reed1981functional,
  title={I: Functional analysis},
  author={Reed, Michael and Simon, Barry},
  volume={1},
  year={1981},
  publisher={Academic press}
}

@book{engl2013integralgleichungen,
  title={Integralgleichungen},
  author={Engl, Heinz Werner},
  year={2013},
  publisher={Springer-Verlag}
}

@book{adomian2013solving,
  title={Solving frontier problems of physics: the decomposition method},
  author={Adomian, George},
  volume={60},
  year={1994},
  publisher={Springer Science \& Business Media}
}

@article{adomian1984new,
  title={A new approach to nonlinear partial differential equations},
  author={Adomian, G},
  journal={Journal of Mathematical Analysis and Applications},
  volume={102},
  number={2},
  pages={420--434},
  year={1984},
  publisher={Academic Press}
}

@article{ahmad2015exact,
  title={Exact solution of linear and non-linear Goursat problems},
  author={Ahmad, Jamshad and Mushtaq, Mariyam},
  journal={Universal Journal of Computational Mathematics},
  volume={3},
  pages={14--17},
  year={2015}
}

@article{birem2024goursat,
  title={Goursat problem in Hyperbolic partial differential equations with variable coefficients solved by Taylor collocation method},
  author={Birem, F and Boulmerka, A and Laib, H and Hennous, C},
  journal={Iranian Journal of Numerical Analysis and Optimization},
  volume={14},
  number={2},
  pages={613--637},
  year={2024},
  publisher={Ferdowsi University of Mashhad}
}

@article{mckee2000euler,
  title={An Euler-type method for two-dimensional Volterra integral equations of the first kind},
  author={McKee, Sean and Tang, Tao and Diogo, Teresa},
  journal={IMA Journal of Numerical Analysis},
  volume={20},
  number={3},
  pages={423--440},
  year={2000},
  publisher={OUP}
}

@article{cass2024weighted,
  title={Weighted Signature Kernels},
  author={Cass, Thomas and Lyons, Terry and Xu, Xingcheng},
  journal={The Annals of Applied Probability},
  volume={34},
  number={1A},
  pages={585--626},
  year={2024},
  publisher={Institute of Mathematical Statistics}
}

@article{chevyrev2022signature,
  title={Signature moments to characterize laws of stochastic processes},
  author={Chevyrev, Ilya and Oberhauser, Harald},
  journal={Journal of Machine Learning Research},
  volume={23},
  number={176},
  pages={1--42},
  year={2022}
}

@article{hambly2010uniqueness,
  title={Uniqueness for the signature of a path of bounded variation and the reduced path group},
  author={Hambly, Ben and Lyons, Terry},
  journal={Annals of Mathematics},
  pages={109--167},
  year={2010},
  publisher={JSTOR}
}

@book{lyons2007differential,
  title={Differential equations driven by rough paths},
  author={Lyons, Terry J and Caruana, Michael and L{\'e}vy, Thierry},
  year={2007},
  publisher={Springer}
}

@article{lyons2014rough,
  title={Rough paths, signatures and the modelling of functions on streams},
  author={Lyons, Terry},
  journal={arXiv preprint arXiv:1405.4537},
  year={2014}
}

@inproceedings{cirone2023neural,
  title={Neural signature kernels as infinite-width-depth-limits of controlled resnets},
  author={Cirone, Nicola Muca and Lemercier, Maud and Salvi, Cristopher},
  booktitle={International Conference on Machine Learning},
  pages={25358--25425},
  year={2023},
  organization={PMLR}
}

@article{issa2024non,
  title={Non-adversarial training of Neural SDEs with signature kernel scores},
  author={Issa, Zacharia and Horvath, Blanka and Lemercier, Maud and Salvi, Cristopher},
  journal={Advances in Neural Information Processing Systems},
  volume={36},
  year={2024}
}

@article{kidger2020signatory,
  title={Signatory: differentiable computations of the signature and logsignature transforms, on both CPU and GPU},
  author={Kidger, Patrick and Lyons, Terry},
  journal={arXiv preprint arXiv:2001.00706},
  year={2020}
}

@article{kiraly2019kernels,
  title={Kernels for sequentially ordered data},
  author={Kir{\'a}ly, Franz J and Oberhauser, Harald},
  journal={Journal of Machine Learning Research},
  volume={20},
  number={31},
  pages={1--45},
  year={2019}
}

@article{lee2023signature,
  title={The Signature Kernel},
  author={Lee, Darrick and Oberhauser, Harald},
  journal={arXiv preprint arXiv:2305.04625},
  year={2023}
}

@article{lemercier2024high,
  title={A high order solver for signature kernels},
  author={Lemercier, Maud and Lyons, Terry},
  journal={arXiv preprint arXiv:2404.02926},
  year={2024}
}

@article{lyons2022signature,
  title={Signature methods in machine learning},
  author={McLeod, Andrew and Lyons, Terry},
  journal={EMS Surveys in Mathematical Sciences},
  year={2025}
}

@article{morley2024scipy,
  title={SciPy 2024},
  author={Morley, Sam and Lyons, Terry},
  journal={23nd SciPy Proceedings, \url{https://proceedings.scipy.org/articles/DXWY3560.pdf}},
  year={2024}
}

@article{rudin1976principles,
  title={Principles of Mathematical Analysis},
  author={Rudin, W},
  journal={3rd ed.},
  year={1976}
}

@article{salvi2021signature,
  title={The Signature Kernel is the solution of a Goursat PDE},
  author={Salvi, Cristopher and Cass, Thomas and Foster, James and Lyons, Terry and Yang, Weixin},
  journal={SIAM Journal on Mathematics of Data Science},
  volume={3},
  number={3},
  pages={873--899},
  year={2021},
  publisher={SIAM}
}

@book{sasane2017friendly,
  title={A friendly approach to functional analysis},
  author={Sasane, Amol},
  year={2017},
  publisher={World Scientific}
}

@article{tamayo2,
  author = {Tamayo-Rios, Matthew and Schell, Alexander and Alaifari, Rima},
  title = {Computing Sigkernels via Dynamically Truncated Powerseries},
  journal = {Journal of Computational Mathematics}, 
  year = {2024},
  volume = {56},
  number = {3},
  pages = {123-145},
  doi = {10.1234/jcm.2024.05603}
}

@article{toth2023random,
  title={Random fourier signature features},
  author={Toth, Csaba and Oberhauser, Harald and Szabo, Zoltan},
  journal={arXiv preprint arXiv:2311.12214},
  year={2023}
}

@article{tamayo3,
  author = {Tamayo-Rios, Matthew and Schell, Alexander and Alaifari, Rima},
  title = {Computing Sigkernels via Dynamically Truncated Powerseries},
  journal = {Journal of Computational Mathematics}, 
  year = {2024},
  volume = {56},
  number = {3},
  pages = {123-145},
  doi = {10.1234/jcm.2024.05603}
}

@book{friz2010multidimensional,
  title={Multidimensional stochastic processes as rough paths: theory and applications},
  author={Friz, Peter K and Victoir, Nicolas B},
  volume={120},
  year={2010},
  publisher={Cambridge University Press}
}

@article{lyons1998differential,
  title={Differential equations driven by rough signals},
  author={Lyons, Terry J},
  journal={Revista Matem{\'a}tica Iberoamericana},
  volume={14},
  number={2},
  pages={215--310},
  year={1998}
}

@article{tamayo4,
  author = {Tamayo-Rios, Matthew and Schell, Alexander and Alaifari, Rima},
  title = {Computing Sigkernels via Dynamically Truncated Powerseries},
  journal = {Journal of Computational Mathematics}, 
  year = {2024},
  volume = {56},
  number = {3},
  pages = {123-145},
  doi = {10.1234/jcm.2024.05603}
}

@article{toth2025user,
  title={A User's Guide to $\texttt{KSig}$: GPU-Accelerated Computation of the Signature Kernel},
  author={T{\'o}th, Csaba and Cruz, Danilo Jr Dela and Oberhauser, Harald},
  journal={arXiv preprint arXiv:2501.07145},
  year={2025}
}

@article{wazwaz1995decomposition,
  title={The decomposition method for approximate solution of the Goursat problem},
  author={Wazwaz, Abdul-Majid},
  journal={Applied Mathematics and Computation},
  volume={69},
  number={2-3},
  pages={299--311},
  year={1995},
  publisher={Elsevier}
}

@book{knuth1981,
  author = {Knuth, Donald E.},
  title = {The Art of Computer Programming, Volume 1: Fundamental Algorithms},
  publisher = {Addison-Wesley},
  year = {1981},
  edition = {2nd},
  isbn = {0-201-03801-3}
}

@conference{smith2023,
  author = {Smith, John and Johnson, Emily},
  title = {Efficient Algorithms for High-Dimensional Data},
  booktitle = {Proceedings of the 2023 International Conference on Data Science},
  year = {2023},
  pages = {45-58},
  publisher = {IEEE},
  address = {New York, USA},
  doi = {10.1109/ICDS.2023.0010}
}

@inproceedings{brown2022,
  author = {Brown, Alice and Green, Bob},
  title = {Applications of Kernel Methods in Machine Learning},
  booktitle = {Advances in Neural Information Processing Systems},
  year = {2022},
  volume = {35},
  pages = {1024-1035},
  editor = {Miller, Carl and Nguyen, Daisy}
}

@article{wang2024deep,
  title={Deep time series models: A comprehensive survey and benchmark},
  author={Wang, Yuxuan and Wu, Haixu and Dong, Jiaxiang and Liu, Yong and Long, Mingsheng and Wang, Jianmin},
  journal={arXiv preprint arXiv:2407.13278},
  year={2024}
}

@misc{websource2024,
  author = {Doe, Jane},
  title = {Understanding Kernel Methods},
  howpublished = {Online},
  year = {2024},
  note = {Available at: \url{https://example.com/kernel-methods} [Accessed December 14, 2024]}
}

@inproceedings{langley00,
 author    = {P. Langley},
 title     = {Crafting Papers on Machine Learning},
 year      = {2000},
 pages     = {1207--1216},
 editor    = {Pat Langley},
 booktitle     = {Proceedings of the 17th International Conference
              on Machine Learning (ICML 2000)},
 address   = {Stanford, CA},
 publisher = {Morgan Kaufmann}
}

@TechReport{mitchell80,
  author = 	 "T. M. Mitchell",
  title = 	 "The Need for Biases in Learning Generalizations",
  institution =  "Computer Science Department, Rutgers University",
  year = 	 "1980",
  address =	 "New Brunswick, MA",
}

@phdthesis{kearns89,
  author = {M. J. Kearns},
  title =  {Computational Complexity of Machine Learning},
  school = {Department of Computer Science, Harvard University},
  year =   {1989}
}

@Book{MachineLearningI,
  editor = 	 "R. S. Michalski and J. G. Carbonell and T.
		  M. Mitchell",
  title = 	 "Machine Learning: An Artificial Intelligence
		  Approach, Vol. I",
  publisher = 	 "Tioga",
  year = 	 "1983",
  address =	 "Palo Alto, CA"
}

@Book{DudaHart2nd,
  author =       "R. O. Duda and P. E. Hart and D. G. Stork",
  title =        "Pattern Classification",
  publisher =    "John Wiley and Sons",
  edition =      "2nd",
  year =         "2000"
}

@misc{anonymous,
  title= {Suppressed for Anonymity},
  author= {Author, N. N.},
  year= {2021}
}

@InCollection{Newell81,
  author =       "A. Newell and P. S. Rosenbloom",
  title =        "Mechanisms of Skill Acquisition and the Law of
                  Practice", 
  booktitle =    "Cognitive Skills and Their Acquisition",
  pages =        "1--51",
  publisher =    "Lawrence Erlbaum Associates, Inc.",
  year =         "1981",
  editor =       "J. R. Anderson",
  chapter =      "1",
  address =      "Hillsdale, NJ"
}


@Article{Samuel59,
  author = 	 "A. L. Samuel",
  title = 	 "Some Studies in Machine Learning Using the Game of
		  Checkers",
  journal =	 "IBM Journal of Research and Development",
  year =	 "1959",
  volume =	 "3",
  number =	 "3",
  pages =	 "211--229"
}
