@article{chevyrev2022signature,
  title={Signature moments to characterize laws of stochastic processes},
  author={Chevyrev, Ilya and Oberhauser, Harald},
  journal={Journal of Machine Learning Research},
  volume={23},
  number={176},
  pages={1--42},
  year={2022}
}

@article{kiraly2019kernels,
  title={Kernels for sequentially ordered data},
  author={Kir{\'a}ly, Franz J and Oberhauser, Harald},
  journal={Journal of Machine Learning Research},
  volume={20},
  number={31},
  pages={1--45},
  year={2019}
}

@article{lyons2014rough,
  title={Rough paths, signatures and the modelling of functions on streams},
  author={Lyons, Terry},
  journal={arXiv preprint arXiv:1405.4537},
  year={2014}
}

@article{salvi2021signature,
  title={The Signature Kernel is the solution of a Goursat PDE},
  author={Salvi, Cristopher and Cass, Thomas and Foster, James and Lyons, Terry and Yang, Weixin},
  journal={SIAM Journal on Mathematics of Data Science},
  volume={3},
  number={3},
  pages={873--899},
  year={2021},
  publisher={SIAM}
}

@article{toth2023random,
  title={Random fourier signature features},
  author={Toth, Csaba and Oberhauser, Harald and Szabo, Zoltan},
  journal={arXiv preprint arXiv:2311.12214},
  year={2023}
}

@article{toth2025user,
  title={A User's Guide to $\texttt{KSig}$: GPU-Accelerated Computation of the Signature Kernel},
  author={T{\'o}th, Csaba and Cruz, Danilo Jr Dela and Oberhauser, Harald},
  journal={arXiv preprint arXiv:2501.07145},
  year={2025}
}

