@article{bandyopadhyay2024flipsketch,
  title={FlipSketch: Flipping Static Drawings to Text-Guided Sketch Animations},
  author={Bandyopadhyay, Hmrishav and Song, Yi-Zhe},
  journal={arXiv preprint arXiv:2411.10818},
  year={2024}
}

@article{chen2023control,
  title={Control-a-video: Controllable text-to-video generation with diffusion models},
  author={Chen, Weifeng and Ji, Yatai and Wu, Jie and Wu, Hefeng and Xie, Pan and Li, Jiashi and Xia, Xin and Xiao, Xuefeng and Lin, Liang},
  journal={arXiv preprint arXiv:2305.13840},
  year={2023}
}

@inproceedings{ding2024freecustom,
  title={FreeCustom: Tuning-Free Customized Image Generation for Multi-Concept Composition},
  author={Ding, Ganggui and Zhao, Canyu and Wang, Wen and Yang, Zhen and Liu, Zide and Chen, Hao and Shen, Chunhua},
  booktitle={Proceedings of the IEEE/CVF Conference on Computer Vision and Pattern Recognition},
  pages={9089--9098},
  year={2024}
}

@inproceedings{gal2024breathing,
  title={Breathing Life Into Sketches Using Text-to-Video Priors},
  author={Gal, Rinon and Vinker, Yael and Alaluf, Yuval and Bermano, Amit and Cohen-Or, Daniel and Shamir, Ariel and Chechik, Gal},
  booktitle={Proceedings of the IEEE/CVF Conference on Computer Vision and Pattern Recognition},
  pages={4325--4336},
  year={2024}
}

@article{guo2023animatediff,
  title={Animatediff: Animate your personalized text-to-image diffusion models without specific tuning},
  author={Guo, Yuwei and Yang, Ceyuan and Rao, Anyi and Liang, Zhengyang and Wang, Yaohui and Qiao, Yu and Agrawala, Maneesh and Lin, Dahua and Dai, Bo},
  journal={arXiv preprint arXiv:2307.04725},
  year={2023}
}

@inproceedings{hollein2024viewdiff,
  title={Viewdiff: 3d-consistent image generation with text-to-image models},
  author={H{\"o}llein, Lukas and Bo{\v{z}}i{\v{c}}, Alja{\v{z}} and M{\"u}ller, Norman and Novotny, David and Tseng, Hung-Yu and Richardt, Christian and Zollh{\"o}fer, Michael and Nie{\ss}ner, Matthias},
  booktitle={Proceedings of the IEEE/CVF Conference on Computer Vision and Pattern Recognition},
  pages={5043--5052},
  year={2024}
}

@inproceedings{koley2024s,
  title={It's All About Your Sketch: Democratising Sketch Control in Diffusion Models},
  author={Koley, Subhadeep and Bhunia, Ayan Kumar and Sekhri, Deeptanshu and Sain, Aneeshan and Chowdhury, Pinaki Nath and Xiang, Tao and Song, Yi-Zhe},
  booktitle={Proceedings of the IEEE/CVF Conference on Computer Vision and Pattern Recognition},
  pages={7204--7214},
  year={2024}
}

@inproceedings{li2024generative,
  title={Generative image dynamics},
  author={Li, Zhengqi and Tucker, Richard and Snavely, Noah and Holynski, Aleksander},
  booktitle={Proceedings of the IEEE/CVF Conference on Computer Vision and Pattern Recognition},
  pages={24142--24153},
  year={2024}
}

@inproceedings{li2024vidtome,
  title={Vidtome: Video token merging for zero-shot video editing},
  author={Li, Xirui and Ma, Chao and Yang, Xiaokang and Yang, Ming-Hsuan},
  booktitle={Proceedings of the IEEE/CVF Conference on Computer Vision and Pattern Recognition},
  pages={7486--7495},
  year={2024}
}

@inproceedings{liang2024rich,
  title={Rich human feedback for text-to-image generation},
  author={Liang, Youwei and He, Junfeng and Li, Gang and Li, Peizhao and Klimovskiy, Arseniy and Carolan, Nicholas and Sun, Jiao and Pont-Tuset, Jordi and Young, Sarah and Yang, Feng and others},
  booktitle={Proceedings of the IEEE/CVF Conference on Computer Vision and Pattern Recognition},
  pages={19401--19411},
  year={2024}
}

@inproceedings{mou2024t2i,
  title={T2i-adapter: Learning adapters to dig out more controllable ability for text-to-image diffusion models},
  author={Mou, Chong and Wang, Xintao and Xie, Liangbin and Wu, Yanze and Zhang, Jian and Qi, Zhongang and Shan, Ying},
  booktitle={Proceedings of the AAAI Conference on Artificial Intelligence},
  volume={38},
  number={5},
  pages={4296--4304},
  year={2024}
}

@inproceedings{qing2024hierarchical,
  title={Hierarchical spatio-temporal decoupling for text-to-video generation},
  author={Qing, Zhiwu and Zhang, Shiwei and Wang, Jiayu and Wang, Xiang and Wei, Yujie and Zhang, Yingya and Gao, Changxin and Sang, Nong},
  booktitle={Proceedings of the IEEE/CVF Conference on Computer Vision and Pattern Recognition},
  pages={6635--6645},
  year={2024}
}

@inproceedings{shi2024bivdiff,
  title={BIVDiff: A Training-Free Framework for General-Purpose Video Synthesis via Bridging Image and Video Diffusion Models},
  author={Shi, Fengyuan and Gu, Jiaxi and Xu, Hang and Xu, Songcen and Zhang, Wei and Wang, Limin},
  booktitle={Proceedings of the IEEE/CVF Conference on Computer Vision and Pattern Recognition},
  pages={7393--7402},
  year={2024}
}

@inproceedings{voynov2023sketch,
  title={Sketch-guided text-to-image diffusion models},
  author={Voynov, Andrey and Aberman, Kfir and Cohen-Or, Daniel},
  booktitle={ACM SIGGRAPH 2023 Conference Proceedings},
  pages={1--11},
  year={2023}
}

@article{wu2023lamp,
  title={Lamp: Learn a motion pattern for few-shot-based video generation},
  author={Wu, Ruiqi and Chen, Liangyu and Yang, Tong and Guo, Chunle and Li, Chongyi and Zhang, Xiangyu},
  journal={arXiv preprint arXiv:2310.10769},
  year={2023}
}

@inproceedings{xing2024simda,
  title={Simda: Simple diffusion adapter for efficient video generation},
  author={Xing, Zhen and Dai, Qi and Hu, Han and Wu, Zuxuan and Jiang, Yu-Gang},
  booktitle={Proceedings of the IEEE/CVF Conference on Computer Vision and Pattern Recognition},
  pages={7827--7839},
  year={2024}
}

@article{ye2023ip,
  title={Ip-adapter: Text compatible image prompt adapter for text-to-image diffusion models},
  author={Ye, Hu and Zhang, Jun and Liu, Sibo and Han, Xiao and Yang, Wei},
  journal={arXiv preprint arXiv:2308.06721},
  year={2023}
}

@inproceedings{yuan2024instructvideo,
  title={InstructVideo: instructing video diffusion models with human feedback},
  author={Yuan, Hangjie and Zhang, Shiwei and Wang, Xiang and Wei, Yujie and Feng, Tao and Pan, Yining and Zhang, Yingya and Liu, Ziwei and Albanie, Samuel and Ni, Dong},
  booktitle={Proceedings of the IEEE/CVF Conference on Computer Vision and Pattern Recognition},
  pages={6463--6474},
  year={2024}
}

@inproceedings{zhang2024pia,
  title={Pia: Your personalized image animator via plug-and-play modules in text-to-image models},
  author={Zhang, Yiming and Xing, Zhening and Zeng, Yanhong and Fang, Youqing and Chen, Kai},
  booktitle={Proceedings of the IEEE/CVF Conference on Computer Vision and Pattern Recognition},
  pages={7747--7756},
  year={2024}
}

