
@inproceedings{kohlbrecher2011flexible,
  title={A flexible and scalable SLAM system with full 3D motion estimation},
  author={Kohlbrecher, Stefan and Von Stryk, Oskar and Meyer, Johannes and Klingauf, Uwe},
  booktitle={Proceedings of 2011 IEEE International Symposium on Safety, Security, and Rescue Robotics},
  pages={155--160},
  year={2011}, 
  organization={IEEE}
}
@inproceedings{hess2016real,
  title={Real-time loop closure in 2D LIDAR SLAM},
  author={Hess, Wolfgang and Kohler, Damon and Rapp, Holger and Andor, Daniel},
  booktitle={Proceedings of 2016 IEEE International Conference on Robotics and Automation (ICRA)},
  pages={1271--1278},
  year={2016},
  organization={IEEE}
}
@article{montemerlo2002fastslam,
  title={FastSLAM: A factored solution to the simultaneous localization and mapping problem},
  author={Montemerlo, Michael and Thrun, Sebastian and Koller, Daphne and Wegbreit, Ben and others},
  journal={AAAI/IAAI},
  volume={593598},
  year={2002},
}
@article{grisetti2007improved,
  title={Improved techniques for grid mapping with rao-blackwellized particle filters},
  author={Grisetti, Giorgio and Stachniss, Cyrill and Burgard, Wolfram},
  journal={IEEE transactions on Robotics},
  volume={23},
  number={1},
  pages={34--46},
  year={2007},
  publisher={IEEE}
}
@inproceedings{strom2011occupancy,
  title={Occupancy grid rasterization in large environments for teams of robots},
  author={Strom, Johannes and Olson, Edwin},
  booktitle={Proceedings of 2011 IEEE/RSJ International Conference on Intelligent Robots and Systems},
  pages={4271--4276},
  year={2011},
  organization={IEEE}
}

@inproceedings{jiang2019triangle,
  title={A Triangle Feature Based Map-to-map Matching and Loop Closure for 2D Graph SLAM},
  author={Jiang, Binqian and Zhu, Yilong and Liu, Ming},
  booktitle={Proceedings of 2019 IEEE International Conference on Robotics and Biomimetics (ROBIO)},
  pages={2719--2725},
  year={2019},
  organization={IEEE}
}
@article{blanco2013robust,
  title={A robust, multi-hypothesis approach to matching occupancy grid maps},
  author={Blanco, Jose-Luis and Gonz{\'a}lez-Jim{\'e}nez, Javier and Fern{\'a}ndez-Madrigal, Juan-Antonio},
  journal={Robotica},
  volume={31},
  number={5},
  pages={687--701},
  year={2013},
  publisher={Cambridge University Press}
}

@misc{Radish,
    author = "Andrew Howard and Nicholas Roy", 
    year = "2003",
    title = "The Robotics Data Set Repository (Radish)",
    url = "http://radish.sourceforge.net/",
    }
    
@inproceedings{moravec1985high,
  title={High resolution maps from wide angle sonar},
  author={Moravec, Hans and Elfes, Alberto},
  booktitle={Proceedings of 1985 IEEE International Conference on Robotics and Automation},
  volume={2},
  pages={116--121},
  year={1985},
  organization={IEEE}
}

@incollection{moravec1989sensor,
  title={Sensor fusion in certainty grids for mobile robots},
  author={Moravec, Hans P.},
  booktitle={Sensor Devices and Systems for Robotics},
  pages={253--276},
  year={1989},
  publisher={Springer}
}

@book{elfes1989occupancy,
  title={Occupancy grids: A probabilistic framework for robot perception and navigation},
  author={Elfes, Alberto},
  year={1989},
  publisher={Carnegie Mellon University}
}

@inproceedings{o2009contextual,
  title={Contextual occupancy maps using Gaussian processes},
  author={O'Callaghan, Simon and Ramos, Fabio T and Durrant-Whyte, Hugh},
  booktitle={Proceedings of 2009 IEEE International Conference on Robotics and Automation},
  pages={1054--1060},
  year={2009},
  organization={IEEE}
}

@article{o2012gaussian,
  title={Gaussian process occupancy maps},
  author={O’Callaghan, Simon T and Ramos, Fabio T},
  journal={The International Journal of Robotics Research},
  volume={31},
  number={1},
  pages={42--62},
  year={2012},
  publisher={SAGE Publications Sage UK: London, England}
}

@article{jadidi2018gaussian,
  title={Gaussian processes autonomous mapping and exploration for range-sensing mobile robots},
  author={Jadidi, Maani Ghaffari and Miro, Jaime Valls and Dissanayake, Gamini},
  journal={Autonomous Robots},
  volume={42},
  number={2},
  pages={273--290},
  year={2018},
  publisher={Springer}
}

@inproceedings{kim2012building,
  title={Building occupancy maps with a mixture of Gaussian processes},
  author={Kim, Soohwan and Kim, Jonghyuk},
  booktitle={Proceedings of 2012 IEEE International Conference on Robotics and Automation},
  pages={4756--4761},
  year={2012},
  organization={IEEE}
}

@article{cadena2016past,
  title={Past, present, and future of simultaneous localization and mapping: Toward the robust-perception age},
  author={Cadena, Cesar and Carlone, Luca and Carrillo, Henry and Latif, Yasir and Scaramuzza, Davide and Neira, Jos{\'e} and Reid, Ian and Leonard, John J},
  journal={IEEE Transactions on Robotics},
  volume={32},
  number={6},
  pages={1309--1332},
  year={2016},
  publisher={IEEE}
}

@article{rosen2019se,
  title={SE-Sync: A certifiably correct algorithm for synchronization over the special Euclidean group},
  author={Rosen, David M and Carlone, Luca and Bandeira, Afonso S and Leonard, John J},
  journal={The International Journal of Robotics Research},
  volume={38},
  number={2-3},
  pages={95--125},
  year={2019},
  publisher={Sage Publications Sage UK: London, England}
}

@article{dellaert2006square,
  title={Square Root SAM: Simultaneous localization and mapping via square root information smoothing},
  author={Dellaert, Frank and Kaess, Michael},
  journal={The International Journal of Robotics Research},
  volume={25},
  number={12},
  pages={1181--1203},
  year={2006},
  publisher={Sage Publications Sage CA: Thousand Oaks, CA}
}

@article{ramos2016hilbert,
  title={Hilbert maps: Scalable continuous occupancy mapping with stochastic gradient descent},
  author={Ramos, Fabio and Ott, Lionel},
  journal={The International Journal of Robotics Research},
  volume={35},
  number={14},
  pages={1717--1730},
  year={2016},
  publisher={SAGE Publications Sage UK: London, England}
}

@article{zhao20212d,
  title={2D Laser SLAM With Closed Shape Features: Fourier Series Parameterization and Submap Joining},
  author={Zhao, Jiaheng and Li, Tiancheng and Yang, Tong and Zhao, Liang and Huang, Shoudong},
  journal={IEEE Robotics and Automation Letters},
  volume={6},
  number={2},
  pages={1527--1534},
  year={2021},
  publisher={IEEE}
}

@article{o2018variable,
  title={Variable resolution occupancy mapping using gaussian mixture models},
  author={O’Meadhra, Cormac and Tabib, Wennie and Michael, Nathan},
  journal={IEEE Robotics and Automation Letters},
  volume={4},
  number={2},
  pages={2015--2022},
  year={2018},
  publisher={IEEE}
}

@article{hornung2013octomap,
  title={OctoMap: An efficient probabilistic 3D mapping framework based on octrees},
  author={Hornung, Armin and Wurm, Kai M and Bennewitz, Maren and Stachniss, Cyrill and Burgard, Wolfram},
  journal={Autonomous Robots},
  volume={34},
  number={3},
  pages={189--206},
  year={2013},
  publisher={Springer}
}

@inproceedings{liu2021efficient,
  title={An Efficient and Continuous Representation for Occupancy Mapping with Random Mapping},
  author={Liu, Xu and Li, Decai and He, Yuqing},
  booktitle={Proceedings of 2021 IEEE/RSJ International Conference on Intelligent Robots and Systems (IROS)},
  pages={6664--6671},
  year = {2021},
  organization={IEEE}
}

@book{ProbabilisticRobotics,
  title = "Probabilistic Robotics",
  author = "Thrun, Sebastian and Burgard, Wolfram and Fox, Dieter",
  year = 2005,
  publisher = "MIT Press"
}

@article{gutmann2012vector,
  title={Vector field SLAM—Localization by learning the spatial variation of continuous signals},
  author={Gutmann, Jens-Steffen and Eade, Ethan and Fong, Philip and Munich, Mario E},
  journal={IEEE Transactions on robotics},
  volume={28},
  number={3},
  pages={650--667},
  year={2012},
  publisher={IEEE}
}

@techreport{martin1996robot,
  title={Robot Evidence Grids.},
  author={Martin, Martin C. and Moravec, Hans P.},
  year={1996},
  institution={The Robotics Institute, Carnegie-Mellon University},
}

@article{yang2020graduated,
  title={Graduated non-convexity for robust spatial perception: From non-minimal solvers to global outlier rejection},
  author={Yang, Heng and Antonante, Pasquale and Tzoumas, Vasileios and Carlone, Luca},
  journal={IEEE Robotics and Automation Letters},
  volume={5},
  number={2},
  pages={1127--1134},
  year={2020},
  publisher={IEEE}
}

@article{shankar2020mrfmap,
  title={Mrfmap: Online probabilistic 3d mapping using forward ray sensor models},
  author={Shankar, Kumar Shaurya and Michael, Nathan},
  journal={arXiv preprint arXiv:2006.03512},
  year={2020}
}

@article{reijgwart2019voxgraph,
  title={Voxgraph: Globally consistent, volumetric mapping using signed distance function submaps},
  author={Reijgwart, Victor and Millane, Alexander and Oleynikova, Helen and Siegwart, Roland and Cadena, Cesar and Nieto, Juan},
  journal={IEEE Robotics and Automation Letters},
  volume={5},
  number={1},
  pages={227--234},
  year={2019},
  publisher={IEEE}
}

@article{rosinol2021kimera,
  title={Kimera: From SLAM to spatial perception with 3D dynamic scene graphs},
  author={Rosinol, Antoni and Violette, Andrew and Abate, Marcus and Hughes, Nathan and Chang, Yun and Shi, Jingnan and Gupta, Arjun and Carlone, Luca},
  journal={The International Journal of Robotics Research},
  volume={40},
  number={12-14},
  pages={1510--1546},
  year={2021},
  publisher={SAGE Publications Sage UK: London, England}
}

@article{einhorn2010building,
  title={Building 2d and 3d adaptiveresolution occupancy maps using nd-trees},
  author={Einhorn, Erik and Schr{\"o}ter, Christof and Gross, Horst-Michael},
  journal={Proceeding 55th Int. Scientific Colloquiium, Ilmenau, Germany. Verlag ISLE},
  pages={306--311},
  year={2010}
}

@article{khan2014rmap,
  title={RMAP: a rectangular cuboid approximation framework for 3D environment mapping},
  author={Khan, Sheraz and Dometios, Athanasios and Verginis, Chris and Tzafestas, Costas and Wollherr, Dirk and Buss, Martin},
  journal={Autonomous Robots},
  volume={37},
  number={3},
  pages={261--277},
  year={2014},
  publisher={Springer},
}

@article{fisher2021colmap,
  title={ColMap: A memory-efficient occupancy grid mapping framework},
  author={Fisher, Alex and Cannizzaro, Ricardo and Cochrane, Madeleine and Nagahawatte, Chatura and Palmer, Jennifer L},
  journal={Robotics and Autonomous Systems},
  volume={142},
  pages={103755},
  year={2021},
  publisher={Elsevier},
}

@inproceedings{lim2014real,
  title={Real-time 6-DOF monocular visual SLAM in a large-scale environment},
  author={Lim, Hyon and Lim, Jongwoo and Kim, H Jin},
  booktitle={2014 IEEE international conference on robotics and automation (ICRA)},
  pages={1532--1539},
  year={2014},
  organization={IEEE},
}

@article{yan2017dense,
  title={Dense visual SLAM with probabilistic surfel map},
  author={Yan, Zhixin and Ye, Mao and Ren, Liu},
  journal={IEEE transactions on visualization and computer graphics},
  volume={23},
  number={11},
  pages={2389--2398},
  year={2017},
  publisher={IEEE},
}

@inproceedings{mangelson2019guaranteed,
  title={Guaranteed globally optimal planar pose graph and landmark SLAM via sparse-bounded sums-of-squares programming},
  author={Mangelson, Joshua G and Liu, Jinsun and Eustice, Ryan M and Vasudevan, Ram},
  booktitle={2019 International Conference on Robotics and Automation (ICRA)},
  pages={9306--9312},
  year={2019},
  organization={IEEE},
}
@inproceedings{konolige2010efficient,
  title={Efficient sparse pose adjustment for 2D mapping},
  author={Konolige, Kurt and Grisetti, Giorgio and K{\"u}mmerle, Rainer and Burgard, Wolfram and Limketkai, Benson and Vincent, Regis},
  booktitle={2010 IEEE/RSJ International Conference on Intelligent Robots and Systems},
  pages={22--29},
  year={2010},
  organization={IEEE}
}

@article{canny1986computational,
  title={A computational approach to edge detection},
  author={Canny, John},
  journal={IEEE Transactions on pattern analysis and machine intelligence},
  number={6},
  pages={679--698},
  year={1986},
  publisher={Ieee}
}

@book{duda1973pattern,
  title={Pattern classification and scene analysis},
  author={Duda, Richard O and Hart, Peter E and Stork, David G},
  volume={3},
  year={1973},
  publisher={Wiley New York}
}

@INPROCEEDINGS{Zhao-RSS-22, 
    AUTHOR    = {Liang Zhao AND Yingyu Wang AND Shoudong Huang}, 
    TITLE     = {{Occupancy-SLAM: Simultaneously Optimizing Robot Poses and Continuous Occupancy Map}}, 
    BOOKTITLE = {Proceedings of Robotics: Science and Systems}, 
    YEAR      = {2022}, 
    ADDRESS   = {New York City, NY, USA}, 
    MONTH     = {June}, 
    DOI       = {10.15607/RSS.2022.XVIII.003} 
}

@inproceedings{vespa2019adaptive,
  title={Adaptive-resolution octree-based volumetric SLAM},
  author={Vespa, Emanuele and Funk, Nils and Kelly, Paul HJ and Leutenegger, Stefan},
  booktitle={2019 International Conference on 3D Vision (3DV)},
  pages={654--662},
  year={2019},
  organization={IEEE}
}

@inproceedings{han2019fiesta,
  title={Fiesta: Fast incremental euclidean distance fields for online motion planning of aerial robots},
  author={Han, Luxin and Gao, Fei and Zhou, Boyu and Shen, Shaojie},
  booktitle={2019 IEEE/RSJ International Conference on Intelligent Robots and Systems (IROS)},
  pages={4423--4430},
  year={2019},
  organization={IEEE}
}

@article{funk2021multi,
  title={Multi-resolution 3D mapping with explicit free space representation for fast and accurate mobile robot motion planning},
  author={Funk, Nils and Tarrio, Juan and Papatheodorou, Sotiris and Popovi{\'c}, Marija and Alcantarilla, Pablo F and Leutenegger, Stefan},
  journal={IEEE Robotics and Automation Letters},
  volume={6},
  number={2},
  pages={3553--3560},
  year={2021},
  publisher={IEEE}
}

@inproceedings{grisetti2005improving,
  title={Improving grid-based slam with rao-blackwellized particle filters by adaptive proposals and selective resampling},
  author={Grisetti, Giorgio and Stachniss, Cyrill and Burgard, Wolfram},
  booktitle={Proceedings of the 2005 IEEE international conference on robotics and automation},
  pages={2432--2437},
  year={2005},
  organization={IEEE}
}

@article{elfes1989using,
  title={Using occupancy grids for mobile robot perception and navigation},
  author={Elfes, Alberto},
  journal={Computer},
  volume={22},
  number={6},
  pages={46--57},
  year={1989},
  publisher={IEEE}
}

@inproceedings{shan2020lio,
  title={Lio-sam: Tightly-coupled lidar inertial odometry via smoothing and mapping},
  author={Shan, Tixiao and Englot, Brendan and Meyers, Drew and Wang, Wei and Ratti, Carlo and Rus, Daniela},
  booktitle={2020 IEEE/RSJ international conference on intelligent robots and systems (IROS)},
  pages={5135--5142},
  year={2020},
  organization={IEEE}
}


@article{bradley1997use,
  title={The use of the area under the ROC curve in the evaluation of machine learning algorithms},
  author={Bradley, Andrew P},
  journal={Pattern recognition},
  volume={30},
  number={7},
  pages={1145--1159},
  year={1997},
  publisher={Elsevier}
}

@inproceedings{irani1998robust,
  title={Robust multi-sensor image alignment},
  author={Irani, Michal and Anandan, P},
  booktitle={Sixth International Conference on Computer Vision (IEEE Cat. No. 98CH36271)},
  pages={959--966},
  year={1998},
  organization={IEEE}
}

@article{akgul2003coarse,
  title={A coarse-to-fine deformable contour optimization framework},
  author={Akgul, Yusuf Sinan and Kambhamettu, Chandra},
  journal={IEEE Transactions on Pattern Analysis and Machine Intelligence},
  volume={25},
  number={2},
  pages={174--186},
  year={2003},
  publisher={IEEE}
}


@inproceedings{guo2021coarse,
  title={Coarse-to-fine semantic localization with HD map for autonomous driving in structural scenes},
  author={Guo, Chengcheng and Lin, Minjie and Guo, Heyang and Liang, Pengpeng and Cheng, Erkang},
  booktitle={2021 IEEE/RSJ International Conference on Intelligent Robots and Systems (IROS)},
  pages={1146--1153},
  year={2021},
  organization={IEEE}
}

@inproceedings{lin2021barf,
  title={Barf: Bundle-adjusting neural radiance fields},
  author={Lin, Chen-Hsuan and Ma, Wei-Chiu and Torralba, Antonio and Lucey, Simon},
  booktitle={Proceedings of the IEEE/CVF International Conference on Computer Vision},
  pages={5741--5751},
  year={2021}
}

@inproceedings{droeschel2018efficient,
  title={Efficient continuous-time SLAM for 3D lidar-based online mapping},
  author={Droeschel, David and Behnke, Sven},
  booktitle={2018 IEEE International Conference on Robotics and Automation (ICRA)},
  pages={5000--5007},
  year={2018},
  organization={IEEE}
}

@inproceedings{olson2009real,
  title={Real-time correlative scan matching},
  author={Olson, Edwin B},
  booktitle={2009 IEEE International Conference on Robotics and Automation},
  pages={4387--4393},
  year={2009},
  organization={IEEE}
}

@article{kaess2008isam,
  title={iSAM: Incremental smoothing and mapping},
  author={Kaess, Michael and Ranganathan, Ananth and Dellaert, Frank},
  journal={IEEE Transactions on Robotics},
  volume={24},
  number={6},
  pages={1365--1378},
  year={2008},
  publisher={IEEE}
}

@inproceedings{kaess2011isam2,
  title={iSAM2: Incremental smoothing and mapping with fluid relinearization and incremental variable reordering},
  author={Kaess, Michael and Johannsson, Hordur and Roberts, Richard and Ila, Viorela and Leonard, John and Dellaert, Frank},
  booktitle={2011 IEEE International Conference on Robotics and Automation},
  pages={3281--3288},
  year={2011},
  organization={IEEE}
}


  
@INPROCEEDINGS{Reijgwart-RSS-23, 
    AUTHOR    = {Victor Reijgwart AND Cesar Cadena AND Roland Siegwart AND Lionel Ott}, 
    TITLE     = {{Efficient volumetric mapping of multi-scale environments using wavelet-based compression}}, 
    BOOKTITLE = {Proceedings of Robotics: Science and Systems}, 
    YEAR      = {2023}, 
    ADDRESS   = {Daegu, Republic of Korea}, 
    MONTH     = {July}, 
    DOI       = {10.15607/RSS.2023.XIX.065} 
} 


@article{dellaert2012factor,
  title={Factor graphs and GTSAM: A hands-on introduction},
  author={Dellaert, Frank},
  journal={Georgia Institute of Technology, Tech. Rep},
  volume={2},
  pages={4},
  year={2012}
}


@misc{grupp2017evo,
  title={evo: Python package for the evaluation of odometry and SLAM.},
  author={Grupp, Michael},
  howpublished={\url{https://github.com/MichaelGrupp/evo}},
  year={2017}
}


@INPROCEEDINGS{ramezani2020newer,
  author={Ramezani, Milad and Wang, Yiduo and Camurri, Marco and Wisth, David and Mattamala, Matias and Fallon, Maurice},
  booktitle={2020 IEEE/RSJ International Conference on Intelligent Robots and Systems (IROS)}, 
  title={The Newer College Dataset: Handheld LiDAR, Inertial and Vision with Ground Truth}, 
  year={2020},
  volume={},
  number={},
  pages={4353-4360},
  doi={10.1109/IROS45743.2020.9340849}}

@article{xu2022fast,
  title={Fast-lio2: Fast direct lidar-inertial odometry},
  author={Xu, Wei and Cai, Yixi and He, Dongjiao and Lin, Jiarong and Zhang, Fu},
  journal={IEEE Transactions on Robotics},
  volume={38},
  number={4},
  pages={2053--2073},
  year={2022},
  publisher={IEEE}
}

@article{liu2023efficient,
  title={Efficient and consistent bundle adjustment on lidar point clouds},
  author={Liu, Zheng and Liu, Xiyuan and Zhang, Fu},
  journal={IEEE Transactions on Robotics},
  year={2023},
  publisher={IEEE}
}

@article{liu2023large,
  title={Large-scale lidar consistent mapping using hierarchical lidar bundle adjustment},
  author={Liu, Xiyuan and Liu, Zheng and Kong, Fanze and Zhang, Fu},
  journal={IEEE Robotics and Automation Letters},
  volume={8},
  number={3},
  pages={1523--1530},
  year={2023},
  publisher={IEEE}
}

@article{Geiger2013IJRR,
  author = {Andreas Geiger and Philip Lenz and Christoph Stiller and Raquel Urtasun},
  title = {Vision meets Robotics: The KITTI Dataset},
  journal = {International Journal of Robotics Research (IJRR)},
  year = {2013}
}

@article{bloesch2017iterated,
  title={Iterated extended Kalman filter based visual-inertial odometry using direct photometric feedback},
  author={Bloesch, Michael and Burri, Michael and Omari, Sammy and Hutter, Marco and Siegwart, Roland},
  journal={The International Journal of Robotics Research},
  volume={36},
  number={10},
  pages={1053--1072},
  year={2017},
  publisher={SAGE Publications Sage UK: London, England}
}


@book{zhang2006schur,
  title={The Schur complement and its applications},
  author={Zhang, Fuzhen},
  volume={4},
  year={2006},
  publisher={Springer Science \& Business Media}
}

@inproceedings{curless1996volumetric,
  title={A volumetric method for building complex models from range images},
  author={Curless, Brian and Levoy, Marc},
  booktitle={Proceedings of the 23rd annual conference on Computer graphics and interactive techniques},
  pages={303--312},
  year={1996}
}

@inproceedings{izadi2011kinectfusion,
  title={Kinectfusion: real-time 3d reconstruction and interaction using a moving depth camera},
  author={Izadi, Shahram and Kim, David and Hilliges, Otmar and Molyneaux, David and Newcombe, Richard and Kohli, Pushmeet and Shotton, Jamie and Hodges, Steve and Freeman, Dustin and Davison, Andrew and others},
  booktitle={Proceedings of the 24th annual ACM symposium on User interface software and technology},
  pages={559--568},
  year={2011}
}

@inproceedings{oleynikova2017voxblox,
  title={Voxblox: Incremental 3d euclidean signed distance fields for on-board mav planning},
  author={Oleynikova, Helen and Taylor, Zachary and Fehr, Marius and Siegwart, Roland and Nieto, Juan},
  booktitle={2017 IEEE/RSJ International Conference on Intelligent Robots and Systems (IROS)},
  pages={1366--1373},
  year={2017},
  organization={IEEE}
}

@article{oleynikova2018safe,
  title={Safe local exploration for replanning in cluttered unknown environments for microaerial vehicles},
  author={Oleynikova, Helen and Taylor, Zachary and Siegwart, Roland and Nieto, Juan},
  journal={IEEE Robotics and Automation Letters},
  volume={3},
  number={3},
  pages={1474--1481},
  year={2018},
  publisher={IEEE}
}

@article{dai2017bundlefusion,
  title={Bundlefusion: Real-time globally consistent 3d reconstruction using on-the-fly surface reintegration},
  author={Dai, Angela and Nie{\ss}ner, Matthias and Zollh{\"o}fer, Michael and Izadi, Shahram and Theobalt, Christian},
  journal={ACM Transactions on Graphics (ToG)},
  volume={36},
  number={4},
  pages={1},
  year={2017},
  publisher={ACM New York, NY, USA}
}

@inproceedings{han2018flashfusion,
  title={FlashFusion: Real-time Globally Consistent Dense 3D Reconstruction using CPU Computing.},
  author={Han, Lei and Fang, Lu},
  booktitle={Robotics: Science and Systems},
  volume={1},
  number={6},
  pages={7},
  year={2018}
}


@article{vespa2018efficient,
  title={Efficient octree-based volumetric SLAM supporting signed-distance and occupancy mapping},
  author={Vespa, Emanuele and Nikolov, Nikolay and Grimm, Marius and Nardi, Luigi and Kelly, Paul HJ and Leutenegger, Stefan},
  journal={IEEE Robotics and Automation Letters},
  volume={3},
  number={2},
  pages={1144--1151},
  year={2018},
  publisher={IEEE}
}

@inproceedings{schmid2022panoptic,
  title={Panoptic multi-tsdfs: a flexible representation for online multi-resolution volumetric mapping and long-term dynamic scene consistency},
  author={Schmid, Lukas and Delmerico, Jeffrey and Sch{\"o}nberger, Johannes L and Nieto, Juan and Pollefeys, Marc and Siegwart, Roland and Cadena, Cesar},
  booktitle={2022 International Conference on Robotics and Automation (ICRA)},
  pages={8018--8024},
  year={2022},
  organization={IEEE}
}

@inproceedings{wagner2014graph,
  title={Graph SLAM with signed distance function maps on a humanoid robot},
  author={Wagner, Ren{\'e} and Frese, Udo and B{\"a}uml, Berthold},
  booktitle={2014 IEEE/RSJ International Conference on Intelligent Robots and Systems},
  pages={2691--2698},
  year={2014},
  organization={IEEE}
}

@inproceedings{besl1992method,
  title={Method for registration of 3-D shapes},
  author={Besl, Paul J and McKay, Neil D},
  booktitle={Sensor fusion IV: control paradigms and data structures},
  volume={1611},
  pages={586--606},
  year={1992},
  organization={Spie}
}

@inproceedings{millane2018c,
  title={C-blox: A scalable and consistent TSDF-based dense mapping approach},
  author={Millane, Alexander and Taylor, Zachary and Oleynikova, Helen and Nieto, Juan and Siegwart, Roland and Cadena, C{\'e}sar},
  booktitle={2018 IEEE/RSJ international conference on intelligent robots and systems (IROS)},
  pages={995--1002},
  year={2018},
  organization={IEEE}
}

@inproceedings{fossel20152d,
  title={2D-SDF-SLAM: A signed distance function based SLAM frontend for laser scanners},
  author={Fossel, Joscha-David and Tuyls, Karl and Sturm, J{\"u}rgen},
  booktitle={2015 IEEE/RSJ International Conference on Intelligent Robots and Systems (IROS)},
  pages={1949--1955},
  year={2015},
  organization={IEEE}
}

@inproceedings{dubois2020dense,
  title={Dense Decentralized Multi-robot SLAM based on locally consistent TSDF submaps},
  author={Dubois, Rodolphe and Eudes, Alexandre and Moras, Julien and Fr{\'e}mont, Vincent},
  booktitle={2020 IEEE/RSJ International Conference on Intelligent Robots and Systems (IROS)},
  pages={4862--4869},
  year={2020},
  organization={IEEE}
}

@inproceedings{duhautbout2019distributed,
  title={Distributed 3D TSDF manifold mapping for multi-robot systems},
  author={Duhautbout, Thibaud and Moras, Julien and Marzat, Julien},
  booktitle={2019 European Conference on Mobile Robots (ECMR)},
  pages={1--8},
  year={2019},
  organization={IEEE}
}

@article{zhao2015parallaxba,
  title={Parallaxba: bundle adjustment using parallax angle feature parametrization},
  author={Zhao, Liang and Huang, Shoudong and Sun, Yanbiao and Yan, Lei and Dissanayake, Gamini},
  journal={The International Journal of Robotics Research},
  volume={34},
  number={4-5},
  pages={493--516},
  year={2015},
  publisher={SAGE Publications Sage UK: London, England}
}

@inproceedings{triggs2000bundle,
  title={Bundle adjustment—a modern synthesis},
  author={Triggs, Bill and McLauchlan, Philip F and Hartley, Richard I and Fitzgibbon, Andrew W},
  booktitle={Vision Algorithms: Theory and Practice: International Workshop on Vision Algorithms Corfu, Greece, September 21--22, 1999 Proceedings},
  pages={298--372},
  year={2000},
  organization={Springer}
}

@article{konolige2008frameslam,
  title={FrameSLAM: From bundle adjustment to real-time visual mapping},
  author={Konolige, Kurt and Agrawal, Motilal},
  journal={IEEE Transactions on Robotics},
  volume={24},
  number={5},
  pages={1066--1077},
  year={2008},
  publisher={IEEE}
}

@inproceedings{sibley2009adaptive,
  title={Adaptive relative bundle adjustment.},
  author={Sibley, Dieter and Mei, Christopher and Reid, Ian D and Newman, Paul},
  booktitle={Robotics: science and systems},
  volume={32},
  pages={33},
  year={2009}
}

@article{campos2021orb,
  title={Orb-slam3: An accurate open-source library for visual, visual--inertial, and multimap slam},
  author={Campos, Carlos and Elvira, Richard and Rodr{\'\i}guez, Juan J G{\'o}mez and Montiel, Jos{\'e} MM and Tard{\'o}s, Juan D},
  journal={IEEE Transactions on Robotics},
  volume={37},
  number={6},
  pages={1874--1890},
  year={2021},
  publisher={IEEE}
}

@article{qin2018vins,
  title={Vins-mono: A robust and versatile monocular visual-inertial state estimator},
  author={Qin, Tong and Li, Peiliang and Shen, Shaojie},
  journal={IEEE transactions on robotics},
  volume={34},
  number={4},
  pages={1004--1020},
  year={2018},
  publisher={IEEE}
}

@article{einhorn2015generic,
  title={Generic NDT mapping in dynamic environments and its application for lifelong SLAM},
  author={Einhorn, Erik and Gross, Horst-Michael},
  journal={Robotics and Autonomous Systems},
  volume={69},
  pages={28--39},
  year={2015},
  publisher={Elsevier}
}

@inproceedings{rosinol2023nerf,
  title={Nerf-slam: Real-time dense monocular slam with neural radiance fields},
  author={Rosinol, Antoni and Leonard, John J and Carlone, Luca},
  booktitle={2023 IEEE/RSJ International Conference on Intelligent Robots and Systems (IROS)},
  pages={3437--3444},
  year={2023},
  organization={IEEE}
}

@inproceedings{matsuki2024gaussian,
  title={Gaussian splatting slam},
  author={Matsuki, Hidenobu and Murai, Riku and Kelly, Paul HJ and Davison, Andrew J},
  booktitle={Proceedings of the IEEE/CVF Conference on Computer Vision and Pattern Recognition},
  pages={18039--18048},
  year={2024}
}

@inproceedings{zhao2013linear,
  title={Linear SLAM: A linear solution to the feature-based and pose graph SLAM based on submap joining},
  author={Zhao, Liang and Huang, Shoudong and Dissanayake, Gamini},
  booktitle={2013 IEEE/RSJ International Conference on Intelligent Robots and Systems},
  pages={24--30},
  year={2013},
  organization={IEEE}
}

@article{wang2019submap,
  title={A submap joining algorithm for 3D reconstruction using an RGB-D camera based on point and plane features},
  author={Wang, Jun and Song, Jingwei and Zhao, Liang and Huang, Shoudong and Xiong, Rong},
  journal={Robotics and Autonomous Systems},
  volume={118},
  pages={93--111},
  year={2019},
  publisher={Elsevier}
}

@article{huang2008sparse,
  title={Sparse local submap joining filter for building large-scale maps},
  author={Huang, Shoudong and Wang, Zhan and Dissanayake, Gamini},
  journal={IEEE Transactions on Robotics},
  volume={24},
  number={5},
  pages={1121--1130},
  year={2008},
  publisher={IEEE}
}

@inproceedings{bosse2003atlas,
  title={An atlas framework for scalable mapping},
  author={Bosse, Michael and Newman, Paul and Leonard, John and Soika, Martin and Feiten, Wendelin and Teller, Seth},
  booktitle={2003 IEEE International Conference on Robotics and Automation (Cat. No. 03CH37422)},
  volume={2},
  pages={1899--1906},
  year={2003},
  organization={IEEE}
}

@inproceedings{ho2018virtual,
  title={Virtual occupancy grid map for submap-based pose graph SLAM and planning in 3D environments},
  author={Ho, Bing-Jui and Sodhi, Paloma and Teixeira, Pedro and Hsiao, Ming and Kusnur, Tushar and Kaess, Michael},
  booktitle={2018 IEEE/RSJ International Conference on Intelligent Robots and Systems (IROS)},
  pages={2175--2182},
  year={2018},
  organization={IEEE}
}

@inproceedings{wang2021elastic,
  title={Elastic and efficient LiDAR reconstruction for large-scale exploration tasks},
  author={Wang, Yiduo and Funk, Nils and Ramezani, Milad and Papatheodorou, Sotiris and Popovi{\'c}, Marija and Camurri, Marco and Leutenegger, Stefan and Fallon, Maurice},
  booktitle={2021 IEEE International Conference on Robotics and Automation (ICRA)},
  pages={5035--5041},
  year={2021},
  organization={IEEE}
}


@inproceedings{kaess2015simultaneous,
  title={Simultaneous localization and mapping with infinite planes},
  author={Kaess, Michael},
  booktitle={2015 IEEE International Conference on Robotics and Automation (ICRA)},
  pages={4605--4611},
  year={2015},
  organization={IEEE}
}

@inproceedings{hsiao2017keyframe,
  title={Keyframe-based dense planar SLAM},
  author={Hsiao, Ming and Westman, Eric and Zhang, Guofeng and Kaess, Michael},
  booktitle={2017 IEEE International Conference on Robotics and Automation (ICRA)},
  pages={5110--5117},
  year={2017},
  organization={Ieee}
}

@inproceedings{zhou2021pi,
  title={$\pi$-LSAM: LiDAR smoothing and mapping with planes},
  author={Zhou, Lipu and Wang, Shengze and Kaess, Michael},
  booktitle={2021 IEEE international conference on robotics and automation (ICRA)},
  pages={5751--5757},
  year={2021},
  organization={IEEE}
}

@article{zhou2021lidar,
  title={LiDAR SLAM with plane adjustment for indoor environment},
  author={Zhou, Lipu and Koppel, Daniel and Kaess, Michael},
  journal={IEEE Robotics and Automation Letters},
  volume={6},
  number={4},
  pages={7073--7080},
  year={2021},
  publisher={IEEE}
}

@inproceedings{geneva2018lips,
  title={Lips: Lidar-inertial 3d plane slam},
  author={Geneva, Patrick and Eckenhoff, Kevin and Yang, Yulin and Huang, Guoquan},
  booktitle={2018 IEEE/RSJ International Conference on Intelligent Robots and Systems (IROS)},
  pages={123--130},
  year={2018},
  organization={IEEE}
}

@inproceedings{trevor2012planar,
  title={Planar surface SLAM with 3D and 2D sensors},
  author={Trevor, Alexander JB and Rogers, John G and Christensen, Henrik I},
  booktitle={2012 IEEE International Conference on Robotics and Automation},
  pages={3041--3048},
  year={2012},
  organization={IEEE}
}

@article{liu2021balm,
  title={Balm: Bundle adjustment for lidar mapping},
  author={Liu, Zheng and Zhang, Fu},
  journal={IEEE Robotics and Automation Letters},
  volume={6},
  number={2},
  pages={3184--3191},
  year={2021},
  publisher={IEEE}
}

