@article{AdaptingLM,
  title={Domain-specific language models and lexicons for tagging},
  author={Coden, Anni R and Pakhomov, Serguei V and Ando, Rie K and Duffy, Patrick H and Chute, Christopher G},
  journal={Journal of biomedical informatics},
  volume={38},
  number={6},
  pages={422--430},
  year={2005},
  publisher={Elsevier}
}

@article{Bubeck2023,
  author       = {S{\'{e}}bastien Bubeck and
                  Varun Chandrasekaran and
                  Ronen Eldan and
                  Johannes Gehrke and
                  Eric Horvitz and
                  Ece Kamar and
                  Peter Lee and
                  Yin Tat Lee and
                  Yuanzhi Li and
                  Scott M. Lundberg and
                  Harsha Nori and
                  Hamid Palangi and
                  Marco T{\'{u}}lio Ribeiro and
                  Yi Zhang},
  title        = {Sparks of Artificial General Intelligence: Early experiments with
                  {GPT-4}},
  journal      = {CoRR},
  volume       = {abs/2303.12712},
  year         = {2023},
  url          = {https://doi.org/10.48550/arXiv.2303.12712},
  doi          = {10.48550/ARXIV.2303.12712},
  eprinttype    = {arXiv},
  eprint       = {2303.12712},
  timestamp    = {Mon, 28 Aug 2023 21:26:19 +0200},
  biburl       = {https://dblp.org/rec/journals/corr/abs-2303-12712.bib},
  bibsource    = {dblp computer science bibliography, https://dblp.org}
}

@article{CITE-IE-AUGMENTED-AI,
  author       = {Aditya Parikh},
  title        = {Information Extraction from Unstructured data using Augmented-AI and
                  Computer Vision},
  journal      = {CoRR},
  volume       = {abs/2312.09880},
  year         = {2023},
  url          = {https://doi.org/10.48550/arXiv.2312.09880},
  doi          = {10.48550/ARXIV.2312.09880},
  eprinttype    = {arXiv},
  eprint       = {2312.09880},
  timestamp    = {Tue, 09 Jan 2024 12:22:59 +0100},
  biburl       = {https://dblp.org/rec/journals/corr/abs-2312-09880.bib},
  bibsource    = {dblp computer science bibliography, https://dblp.org}
}

@phdthesis{CITE-IE-BOOK-NOW,
  author       = {Antoine Neuraz},
  title        = {Compr{\'{e}}hension du langage naturel pour le dossier patient informatis{\'{e}}
                  : acc{\`{e}}s {\`{a}} l'information et extraction d'information. (Natural
                  language understanding for the electronic health records : access
                  to information and information extraction)},
  school       = {Paris Cit{\'{e}} University, France},
  year         = {2020},
  url          = {https://tel.archives-ouvertes.fr/tel-04210975},
  timestamp    = {Sun, 29 Oct 2023 10:10:04 +0100},
  biburl       = {https://dblp.org/rec/phd/hal/Neuraz20.bib},
  bibsource    = {dblp computer science bibliography, https://dblp.org}
}

@article{CITE-IE-EMPIRICAL-LLM,
  title={An Empirical Study on Information Extraction using Large Language Models},
  author={Han, Ridong and Yang, Chaohao and Peng, Tao and Tiwari, Prayag and Wan, Xiang and Liu, Lu and Wang, Benyou},
  journal={arXiv preprint arXiv:2305.14450},
  year={2023}
}

@article{CITE-IE-RESEARCHGATE,
  author       = {Kiran Adnan and
                  Rehan Akbar},
  title        = {An analytical study of information extraction from unstructured and
                  multidimensional big data},
  journal      = {J. Big Data},
  volume       = {6},
  pages        = {91},
  year         = {2019},
  url          = {https://doi.org/10.1186/s40537-019-0254-8},
  doi          = {10.1186/S40537-019-0254-8},
  timestamp    = {Sun, 19 Jan 2025 14:20:51 +0100},
  biburl       = {https://dblp.org/rec/journals/jbd/AdnanA19.bib},
  bibsource    = {dblp computer science bibliography, https://dblp.org}
}

@inproceedings{Hu2021,
  author       = {Yuhui Xu and
                  Lingxi Xie and
                  Xiaotao Gu and
                  Xin Chen and
                  Heng Chang and
                  Hengheng Zhang and
                  Zhengsu Chen and
                  Xiaopeng Zhang and
                  Qi Tian},
  title        = {QA-LoRA: Quantization-Aware Low-Rank Adaptation of Large Language
                  Models},
  booktitle    = {The Twelfth International Conference on Learning Representations,
                  {ICLR} 2024, Vienna, Austria, May 7-11, 2024},
  publisher    = {OpenReview.net},
  year         = {2024},
  url          = {https://openreview.net/forum?id=WvFoJccpo8},
  timestamp    = {Fri, 23 Aug 2024 13:54:08 +0200},
  biburl       = {https://dblp.org/rec/conf/iclr/XuXG0CZC0024.bib},
  bibsource    = {dblp computer science bibliography, https://dblp.org}
}

@inproceedings{TransformerWithoutPE,
  author       = {Adi Haviv and
                  Ori Ram and
                  Ofir Press and
                  Peter Izsak and
                  Omer Levy},
  editor       = {Yoav Goldberg and
                  Zornitsa Kozareva and
                  Yue Zhang},
  title        = {Transformer Language Models without Positional Encodings Still Learn
                  Positional Information},
  booktitle    = {Findings of the Association for Computational Linguistics: {EMNLP}
                  2022, Abu Dhabi, United Arab Emirates, December 7-11, 2022},
  pages        = {1382--1390},
  publisher    = {Association for Computational Linguistics},
  year         = {2022},
  url          = {https://doi.org/10.18653/v1/2022.findings-emnlp.99},
  doi          = {10.18653/V1/2022.FINDINGS-EMNLP.99},
  timestamp    = {Thu, 10 Aug 2023 12:35:26 +0200},
  biburl       = {https://dblp.org/rec/conf/emnlp/HavivRPIL22.bib},
  bibsource    = {dblp computer science bibliography, https://dblp.org}
}

@inproceedings{Vaswani2017,
  author       = {Xiaopeng Zhang and
                  Haoyu Yang and
                  Evangeline F. Y. Young},
  title        = {Attentional Transfer is All You Need: Technology-aware Layout Pattern
                  Generation},
  booktitle    = {58th {ACM/IEEE} Design Automation Conference, {DAC} 2021, San Francisco,
                  CA, USA, December 5-9, 2021},
  pages        = {169--174},
  publisher    = {{IEEE}},
  year         = {2021},
  url          = {https://doi.org/10.1109/DAC18074.2021.9586227},
  doi          = {10.1109/DAC18074.2021.9586227},
  timestamp    = {Wed, 03 May 2023 17:06:11 +0200},
  biburl       = {https://dblp.org/rec/conf/dac/ZhangYY21.bib},
  bibsource    = {dblp computer science bibliography, https://dblp.org}
}

@article{wang2024diffusion,
  title={Diffusion Model with Representation Alignment for Protein Inverse Folding},
  author={Wang, Chenglin and Zhou, Yucheng and Zhai, Zijie and Shen, Jianbing and Zhang, Kai},
  journal={arXiv preprint arXiv:2412.09380},
  year={2024}
}

@inproceedings{zhou2023multimodal,
  title={Multimodal Event Transformer for Image-guided Story Ending Generation},
  author={Zhou, Yucheng and Long, Guodong},
  booktitle={Proceedings of the 17th Conference of the European Chapter of the Association for Computational Linguistics},
  pages={3434--3444},
  year={2023}
}

@inproceedings{zhou2024visual,
  author       = {Yucheng Zhou and
                  Xiang Li and
                  Qianning Wang and
                  Jianbing Shen},
  title        = {Visual In-Context Learning for Large Vision-Language Models},
  booktitle    = {Findings of the Association for Computational Linguistics, {ACL} 2024,
                  Bangkok, Thailand and virtual meeting, August 11-16, 2024},
  pages        = {15890--15902},
  publisher    = {Association for Computational Linguistics},
  year         = {2024},
}

@article{zhou2025training,
  title={Training Medical Large Vision-Language Models with Abnormal-Aware Feedback},
  author={Zhou, Yucheng and Song, Lingran and Shen, Jianbing},
  journal={arXiv preprint arXiv:2501.01377},
  year={2025}
}

