@inproceedings{DeChoudhury2013,
  author       = {Munmun De Choudhury and
                  Scott Counts and
                  Eric Horvitz and
                  Aaron Hoff},
  editor       = {Susan R. Fussell and
                  Wayne G. Lutters and
                  Meredith Ringel Morris and
                  Madhu C. Reddy},
  title        = {Characterizing and predicting postpartum depression from shared facebook
                  data},
  booktitle    = {Computer Supported Cooperative Work, {CSCW} '14, Baltimore, MD, USA,
                  February 15-19, 2014},
  pages        = {626--638},
  publisher    = {{ACM}},
  year         = {2014},
  url          = {https://doi.org/10.1145/2531602.2531675},
  doi          = {10.1145/2531602.2531675},
  timestamp    = {Fri, 08 Jan 2021 08:52:12 +0100},
  biburl       = {https://dblp.org/rec/conf/cscw/ChoudhuryCHH14.bib},
  bibsource    = {dblp computer science bibliography, https://dblp.org}
}



@inproceedings{Vaswani2017,
  author       = {Xiaopeng Zhang and
                  Haoyu Yang and
                  Evangeline F. Y. Young},
  title        = {Attentional Transfer is All You Need: Technology-aware Layout Pattern
                  Generation},
  booktitle    = {58th {ACM/IEEE} Design Automation Conference, {DAC} 2021, San Francisco,
                  CA, USA, December 5-9, 2021},
  pages        = {169--174},
  publisher    = {{IEEE}},
  year         = {2021},
  url          = {https://doi.org/10.1109/DAC18074.2021.9586227},
  doi          = {10.1109/DAC18074.2021.9586227},
  timestamp    = {Wed, 03 May 2023 17:06:11 +0200},
  biburl       = {https://dblp.org/rec/conf/dac/ZhangYY21.bib},
  bibsource    = {dblp computer science bibliography, https://dblp.org}
}



@inproceedings{Zhang2019,
  author       = {Tianyi Zhang and
                  Varsha Kishore and
                  Felix Wu and
                  Kilian Q. Weinberger and
                  Yoav Artzi},
  title        = {BERTScore: Evaluating Text Generation with {BERT}},
  booktitle    = {8th International Conference on Learning Representations, {ICLR} 2020,
                  Addis Ababa, Ethiopia, April 26-30, 2020},
  publisher    = {OpenReview.net},
  year         = {2020},
  url          = {https://openreview.net/forum?id=SkeHuCVFDr},
  timestamp    = {Wed, 03 Jun 2020 10:08:32 +0200},
  biburl       = {https://dblp.org/rec/conf/iclr/ZhangKWWA20.bib},
  bibsource    = {dblp computer science bibliography, https://dblp.org}
}



@inproceedings{multitaskLearningEHR,
  author       = {Seokwon Shin and
                  Hyungrok Do and
                  Youngdoo Son},
  editor       = {Ales Leonardis and
                  Elisa Ricci and
                  Stefan Roth and
                  Olga Russakovsky and
                  Torsten Sattler and
                  G{\"{u}}l Varol},
  title        = {Learning Representation for Multitask Learning Through Self-supervised
                  Auxiliary Learning},
  booktitle    = {Computer Vision - {ECCV} 2024 - 18th European Conference, Milan, Italy,
                  September 29-October 4, 2024, Proceedings, Part {LXXX}},
  series       = {Lecture Notes in Computer Science},
  volume       = {15138},
  pages        = {241--258},
  publisher    = {Springer},
  year         = {2024},
  url          = {https://doi.org/10.1007/978-3-031-72989-8\_14},
  doi          = {10.1007/978-3-031-72989-8\_14},
  timestamp    = {Sat, 30 Nov 2024 21:09:52 +0100},
  biburl       = {https://dblp.org/rec/conf/eccv/ShinDS24.bib},
  bibsource    = {dblp computer science bibliography, https://dblp.org}
}



@article{CITE-IE-EMPIRICAL-LLM,
  title={An Empirical Study on Information Extraction using Large Language Models},
  author={Han, Ridong and Yang, Chaohao and Peng, Tao and Tiwari, Prayag and Wan, Xiang and Liu, Lu and Wang, Benyou},
  journal={arXiv preprint arXiv:2305.14450},
  year={2023}
}




@article{CITE-IE-AUGMENTED-AI,
  author       = {Aditya Parikh},
  title        = {Information Extraction from Unstructured data using Augmented-AI and
                  Computer Vision},
  journal      = {CoRR},
  volume       = {abs/2312.09880},
  year         = {2023},
  url          = {https://doi.org/10.48550/arXiv.2312.09880},
  doi          = {10.48550/ARXIV.2312.09880},
  eprinttype    = {arXiv},
  eprint       = {2312.09880},
  timestamp    = {Tue, 09 Jan 2024 12:22:59 +0100},
  biburl       = {https://dblp.org/rec/journals/corr/abs-2312-09880.bib},
  bibsource    = {dblp computer science bibliography, https://dblp.org}
}



@article{CITE-IE-RESEARCHGATE,
  author       = {Kiran Adnan and
                  Rehan Akbar},
  title        = {An analytical study of information extraction from unstructured and
                  multidimensional big data},
  journal      = {J. Big Data},
  volume       = {6},
  pages        = {91},
  year         = {2019},
  url          = {https://doi.org/10.1186/s40537-019-0254-8},
  doi          = {10.1186/S40537-019-0254-8},
  timestamp    = {Sun, 19 Jan 2025 14:20:51 +0100},
  biburl       = {https://dblp.org/rec/journals/jbd/AdnanA19.bib},
  bibsource    = {dblp computer science bibliography, https://dblp.org}
}



@phdthesis{CITE-IE-BOOK-NOW,
  author       = {Antoine Neuraz},
  title        = {Compr{\'{e}}hension du langage naturel pour le dossier patient informatis{\'{e}}
                  : acc{\`{e}}s {\`{a}} l'information et extraction d'information. (Natural
                  language understanding for the electronic health records : access
                  to information and information extraction)},
  school       = {Paris Cit{\'{e}} University, France},
  year         = {2020},
  url          = {https://tel.archives-ouvertes.fr/tel-04210975},
  timestamp    = {Sun, 29 Oct 2023 10:10:04 +0100},
  biburl       = {https://dblp.org/rec/phd/hal/Neuraz20.bib},
  bibsource    = {dblp computer science bibliography, https://dblp.org}
}



@inproceedings{Mistral7B,
  author       = {Marco Siino},
  editor       = {Atul Kr. Ojha and
                  A. Seza Dogru{\"{o}}z and
                  Harish Tayyar Madabushi and
                  Giovanni Da San Martino and
                  Sara Rosenthal and
                  Aiala Ros{\'{a}}},
  title        = {Mistral at SemEval-2024 Task 5: Mistral 7B for argument reasoning
                  in Civil Procedure},
  booktitle    = {Proceedings of the 18th International Workshop on Semantic Evaluation,
                  SemEval@NAACL 2024, Mexico City, Mexico, June 20-21, 2024},
  pages        = {155--162},
  publisher    = {Association for Computational Linguistics},
  year         = {2024},
  url          = {https://doi.org/10.18653/v1/2024.semeval-1.24},
  doi          = {10.18653/V1/2024.SEMEVAL-1.24},
  timestamp    = {Thu, 12 Sep 2024 13:29:32 +0200},
  biburl       = {https://dblp.org/rec/conf/semeval/Siino24c.bib},
  bibsource    = {dblp computer science bibliography, https://dblp.org}
}



@inproceedings{Hu2021,
  author       = {Yuhui Xu and
                  Lingxi Xie and
                  Xiaotao Gu and
                  Xin Chen and
                  Heng Chang and
                  Hengheng Zhang and
                  Zhengsu Chen and
                  Xiaopeng Zhang and
                  Qi Tian},
  title        = {QA-LoRA: Quantization-Aware Low-Rank Adaptation of Large Language
                  Models},
  booktitle    = {The Twelfth International Conference on Learning Representations,
                  {ICLR} 2024, Vienna, Austria, May 7-11, 2024},
  publisher    = {OpenReview.net},
  year         = {2024},
  url          = {https://openreview.net/forum?id=WvFoJccpo8},
  timestamp    = {Fri, 23 Aug 2024 13:54:08 +0200},
  biburl       = {https://dblp.org/rec/conf/iclr/XuXG0CZC0024.bib},
  bibsource    = {dblp computer science bibliography, https://dblp.org}
}



@article{Bubeck2023,
  author       = {S{\'{e}}bastien Bubeck and
                  Varun Chandrasekaran and
                  Ronen Eldan and
                  Johannes Gehrke and
                  Eric Horvitz and
                  Ece Kamar and
                  Peter Lee and
                  Yin Tat Lee and
                  Yuanzhi Li and
                  Scott M. Lundberg and
                  Harsha Nori and
                  Hamid Palangi and
                  Marco T{\'{u}}lio Ribeiro and
                  Yi Zhang},
  title        = {Sparks of Artificial General Intelligence: Early experiments with
                  {GPT-4}},
  journal      = {CoRR},
  volume       = {abs/2303.12712},
  year         = {2023},
  url          = {https://doi.org/10.48550/arXiv.2303.12712},
  doi          = {10.48550/ARXIV.2303.12712},
  eprinttype    = {arXiv},
  eprint       = {2303.12712},
  timestamp    = {Mon, 28 Aug 2023 21:26:19 +0200},
  biburl       = {https://dblp.org/rec/journals/corr/abs-2303-12712.bib},
  bibsource    = {dblp computer science bibliography, https://dblp.org}
}



@inproceedings{TransformerWithoutPE,
  author       = {Adi Haviv and
                  Ori Ram and
                  Ofir Press and
                  Peter Izsak and
                  Omer Levy},
  editor       = {Yoav Goldberg and
                  Zornitsa Kozareva and
                  Yue Zhang},
  title        = {Transformer Language Models without Positional Encodings Still Learn
                  Positional Information},
  booktitle    = {Findings of the Association for Computational Linguistics: {EMNLP}
                  2022, Abu Dhabi, United Arab Emirates, December 7-11, 2022},
  pages        = {1382--1390},
  publisher    = {Association for Computational Linguistics},
  year         = {2022},
  url          = {https://doi.org/10.18653/v1/2022.findings-emnlp.99},
  doi          = {10.18653/V1/2022.FINDINGS-EMNLP.99},
  timestamp    = {Thu, 10 Aug 2023 12:35:26 +0200},
  biburl       = {https://dblp.org/rec/conf/emnlp/HavivRPIL22.bib},
  bibsource    = {dblp computer science bibliography, https://dblp.org}
}

@article{Wong2019,
  title={Suicide prevention using self-guided digital interventions: a systematic review and meta-analysis of randomised controlled trials},
  author={Torok, Michelle and Han, Jin and Baker, Simon and Werner-Seidler, Aliza and Wong, Iana and Larsen, Mark E and Christensen, Helen},
  journal={The Lancet Digital Health},
  volume={2},
  number={1},
  pages={e25--e36},
  year={2020},
  publisher={Elsevier}
}

@inproceedings{CLPsych2019,
  title={CLPsych 2019 shared task: Predicting the degree of suicide risk in Reddit posts},
  author={Zirikly, Ayah and Resnik, Philip and Uzuner, Ozlem and Hollingshead, Kristy},
  booktitle={Proceedings of the sixth workshop on computational linguistics and clinical psychology},
  pages={24--33},
  year={2019}
}

@inproceedings{CLPsych2024,
  title={Overview of the clpsych 2024 shared task: Leveraging large language models to identify evidence of suicidality risk in online posts},
  author={Chim, Jenny and Tsakalidis, Adam and Gkoumas, Dimitris and Atzil-Slonim, Dana and Ophir, Yaakov and Zirikly, Ayah and Resnik, Philip and Liakata, Maria},
  booktitle={Proceedings of the 9th Workshop on Computational Linguistics and Clinical Psychology (CLPsych 2024)},
  pages={177--190},
  year={2024}
}

@article{systematicReviewLLM,
  title={Evaluating of BERT-based and Large Language Mod for Suicide Detection, Prevention, and Risk Assessment: A Systematic Review},
  author={Levkovich, Inbar and Omar, Mahmud},
  journal={Journal of Medical Systems},
  volume={48},
  number={1},
  pages={113},
  year={2024},
  publisher={Springer}
}

@article{scopingReviewLLM,
  title={Applications of Large Language Models in the Field of Suicide Prevention: Scoping Review},
  author={Holmes, Glenn and Tang, Biya and Gupta, Sunil and Venkatesh, Svetha and Christensen, Helen and Whitton, Alexis},
  journal={Journal of Medical Internet Research},
  volume={27},
  pages={e63126},
  year={2025},
  publisher={JMIR Publications Toronto, Canada}
}

@article{MedCheckLLM,
  title={Large language model-driven evaluation of medical records using MedCheckLLM},
  author={Schubert, Marc Cicero and Wick, Wolfgang and Venkataramani, Varun},
  journal={medRxiv},
  pages={2023--11},
  year={2023},
  publisher={Cold Spring Harbor Laboratory Press}
}

@article{multimodalLLVM,
  title={Social media images can predict suicide risk using interpretable large language-vision models},
  author={Badian, Yael and Ophir, Yaakov and Tikochinski, Refael and Calderon, Nitay and Klomek, Anat Brunstein and Fruchter, Eyal and Reichart, Roi},
  journal={The Journal of Clinical Psychiatry},
  volume={85},
  number={1},
  pages={50516},
  year={2023},
  publisher={Physicians Postgraduate Press, Inc.}
}

@article{AdaptingLM,
  title={Domain-specific language models and lexicons for tagging},
  author={Coden, Anni R and Pakhomov, Serguei V and Ando, Rie K and Duffy, Patrick H and Chute, Christopher G},
  journal={Journal of biomedical informatics},
  volume={38},
  number={6},
  pages={422--430},
  year={2005},
  publisher={Elsevier}
}




@inproceedings{
zhou2025weak,
title={Weak to Strong Generalization for Large Language Models with Multi-capabilities},
author={Yucheng Zhou and Jianbing Shen and Yu Cheng},
booktitle={The Thirteenth International Conference on Learning Representations},
year={2025},
url={https://openreview.net/forum?id=N1vYivuSKq}
}
@article{zhou2025training,
  title={Training Medical Large Vision-Language Models with Abnormal-Aware Feedback},
  author={Zhou, Yucheng and Song, Lingran and Shen, Jianbing},
  journal={arXiv preprint arXiv:2501.01377},
  year={2025}
}
@article{wang2024diffusion,
  title={Diffusion Model with Representation Alignment for Protein Inverse Folding},
  author={Wang, Chenglin and Zhou, Yucheng and Zhai, Zijie and Shen, Jianbing and Zhang, Kai},
  journal={arXiv preprint arXiv:2412.09380},
  year={2024}
}
@misc{zhou2024less,
  title={Less Is More: Vision Representation Compression for Efficient Video Generation with Large Language Models},
  author={Zhou, Yucheng and Zhang, Jihai and Chen, Guanjie and Shen, Jianbing and Cheng, Yu},
  year={2024},
  publisher={OpenReview}
}
@article{zhou2024rethinking,   
    title={Rethinking Visual Dependency in Long-Context Reasoning for Large Vision-Language Models},   
    author={Zhou, Yucheng and Rao, Zhi and Wan, Jun and Shen, Jianbing},   
    journal={arXiv preprint arXiv:2410.19732},   
    year={2024} 
}
@inproceedings{zhou2024visual,
  author       = {Yucheng Zhou and
                  Xiang Li and
                  Qianning Wang and
                  Jianbing Shen},
  title        = {Visual In-Context Learning for Large Vision-Language Models},
  booktitle    = {Findings of the Association for Computational Linguistics, {ACL} 2024,
                  Bangkok, Thailand and virtual meeting, August 11-16, 2024},
  pages        = {15890--15902},
  publisher    = {Association for Computational Linguistics},
  year         = {2024},
}
@inproceedings{zhou2023multimodal,
  title={Multimodal Event Transformer for Image-guided Story Ending Generation},
  author={Zhou, Yucheng and Long, Guodong},
  booktitle={Proceedings of the 17th Conference of the European Chapter of the Association for Computational Linguistics},
  pages={3434--3444},
  year={2023}
}