@misc{DFDC2020,
  title={The DeepFake Detection Challenge Dataset},
  author={Dolhansky, Brian and Bitton, Joanna and Pflaum, Ben and Lu, Jikuo and Howes, Russ and Wang, Menglin and Canton Ferrer, Cristian},
  year={2020},
  eprint={2006.07397},
  archivePrefix={arXiv},
  primaryClass={cs.CV}
}

@inproceedings{chollet2017xception,
  title={Xception: Deep learning with depthwise separable convolutions},
  author={Chollet, Fran{\c{c}}ois},
  booktitle={Proceedings of the IEEE conference on computer vision and pattern recognition},
  pages={1251--1258},
  year={2017}
}

@misc{deepfake-detection-challenge,
    author = {benpflaum and Brian G and djdj and Irina Kofman and JE Tester and JLElliott and Joshua Metherd and Julia Elliott and Mozaic and Phil Culliton and Sohier Dane and Woo Kim},
    title = {Deepfake Detection Challenge},
    year = {2019},
    howpublished = {\url{https://kaggle.com/competitions/deepfake-detection-challenge}},
    note = {Kaggle}
}

@inproceedings{li2018exposing,
  title={Exposing deepfake videos by detecting face warping artif acts},
  author={Li, Y},
  booktitle={arXiv preprint arXiv:1811.00656},
  year={2018}
}

@inproceedings{li2020celeb,
  title={Celeb-df: A large-scale challenging dataset for deepfake forensics},
  author={Li, Yuezun and Yang, Xin and Sun, Pu and Qi, Honggang and Lyu, Siwei},
  booktitle={Proceedings of the IEEE/CVF conference on computer vision and pattern recognition},
  pages={3207--3216},
  year={2020}
}

@inproceedings{li2020face,
  title={Face x-ray for more general face forgery detection},
  author={Li, Lingzhi and Bao, Jianmin and Zhang, Ting and Yang, Hao and Chen, Dong and Wen, Fang and Guo, Baining},
  booktitle={Proceedings of the IEEE/CVF conference on computer vision and pattern recognition},
  pages={5001--5010},
  year={2020}
}

@inproceedings{li2023continual,
  title={A continual deepfake detection benchmark: Dataset, methods, and essentials},
  author={Li, Chuqiao and Huang, Zhiwu and Paudel, Danda Pani and Wang, Yabin and Shahbazi, Mohamad and Hong, Xiaopeng and Van Gool, Luc},
  booktitle={Proceedings of the IEEE/CVF Winter Conference on Applications of Computer Vision},
  pages={1339--1349},
  year={2023}
}

@inproceedings{libourel2024case,
  title={A Case Study on How Beautification Filters Can Fool Deepfake Detectors},
  author={Libourel, Alexandre and Husseini, Sahar and Mirabet-Herranz, Nelida and Dugelay, Jean-Luc},
  booktitle={IWBF 2024, 12th IEEE International Workshop on Biometrics and Forensics},
  year={2024}
}

@inproceedings{liu2021spatial,
  title={Spatial-phase shallow learning: rethinking face forgery detection in frequency domain},
  author={Liu, Honggu and Li, Xiaodan and Zhou, Wenbo and Chen, Yuefeng and He, Yuan and Xue, Hui and Zhang, Weiming and Yu, Nenghai},
  booktitle={Proceedings of the IEEE/CVF conference on computer vision and pattern recognition},
  pages={772--781},
  year={2021}
}

@inproceedings{nguyen2024laa,
  title={LAA-Net: Localized Artifact Attention Network for Quality-Agnostic and Generalizable Deepfake Detection},
  author={Nguyen, Dat and Mejri, Nesryne and Singh, Inder Pal and Kuleshova, Polina and Astrid, Marcella and Kacem, Anis and Ghorbel, Enjie and Aouada, Djamila},
  booktitle={Proceedings of the IEEE/CVF Conference on Computer Vision and Pattern Recognition},
  pages={17395--17405},
  year={2024}
}

@inproceedings{rossler2019faceforensics++,
  title={Faceforensics++: Learning to detect manipulated facial images},
  author={Rossler, Andreas and Cozzolino, Davide and Verdoliva, Luisa and Riess, Christian and Thies, Justus and Nie{\ss}ner, Matthias},
  booktitle={Proceedings of the IEEE/CVF international conference on computer vision},
  pages={1--11},
  year={2019}
}

@inproceedings{shiohara2022detecting,
  title={Detecting deepfakes with self-blended images},
  author={Shiohara, Kaede and Yamasaki, Toshihiko},
  booktitle={Proceedings of the IEEE/CVF Conference on Computer Vision and Pattern Recognition},
  pages={18720--18729},
  year={2022}
}

@inproceedings{tan2019efficientnet,
  title={Efficientnet: Rethinking model scaling for convolutional neural networks},
  author={Tan, Mingxing and Le, Quoc},
  booktitle={International conference on machine learning},
  pages={6105--6114},
  year={2019},
  organization={PMLR}
}

@inproceedings{tan2024rethinking,
  title={Rethinking the up-sampling operations in cnn-based generative network for generalizable deepfake detection},
  author={Tan, Chuangchuang and Zhao, Yao and Wei, Shikui and Gu, Guanghua and Liu, Ping and Wei, Yunchao},
  booktitle={Proceedings of the IEEE/CVF Conference on Computer Vision and Pattern Recognition},
  pages={28130--28139},
  year={2024}
}

@article{yan2023deepfakebench,
  title={Deepfakebench: A comprehensive benchmark of deepfake detection},
  author={Yan, Zhiyuan and Zhang, Yong and Yuan, Xinhang and Lyu, Siwei and Wu, Baoyuan},
  journal={arXiv preprint arXiv:2307.01426},
  year={2023}
}

@article{zhou2022towards,
  title={Towards robust blind face restoration with codebook lookup transformer},
  author={Zhou, Shangchen and Chan, Kelvin and Li, Chongyi and Loy, Chen Change},
  journal={Advances in Neural Information Processing Systems},
  volume={35},
  pages={30599--30611},
  year={2022}
}

