"@inproceedings{chai2020makes,
  title={What makes fake images detectable? understanding properties that generalize},
  author={Chai, Lucy and Bau, David and Lim, Ser-Nam and Isola, Phillip},
  booktitle={Computer Vision--ECCV 2020: 16th European Conference, Glasgow, UK, August 23--28, 2020, Proceedings, Part XXVI 16},
  pages={103--120},
  year={2020},
  organization={Springer}
}"
"@inproceedings{nguyen2024laa,
  title={LAA-Net: Localized Artifact Attention Network for Quality-Agnostic and Generalizable Deepfake Detection},
  author={Nguyen, Dat and Mejri, Nesryne and Singh, Inder Pal and Kuleshova, Polina and Astrid, Marcella and Kacem, Anis and Ghorbel, Enjie and Aouada, Djamila},
  booktitle={Proceedings of the IEEE/CVF Conference on Computer Vision and Pattern Recognition},
  pages={17395--17405},
  year={2024}
}"
"@inproceedings{ojha2023towards,
  title={Towards universal fake image detectors that generalize across generative models},
  author={Ojha, Utkarsh and Li, Yuheng and Lee, Yong Jae},
  booktitle={Proceedings of the IEEE/CVF Conference on Computer Vision and Pattern Recognition},
  pages={24480--24489},
  year={2023}
}"
"@inproceedings{tan2024rethinking,
  title={Rethinking the up-sampling operations in cnn-based generative network for generalizable deepfake detection},
  author={Tan, Chuangchuang and Zhao, Yao and Wei, Shikui and Gu, Guanghua and Liu, Ping and Wei, Yunchao},
  booktitle={Proceedings of the IEEE/CVF Conference on Computer Vision and Pattern Recognition},
  pages={28130--28139},
  year={2024}
}"
"@inproceedings{zhou2023instance,
  title={Instance-aware domain generalization for face anti-spoofing},
  author={Zhou, Qianyu and Zhang, Ke-Yue and Yao, Taiping and Lu, Xuequan and Yi, Ran and Ding, Shouhong and Ma, Lizhuang},
  booktitle={Proceedings of the IEEE/CVF Conference on Computer Vision and Pattern Recognition},
  pages={20453--20463},
  year={2023}
}"
"@inproceedings{dong2022protecting,
  title={Protecting celebrities from deepfake with identity consistency transformer},
  author={Dong, Xiaoyi and Bao, Jianmin and Chen, Dongdong and Zhang, Ting and Zhang, Weiming and Yu, Nenghai and Chen, Dong and Wen, Fang and Guo, Baining},
  booktitle={Proceedings of the IEEE/CVF Conference on Computer Vision and Pattern Recognition},
  pages={9468--9478},
  year={2022}
}"
@article{westerlund2019emergence,
  title={The emergence of deepfake technology: A review},
  author={Westerlund, Mika},
  journal={Technology innovation management review},
  volume={9},
  number={11},
  year={2019}
}
@article{pantserev2020malicious,
  title={The malicious use of AI-based deepfake technology as the new threat to psychological security and political stability},
  author={Pantserev, Konstantin A},
  journal={Cyber defence in the age of AI, smart societies and augmented humanity},
  pages={37--55},
  year={2020},
  publisher={Springer}
}

@article{karasavva2021real,
  title={The real threat of deepfake pornography: A review of Canadian policy},
  author={Karasavva, Vasileia and Noorbhai, Aalia},
  journal={Cyberpsychology, Behavior, and Social Networking},
  volume={24},
  number={3},
  pages={203--209},
  year={2021},
  publisher={Mary Ann Liebert, Inc., publishers 140 Huguenot Street, 3rd Floor New~â€¦}
}

"@inproceedings{shiohara2022detecting,
  title={Detecting deepfakes with self-blended images},
  author={Shiohara, Kaede and Yamasaki, Toshihiko},
  booktitle={Proceedings of the IEEE/CVF Conference on Computer Vision and Pattern Recognition},
  pages={18720--18729},
  year={2022}
}"
@inproceedings{zhou2022codeformer,
    author = {Zhou, Shangchen and Chan, Kelvin C.K. and Li, Chongyi and Loy, Chen Change},
    title = {Towards Robust Blind Face Restoration with Codebook Lookup TransFormer},
    booktitle = {NeurIPS},
    year = {2022}
}
@InProceedings{wang2021gfpgan,
    author = {Xintao Wang and Yu Li and Honglun Zhang and Ying Shan},
    title = {Towards Real-World Blind Face Restoration with Generative Facial Prior},
    booktitle={The IEEE Conference on Computer Vision and Pattern Recognition (CVPR)},
    year = {2021}
}
"@inproceedings{dong2023implicit,
  title={Implicit identity leakage: The stumbling block to improving deepfake detection generalization},
  author={Dong, Shichao and Wang, Jin and Ji, Renhe and Liang, Jiajun and Fan, Haoqiang and Ge, Zheng},
  booktitle={Proceedings of the IEEE/CVF Conference on Computer Vision and Pattern Recognition},
  pages={3994--4004},
  year={2023}
}"
"@inproceedings{chen2022self,
  title={Self-supervised learning of adversarial example: Towards good generalizations for deepfake detection},
  author={Chen, Liang and Zhang, Yong and Song, Yibing and Liu, Lingqiao and Wang, Jue},
  booktitle={Proceedings of the IEEE/CVF conference on computer vision and pattern recognition},
  pages={18710--18719},
  year={2022}
}"
"@inproceedings{sun2021improving,
  title={Improving the efficiency and robustness of deepfakes detection through precise geometric features},
  author={Sun, Zekun and Han, Yujie and Hua, Zeyu and Ruan, Na and Jia, Weijia},
  booktitle={Proceedings of the IEEE/CVF Conference on Computer Vision and Pattern Recognition},
  pages={3609--3618},
  year={2021}
}"
"@inproceedings{shamshad2023evading,
  title={Evading Forensic Classifiers with Attribute-Conditioned Adversarial Faces},
  author={Shamshad, Fahad and Srivatsan, Koushik and Nandakumar, Karthik},
  booktitle={Proceedings of the IEEE/CVF Conference on Computer Vision and Pattern Recognition},
  pages={16469--16478},
  year={2023}
}"
"@inproceedings{sun2023rethinking,
  title={Rethinking domain generalization for face anti-spoofing: Separability and alignment},
  author={Sun, Yiyou and Liu, Yaojie and Liu, Xiaoming and Li, Yixuan and Chu, Wen-Sheng},
  booktitle={Proceedings of the IEEE/CVF conference on computer vision and pattern recognition},
  pages={24563--24574},
  year={2023}
}"
"@inproceedings{guillaro2023trufor,
  title={Trufor: Leveraging all-round clues for trustworthy image forgery detection and localization},
  author={Guillaro, Fabrizio and Cozzolino, Davide and Sud, Avneesh and Dufour, Nicholas and Verdoliva, Luisa},
  booktitle={Proceedings of the IEEE/CVF conference on computer vision and pattern recognition},
  pages={20606--20615},
  year={2023}
}"

"@inproceedings{wang2021representative,
  title={Representative forgery mining for fake face detection},
  author={Wang, Chengrui and Deng, Weihong},
  booktitle={Proceedings of the IEEE/CVF conference on computer vision and pattern recognition},
  pages={14923--14932},
  year={2021}
}"
"@inproceedings{guo2023hierarchical,
  title={Hierarchical fine-grained image forgery detection and localization},
  author={Guo, Xiao and Liu, Xiaohong and Ren, Zhiyuan and Grosz, Steven and Masi, Iacopo and Liu, Xiaoming},
  booktitle={Proceedings of the IEEE/CVF Conference on Computer Vision and Pattern Recognition},
  pages={3155--3165},
  year={2023}
}"
"@inproceedings{tan2023learning,
  title={Learning on gradients: Generalized artifacts representation for gan-generated images detection},
  author={Tan, Chuangchuang and Zhao, Yao and Wei, Shikui and Gu, Guanghua and Wei, Yunchao},
  booktitle={Proceedings of the IEEE/CVF Conference on Computer Vision and Pattern Recognition},
  pages={12105--12114},
  year={2023}
}"
"@inproceedings{qian2020thinking,
  title={Thinking in frequency: Face forgery detection by mining frequency-aware clues},
  author={Qian, Yuyang and Yin, Guojun and Sheng, Lu and Chen, Zixuan and Shao, Jing},
  booktitle={European conference on computer vision},
  pages={86--103},
  year={2020},
  organization={Springer}
}"



"@inproceedings{li2018exposing,
  title={Exposing deepfake videos by detecting face warping artif acts},
  author={Li, Y},
  booktitle={arXiv preprint arXiv:1811.00656},
  year={2018}
}"
"@inproceedings{nguyen2019capsule,
  title={Capsule-forensics: Using capsule networks to detect forged images and videos},
  author={Nguyen, Huy H and Yamagishi, Junichi and Echizen, Isao},
  booktitle={ICASSP 2019-2019 IEEE international conference on acoustics, speech and signal processing (ICASSP)},
  pages={2307--2311},
  year={2019},
  organization={IEEE}
}"
"@inproceedings{luo2021generalizing,
  title={Generalizing face forgery detection with high-frequency features},
  author={Luo, Yuchen and Zhang, Yong and Yan, Junchi and Liu, Wei},
  booktitle={Proceedings of the IEEE/CVF conference on computer vision and pattern recognition},
  pages={16317--16326},
  year={2021}
}"
"@inproceedings{liu2021spatial,
  title={Spatial-phase shallow learning: rethinking face forgery detection in frequency domain},
  author={Liu, Honggu and Li, Xiaodan and Zhou, Wenbo and Chen, Yuefeng and He, Yuan and Xue, Hui and Zhang, Weiming and Yu, Nenghai},
  booktitle={Proceedings of the IEEE/CVF conference on computer vision and pattern recognition},
  pages={772--781},
  year={2021}
}"
"@inproceedings{dang2020detection,
  title={On the detection of digital face manipulation},
  author={Dang, Hao and Liu, Feng and Stehouwer, Joel and Liu, Xiaoming and Jain, Anil K},
  booktitle={Proceedings of the IEEE/CVF Conference on Computer Vision and Pattern recognition},
  pages={5781--5790},
  year={2020}
}"
"@inproceedings{li2020face,
  title={Face x-ray for more general face forgery detection},
  author={Li, Lingzhi and Bao, Jianmin and Zhang, Ting and Yang, Hao and Chen, Dong and Wen, Fang and Guo, Baining},
  booktitle={Proceedings of the IEEE/CVF conference on computer vision and pattern recognition},
  pages={5001--5010},
  year={2020}
}"
"@inproceedings{cao2022end,
  title={End-to-end reconstruction-classification learning for face forgery detection},
  author={Cao, Junyi and Ma, Chao and Yao, Taiping and Chen, Shen and Ding, Shouhong and Yang, Xiaokang},
  booktitle={Proceedings of the IEEE/CVF Conference on Computer Vision and Pattern Recognition},
  pages={4113--4122},
  year={2022}
}"
"@inproceedings{ni2022core,
  title={Core: Consistent representation learning for face forgery detection},
  author={Ni, Yunsheng and Meng, Depu and Yu, Changqian and Quan, Chengbin and Ren, Dongchun and Zhao, Youjian},
  booktitle={Proceedings of the IEEE/CVF conference on computer vision and pattern recognition},
  pages={12--21},
  year={2022}
}"
"@inproceedings{yan2023ucf,
  title={Ucf: Uncovering common features for generalizable deepfake detection},
  author={Yan, Zhiyuan and Zhang, Yong and Fan, Yanbo and Wu, Baoyuan},
  booktitle={Proceedings of the IEEE/CVF International Conference on Computer Vision},
  pages={22412--22423},
  year={2023}
}"
@inproceedings{libourel2024case,
  title={A Case Study on How Beautification Filters Can Fool Deepfake Detectors},
  author={Libourel, Alexandre and Husseini, Sahar and Mirabet-Herranz, Nelida and Dugelay, Jean-Luc},
  booktitle={IWBF 2024, 12th IEEE International Workshop on Biometrics and Forensics},
  year={2024}
}
@inproceedings{rossler2019faceforensics++,
  title={Faceforensics++: Learning to detect manipulated facial images},
  author={Rossler, Andreas and Cozzolino, Davide and Verdoliva, Luisa and Riess, Christian and Thies, Justus and Nie{\ss}ner, Matthias},
  booktitle={Proceedings of the IEEE/CVF international conference on computer vision},
  pages={1--11},
  year={2019}
}
@inproceedings{li2020celeb,
  title={Celeb-df: A large-scale challenging dataset for deepfake forensics},
  author={Li, Yuezun and Yang, Xin and Sun, Pu and Qi, Honggang and Lyu, Siwei},
  booktitle={Proceedings of the IEEE/CVF conference on computer vision and pattern recognition},
  pages={3207--3216},
  year={2020}
}

@misc{DFDC2020,
  title={The DeepFake Detection Challenge Dataset},
  author={Dolhansky, Brian and Bitton, Joanna and Pflaum, Ben and Lu, Jikuo and Howes, Russ and Wang, Menglin and Canton Ferrer, Cristian},
  year={2020},
  eprint={2006.07397},
  archivePrefix={arXiv},
  primaryClass={cs.CV}
}

@article{ren2020benchmarking,
  title={Benchmarking deep inverse models over time, and the neural-adjoint method},
  author={Ren, Simiao and Padilla, Willie and Malof, Jordan},
  journal={Advances in Neural Information Processing Systems},
  volume={33},
  pages={38--48},
  year={2020}
}
@article{ren2022automated,
  title={Automated extraction of energy systems information from remotely sensed data: A review and analysis},
  author={Ren, Simiao and Hu, Wayne and Bradbury, Kyle and Harrison-Atlas, Dylan and Valeri, Laura Malaguzzi and Murray, Brian and Malof, Jordan M},
  journal={Applied Energy},
  volume={326},
  pages={119876},
  year={2022},
  publisher={Elsevier}
}
@inproceedings{ren2024segment,
  title={Segment anything, from space?},
  author={Ren, Simiao and Luzi, Francesco and Lahrichi, Saad and Kassaw, Kaleb and Collins, Leslie M and Bradbury, Kyle and Malof, Jordan M},
  booktitle={Proceedings of the IEEE/CVF Winter Conference on Applications of Computer Vision},
  pages={8355--8365},
  year={2024}
}
@inproceedings{mandal2020acoustic,
  title={Acoustic detection of drones through real-time audio attribute prediction},
  author={Mandal, Sayan and Chen, Lei and Alaparthy, Vishwa and Cummings, Mary L},
  booktitle={AIAA Scitech 2020 Forum},
  pages={0491},
  year={2020}
}
@misc{deepfake-detection-challenge,
    author = {benpflaum and Brian G and djdj and Irina Kofman and JE Tester and JLElliott and Joshua Metherd and Julia Elliott and Mozaic and Phil Culliton and Sohier Dane and Woo Kim},
    title = {Deepfake Detection Challenge},
    year = {2019},
    howpublished = {\url{https://kaggle.com/competitions/deepfake-detection-challenge}},
    note = {Kaggle}
}

@article{yan2023deepfakebench,
  title={Deepfakebench: A comprehensive benchmark of deepfake detection},
  author={Yan, Zhiyuan and Zhang, Yong and Yuan, Xinhang and Lyu, Siwei and Wu, Baoyuan},
  journal={arXiv preprint arXiv:2307.01426},
  year={2023}
}

@inproceedings{li2023continual,
  title={A continual deepfake detection benchmark: Dataset, methods, and essentials},
  author={Li, Chuqiao and Huang, Zhiwu and Paudel, Danda Pani and Wang, Yabin and Shahbazi, Mohamad and Hong, Xiaopeng and Van Gool, Luc},
  booktitle={Proceedings of the IEEE/CVF Winter Conference on Applications of Computer Vision},
  pages={1339--1349},
  year={2023}
}
@inproceedings{chollet2017xception,
  title={Xception: Deep learning with depthwise separable convolutions},
  author={Chollet, Fran{\c{c}}ois},
  booktitle={Proceedings of the IEEE conference on computer vision and pattern recognition},
  pages={1251--1258},
  year={2017}
}

@inproceedings{tan2019efficientnet,
  title={Efficientnet: Rethinking model scaling for convolutional neural networks},
  author={Tan, Mingxing and Le, Quoc},
  booktitle={International conference on machine learning},
  pages={6105--6114},
  year={2019},
  organization={PMLR}
}

@article{zhou2022towards,
  title={Towards robust blind face restoration with codebook lookup transformer},
  author={Zhou, Shangchen and Chan, Kelvin and Li, Chongyi and Loy, Chen Change},
  journal={Advances in Neural Information Processing Systems},
  volume={35},
  pages={30599--30611},
  year={2022}
}
