@article{gao2023magicdrive,
  title={Magicdrive: Street view generation with diverse 3d geometry control},
  author={Gao, Ruiyuan and Chen, Kai and Xie, Enze and Hong, Lanqing and Li, Zhenguo and Yeung, Dit-Yan and Xu, Qiang},
  journal={arXiv preprint arXiv:2310.02601},
  year={2023}
}

@article{ha2018world,
  title={World models},
  author={Ha, David and Schmidhuber, J{\"u}rgen},
  journal={arXiv preprint arXiv:1803.10122},
  year={2018}
}

@article{hu2023gaia,
  title={Gaia-1: A generative world model for autonomous driving},
  author={Hu, Anthony and Russell, Lloyd and Yeo, Hudson and Murez, Zak and Fedoseev, George and Kendall, Alex and Shotton, Jamie and Corrado, Gianluca},
  journal={arXiv preprint arXiv:2309.17080},
  year={2023}
}

@inproceedings{huang2024selfocc,
  title={Selfocc: Self-supervised vision-based 3d occupancy prediction},
  author={Huang, Yuanhui and Zheng, Wenzhao and Zhang, Borui and Zhou, Jie and Lu, Jiwen},
  booktitle={Proceedings of the IEEE/CVF Conference on Computer Vision and Pattern Recognition},
  pages={19946--19956},
  year={2024}
}

@inproceedings{khurana2022differentiable,
  title={Differentiable raycasting for self-supervised occupancy forecasting},
  author={Khurana, Tarasha and Hu, Peiyun and Dave, Achal and Ziglar, Jason and Held, David and Ramanan, Deva},
  booktitle={European Conference on Computer Vision},
  pages={353--369},
  year={2022},
  organization={Springer}
}

@inproceedings{khurana2023point,
  title={Point cloud forecasting as a proxy for 4d occupancy forecasting},
  author={Khurana, Tarasha and Hu, Peiyun and Held, David and Ramanan, Deva},
  booktitle={Proceedings of the IEEE/CVF Conference on Computer Vision and Pattern Recognition},
  pages={1116--1124},
  year={2023}
}

@article{liu2023fully,
  title={Fully sparse 3d panoptic occupancy prediction},
  author={Liu, Haisong and Wang, Haiguang and Chen, Yang and Yang, Zetong and Zeng, Jia and Chen, Li and Wang, Limin},
  journal={arXiv preprint arXiv:2312.17118},
  year={2023}
}

@inproceedings{ma2024cotr,
  title={Cotr: Compact occupancy transformer for vision-based 3d occupancy prediction},
  author={Ma, Qihang and Tan, Xin and Qu, Yanyun and Ma, Lizhuang and Zhang, Zhizhong and Xie, Yuan},
  booktitle={Proceedings of the IEEE/CVF Conference on Computer Vision and Pattern Recognition},
  pages={19936--19945},
  year={2024}
}

@article{mildenhall2021nerf,
  title={Nerf: Representing scenes as neural radiance fields for view synthesis},
  author={Mildenhall, Ben and Srinivasan, Pratul P and Tancik, Matthew and Barron, Jonathan T and Ramamoorthi, Ravi and Ng, Ren},
  journal={Communications of the ACM},
  volume={65},
  number={1},
  pages={99--106},
  year={2021},
  publisher={ACM New York, NY, USA}
}

@inproceedings{pan2024renderocc,
  title={Renderocc: Vision-centric 3d occupancy prediction with 2d rendering supervision},
  author={Pan, Mingjie and Liu, Jiaming and Zhang, Renrui and Huang, Peixiang and Li, Xiaoqi and Xie, Hongwei and Wang, Bing and Liu, Li and Zhang, Shanghang},
  booktitle={2024 IEEE International Conference on Robotics and Automation (ICRA)},
  pages={12404--12411},
  year={2024},
  organization={IEEE}
}

@inproceedings{philion2020lift,
  title={Lift, splat, shoot: Encoding images from arbitrary camera rigs by implicitly unprojecting to 3d},
  author={Philion, Jonah and Fidler, Sanja},
  booktitle={Computer Vision--ECCV 2020: 16th European Conference, Glasgow, UK, August 23--28, 2020, Proceedings, Part XIV 16},
  pages={194--210},
  year={2020},
  organization={Springer}
}

@inproceedings{tang2020searching,
  title={Searching efficient 3d architectures with sparse point-voxel convolution},
  author={Tang, Haotian and Liu, Zhijian and Zhao, Shengyu and Lin, Yujun and Lin, Ji and Wang, Hanrui and Han, Song},
  booktitle={European conference on computer vision},
  pages={685--702},
  year={2020},
  organization={Springer}
}

@inproceedings{wang2024driving,
  title={Driving into the future: Multiview visual forecasting and planning with world model for autonomous driving},
  author={Wang, Yuqi and He, Jiawei and Fan, Lue and Li, Hongxin and Chen, Yuntao and Zhang, Zhaoxiang},
  booktitle={Proceedings of the IEEE/CVF Conference on Computer Vision and Pattern Recognition},
  pages={14749--14759},
  year={2024}
}

@article{wei2024occllama,
  title={OccLLaMA: An Occupancy-Language-Action Generative World Model for Autonomous Driving},
  author={Wei, Julong and Yuan, Shanshuai and Li, Pengfei and Hu, Qingda and Gan, Zhongxue and Ding, Wenchao},
  journal={arXiv preprint arXiv:2409.03272},
  year={2024}
}

@article{ye2021drinet++,
  title={Drinet++: Efficient voxel-as-point point cloud segmentation},
  author={Ye, Maosheng and Wan, Rui and Xu, Shuangjie and Cao, Tongyi and Chen, Qifeng},
  journal={arXiv preprint arXiv:2111.08318},
  year={2021}
}

@inproceedings{ye2023lidarmultinet,
  title={Lidarmultinet: Towards a unified multi-task network for lidar perception},
  author={Ye, Dongqiangzi and Zhou, Zixiang and Chen, Weijia and Xie, Yufei and Wang, Yu and Wang, Panqu and Foroosh, Hassan},
  booktitle={Proceedings of the AAAI Conference on Artificial Intelligence},
  volume={37},
  pages={3231--3240},
  year={2023}
}

@article{zhang2023learning,
  title={Learning unsupervised world models for autonomous driving via discrete diffusion},
  author={Zhang, Lunjun and Xiong, Yuwen and Yang, Ze and Casas, Sergio and Hu, Rui and Urtasun, Raquel},
  journal={arXiv preprint arXiv:2311.01017},
  year={2023}
}

@article{zhang2023occnerf,
  title={Occnerf: Self-supervised multi-camera occupancy prediction with neural radiance fields},
  author={Zhang, Chubin and Yan, Juncheng and Wei, Yi and Li, Jiaxin and Liu, Li and Tang, Yansong and Duan, Yueqi and Lu, Jiwen},
  journal={arXiv preprint arXiv:2312.09243},
  year={2023}
}

@article{zheng2023occworld,
  title={Occworld: Learning a 3d occupancy world model for autonomous driving},
  author={Zheng, Wenzhao and Chen, Weiliang and Huang, Yuanhui and Zhang, Borui and Duan, Yueqi and Lu, Jiwen},
  journal={arXiv preprint arXiv:2311.16038},
  year={2023}
}

