@incollection{Bengio+chapter2007,
author = {Bengio, Yoshua and LeCun, Yann},
booktitle = {Large Scale Kernel Machines},
publisher = {MIT Press},
title = {Scaling Learning Algorithms Towards {AI}},
year = {2007}
}

@article{Hinton06,
author = {Hinton, Geoffrey E. and Osindero, Simon and Teh, Yee Whye},
journal = {Neural Computation},
pages = {1527--1554},
title = {A Fast Learning Algorithm for Deep Belief Nets},
volume = {18},
year = {2006}
}

@book{goodfellow2016deep,
title={Deep learning},
author={Goodfellow, Ian and Bengio, Yoshua and Courville, Aaron and Bengio, Yoshua},
volume={1},
year={2016},
publisher={MIT Press}
}

@inproceedings{huang2024selfocc,
  title={Selfocc: Self-supervised vision-based 3d occupancy prediction},
  author={Huang, Yuanhui and Zheng, Wenzhao and Zhang, Borui and Zhou, Jie and Lu, Jiwen},
  booktitle={Proceedings of the IEEE/CVF Conference on Computer Vision and Pattern Recognition},
  pages={19946--19956},
  year={2024}
}

@article{zhang2023occnerf,
  title={Occnerf: Self-supervised multi-camera occupancy prediction with neural radiance fields},
  author={Zhang, Chubin and Yan, Juncheng and Wei, Yi and Li, Jiaxin and Liu, Li and Tang, Yansong and Duan, Yueqi and Lu, Jiwen},
  journal={arXiv preprint arXiv:2312.09243},
  year={2023}
}

@inproceedings{pan2024renderocc,
  title={Renderocc: Vision-centric 3d occupancy prediction with 2d rendering supervision},
  author={Pan, Mingjie and Liu, Jiaming and Zhang, Renrui and Huang, Peixiang and Li, Xiaoqi and Xie, Hongwei and Wang, Bing and Liu, Li and Zhang, Shanghang},
  booktitle={2024 IEEE International Conference on Robotics and Automation (ICRA)},
  pages={12404--12411},
  year={2024},
  organization={IEEE}
}

@article{boeder2024occflownet,
  title={Occflownet: Towards self-supervised occupancy estimation via differentiable rendering and occupancy flow},
  author={Boeder, Simon and Gigengack, Fabian and Risse, Benjamin},
  journal={arXiv preprint arXiv:2402.12792},
  year={2024}
}

@inproceedings{cao2022monoscene,
  title={Monoscene: Monocular 3d semantic scene completion},
  author={Cao, Anh-Quan and De Charette, Raoul},
  booktitle={Proceedings of the IEEE/CVF Conference on Computer Vision and Pattern Recognition},
  pages={3991--4001},
  year={2022}
}

@inproceedings{huang2023tri,
  title={Tri-perspective view for vision-based 3d semantic occupancy prediction},
  author={Huang, Yuanhui and Zheng, Wenzhao and Zhang, Yunpeng and Zhou, Jie and Lu, Jiwen},
  booktitle={Proceedings of the IEEE/CVF conference on computer vision and pattern recognition},
  pages={9223--9232},
  year={2023}
}

@article{huang2021bevdet,
  title={Bevdet: High-performance multi-camera 3d object detection in bird-eye-view},
  author={Huang, Junjie and Huang, Guan and Zhu, Zheng and Ye, Yun and Du, Dalong},
  journal={arXiv preprint arXiv:2112.11790},
  year={2021}
}

@inproceedings{zhang2023occformer,
  title={Occformer: Dual-path transformer for vision-based 3d semantic occupancy prediction},
  author={Zhang, Yunpeng and Zhu, Zheng and Du, Dalong},
  booktitle={Proceedings of the IEEE/CVF International Conference on Computer Vision},
  pages={9433--9443},
  year={2023}
}

@inproceedings{li2022bevformer,
  title={Bevformer: Learning birdâ€™s-eye-view representation from multi-camera images via spatiotemporal transformers},
  author={Li, Zhiqi and Wang, Wenhai and Li, Hongyang and Xie, Enze and Sima, Chonghao and Lu, Tong and Qiao, Yu and Dai, Jifeng},
  booktitle={European conference on computer vision},
  pages={1--18},
  year={2022},
  organization={Springer}
}

@article{tian2024occ3d,
  title={Occ3d: A large-scale 3d occupancy prediction benchmark for autonomous driving},
  author={Tian, Xiaoyu and Jiang, Tao and Yun, Longfei and Mao, Yucheng and Yang, Huitong and Wang, Yue and Wang, Yilun and Zhao, Hang},
  journal={Advances in Neural Information Processing Systems},
  volume={36},
  year={2024}
}

@article{zheng2023occworld,
  title={Occworld: Learning a 3d occupancy world model for autonomous driving},
  author={Zheng, Wenzhao and Chen, Weiliang and Huang, Yuanhui and Zhang, Borui and Duan, Yueqi and Lu, Jiwen},
  journal={arXiv preprint arXiv:2311.16038},
  year={2023}
}

@article{wei2024occllama,
  title={OccLLaMA: An Occupancy-Language-Action Generative World Model for Autonomous Driving},
  author={Wei, Julong and Yuan, Shanshuai and Li, Pengfei and Hu, Qingda and Gan, Zhongxue and Ding, Wenchao},
  journal={arXiv preprint arXiv:2409.03272},
  year={2024}
}

@article{li2023fb,
  title={Fb-occ: 3d occupancy prediction based on forward-backward view transformation},
  author={Li, Zhiqi and Yu, Zhiding and Austin, David and Fang, Mingsheng and Lan, Shiyi and Kautz, Jan and Alvarez, Jose M},
  journal={arXiv preprint arXiv:2307.01492},
  year={2023}
}

@inproceedings{hu2022st,
  title={St-p3: End-to-end vision-based autonomous driving via spatial-temporal feature learning},
  author={Hu, Shengchao and Chen, Li and Wu, Penghao and Li, Hongyang and Yan, Junchi and Tao, Dacheng},
  booktitle={European Conference on Computer Vision},
  pages={533--549},
  year={2022},
  organization={Springer}
}

@inproceedings{hu2023planning,
  title={Planning-oriented autonomous driving},
  author={Hu, Yihan and Yang, Jiazhi and Chen, Li and Li, Keyu and Sima, Chonghao and Zhu, Xizhou and Chai, Siqi and Du, Senyao and Lin, Tianwei and Wang, Wenhai and others},
  booktitle={Proceedings of the IEEE/CVF Conference on Computer Vision and Pattern Recognition},
  pages={17853--17862},
  year={2023}
}

@inproceedings{jiang2023vad,
  title={Vad: Vectorized scene representation for efficient autonomous driving},
  author={Jiang, Bo and Chen, Shaoyu and Xu, Qing and Liao, Bencheng and Chen, Jiajie and Zhou, Helong and Zhang, Qian and Liu, Wenyu and Huang, Chang and Wang, Xinggang},
  booktitle={Proceedings of the IEEE/CVF International Conference on Computer Vision},
  pages={8340--8350},
  year={2023}
}

@inproceedings{tong2023scene,
  title={Scene as occupancy},
  author={Tong, Wenwen and Sima, Chonghao and Wang, Tai and Chen, Li and Wu, Silei and Deng, Hanming and Gu, Yi and Lu, Lewei and Luo, Ping and Lin, Dahua and others},
  booktitle={Proceedings of the IEEE/CVF International Conference on Computer Vision},
  pages={8406--8415},
  year={2023}
}

@article{zhai2023rethinking,
  title={Rethinking the open-loop evaluation of end-to-end autonomous driving in nuscenes},
  author={Zhai, Jiang-Tian and Feng, Ze and Du, Jinhao and Mao, Yongqiang and Liu, Jiang-Jiang and Tan, Zichang and Zhang, Yifu and Ye, Xiaoqing and Wang, Jingdong},
  journal={arXiv preprint arXiv:2305.10430},
  year={2023}
}

@inproceedings{caesar2020nuscenes,
  title={nuscenes: A multimodal dataset for autonomous driving},
  author={Caesar, Holger and Bankiti, Varun and Lang, Alex H and Vora, Sourabh and Liong, Venice Erin and Xu, Qiang and Krishnan, Anush and Pan, Yu and Baldan, Giancarlo and Beijbom, Oscar},
  booktitle={Proceedings of the IEEE/CVF conference on computer vision and pattern recognition},
  pages={11621--11631},
  year={2020}
}

@inproceedings{li2024ego,
  title={Is ego status all you need for open-loop end-to-end autonomous driving?},
  author={Li, Zhiqi and Yu, Zhiding and Lan, Shiyi and Li, Jiahan and Kautz, Jan and Lu, Tong and Alvarez, Jose M},
  booktitle={Proceedings of the IEEE/CVF Conference on Computer Vision and Pattern Recognition},
  pages={14864--14873},
  year={2024}
}

@inproceedings{li2023bevstereo,
  title={Bevstereo: Enhancing depth estimation in multi-view 3d object detection with temporal stereo},
  author={Li, Yinhao and Bao, Han and Ge, Zheng and Yang, Jinrong and Sun, Jianjian and Li, Zeming},
  booktitle={Proceedings of the AAAI Conference on Artificial Intelligence},
  volume={37},
  pages={1486--1494},
  year={2023}
}

@inproceedings{xia2023scpnet,
  title={Scpnet: Semantic scene completion on point cloud},
  author={Xia, Zhaoyang and Liu, Youquan and Li, Xin and Zhu, Xinge and Ma, Yuexin and Li, Yikang and Hou, Yuenan and Qiao, Yu},
  booktitle={Proceedings of the IEEE/CVF conference on computer vision and pattern recognition},
  pages={17642--17651},
  year={2023}
}

@inproceedings{cheng20212,
  title={2-s3net: Attentive feature fusion with adaptive feature selection for sparse semantic segmentation network},
  author={Cheng, Ran and Razani, Ryan and Taghavi, Ehsan and Li, Enxu and Liu, Bingbing},
  booktitle={Proceedings of the IEEE/CVF conference on computer vision and pattern recognition},
  pages={12547--12556},
  year={2021}
}

@article{liong2020amvnet,
  title={Amvnet: Assertion-based multi-view fusion network for lidar semantic segmentation},
  author={Liong, Venice Erin and Nguyen, Thi Ngoc Tho and Widjaja, Sergi and Sharma, Dhananjai and Chong, Zhuang Jie},
  journal={arXiv preprint arXiv:2012.04934},
  year={2020}
}

@inproceedings{li2023voxformer,
  title={Voxformer: Sparse voxel transformer for camera-based 3d semantic scene completion},
  author={Li, Yiming and Yu, Zhiding and Choy, Christopher and Xiao, Chaowei and Alvarez, Jose M and Fidler, Sanja and Feng, Chen and Anandkumar, Anima},
  booktitle={Proceedings of the IEEE/CVF conference on computer vision and pattern recognition},
  pages={9087--9098},
  year={2023}
}

@inproceedings{tang2020searching,
  title={Searching efficient 3d architectures with sparse point-voxel convolution},
  author={Tang, Haotian and Liu, Zhijian and Zhao, Shengyu and Lin, Yujun and Lin, Ji and Wang, Hanrui and Han, Song},
  booktitle={European conference on computer vision},
  pages={685--702},
  year={2020},
  organization={Springer}
}

@inproceedings{ye2023lidarmultinet,
  title={Lidarmultinet: Towards a unified multi-task network for lidar perception},
  author={Ye, Dongqiangzi and Zhou, Zixiang and Chen, Weijia and Xie, Yufei and Wang, Yu and Wang, Panqu and Foroosh, Hassan},
  booktitle={Proceedings of the AAAI Conference on Artificial Intelligence},
  volume={37},
  pages={3231--3240},
  year={2023}
}

@article{ye2021drinet++,
  title={Drinet++: Efficient voxel-as-point point cloud segmentation},
  author={Ye, Maosheng and Wan, Rui and Xu, Shuangjie and Cao, Tongyi and Chen, Qifeng},
  journal={arXiv preprint arXiv:2111.08318},
  year={2021}
}

@inproceedings{wei2023surroundocc,
  title={Surroundocc: Multi-camera 3d occupancy prediction for autonomous driving},
  author={Wei, Yi and Zhao, Linqing and Zheng, Wenzhao and Zhu, Zheng and Zhou, Jie and Lu, Jiwen},
  booktitle={Proceedings of the IEEE/CVF International Conference on Computer Vision},
  pages={21729--21740},
  year={2023}
}

@inproceedings{philion2020lift,
  title={Lift, splat, shoot: Encoding images from arbitrary camera rigs by implicitly unprojecting to 3d},
  author={Philion, Jonah and Fidler, Sanja},
  booktitle={Computer Vision--ECCV 2020: 16th European Conference, Glasgow, UK, August 23--28, 2020, Proceedings, Part XIV 16},
  pages={194--210},
  year={2020},
  organization={Springer}
}

@inproceedings{ma2024cotr,
  title={Cotr: Compact occupancy transformer for vision-based 3d occupancy prediction},
  author={Ma, Qihang and Tan, Xin and Qu, Yanyun and Ma, Lizhuang and Zhang, Zhizhong and Xie, Yuan},
  booktitle={Proceedings of the IEEE/CVF Conference on Computer Vision and Pattern Recognition},
  pages={19936--19945},
  year={2024}
}

@article{ha2018world,
  title={World models},
  author={Ha, David and Schmidhuber, J{\"u}rgen},
  journal={arXiv preprint arXiv:1803.10122},
  year={2018}
}

@article{gao2023magicdrive,
  title={Magicdrive: Street view generation with diverse 3d geometry control},
  author={Gao, Ruiyuan and Chen, Kai and Xie, Enze and Hong, Lanqing and Li, Zhenguo and Yeung, Dit-Yan and Xu, Qiang},
  journal={arXiv preprint arXiv:2310.02601},
  year={2023}
}

@article{hu2023gaia,
  title={Gaia-1: A generative world model for autonomous driving},
  author={Hu, Anthony and Russell, Lloyd and Yeo, Hudson and Murez, Zak and Fedoseev, George and Kendall, Alex and Shotton, Jamie and Corrado, Gianluca},
  journal={arXiv preprint arXiv:2309.17080},
  year={2023}
}

@inproceedings{wang2024driving,
  title={Driving into the future: Multiview visual forecasting and planning with world model for autonomous driving},
  author={Wang, Yuqi and He, Jiawei and Fan, Lue and Li, Hongxin and Chen, Yuntao and Zhang, Zhaoxiang},
  booktitle={Proceedings of the IEEE/CVF Conference on Computer Vision and Pattern Recognition},
  pages={14749--14759},
  year={2024}
}

@inproceedings{khurana2023point,
  title={Point cloud forecasting as a proxy for 4d occupancy forecasting},
  author={Khurana, Tarasha and Hu, Peiyun and Held, David and Ramanan, Deva},
  booktitle={Proceedings of the IEEE/CVF Conference on Computer Vision and Pattern Recognition},
  pages={1116--1124},
  year={2023}
}

@article{zhang2023learning,
  title={Learning unsupervised world models for autonomous driving via discrete diffusion},
  author={Zhang, Lunjun and Xiong, Yuwen and Yang, Ze and Casas, Sergio and Hu, Rui and Urtasun, Raquel},
  journal={arXiv preprint arXiv:2311.01017},
  year={2023}
}

@inproceedings{khurana2022differentiable,
  title={Differentiable raycasting for self-supervised occupancy forecasting},
  author={Khurana, Tarasha and Hu, Peiyun and Dave, Achal and Ziglar, Jason and Held, David and Ramanan, Deva},
  booktitle={European Conference on Computer Vision},
  pages={353--369},
  year={2022},
  organization={Springer}
}

@article{mildenhall2021nerf,
  title={Nerf: Representing scenes as neural radiance fields for view synthesis},
  author={Mildenhall, Ben and Srinivasan, Pratul P and Tancik, Matthew and Barron, Jonathan T and Ramamoorthi, Ravi and Ng, Ren},
  journal={Communications of the ACM},
  volume={65},
  number={1},
  pages={99--106},
  year={2021},
  publisher={ACM New York, NY, USA}
}

@article{liu2023fully,
  title={Fully sparse 3d panoptic occupancy prediction},
  author={Liu, Haisong and Wang, Haiguang and Chen, Yang and Yang, Zetong and Zeng, Jia and Chen, Li and Wang, Limin},
  journal={arXiv preprint arXiv:2312.17118},
  year={2023}
}

@article{zheng2024monoocc,
  title={Monoocc: Digging into monocular semantic occupancy prediction},
  author={Zheng, Yupeng and Li, Xiang and Li, Pengfei and Zheng, Yuhang and Jin, Bu and Zhong, Chengliang and Long, Xiaoxiao and Zhao, Hao and Zhang, Qichao},
  journal={arXiv preprint arXiv:2403.08766},
  year={2024}
}

@inproceedings{wang2022detr3d,
  title={Detr3d: 3d object detection from multi-view images via 3d-to-2d queries},
  author={Wang, Yue and Guizilini, Vitor Campagnolo and Zhang, Tianyuan and Wang, Yilun and Zhao, Hang and Solomon, Justin},
  booktitle={Conference on Robot Learning},
  pages={180--191},
  year={2022},
  organization={PMLR}
}

@inproceedings{li2022hdmapnet,
  title={Hdmapnet: An online hd map construction and evaluation framework},
  author={Li, Qi and Wang, Yue and Wang, Yilun and Zhao, Hang},
  booktitle={2022 International Conference on Robotics and Automation (ICRA)},
  pages={4628--4634},
  year={2022},
  organization={IEEE}
}

@inproceedings{jin2024tod3cap,
  title={Tod3cap: Towards 3d dense captioning in outdoor scenes},
  author={Jin, Bu and Zheng, Yupeng and Li, Pengfei and Li, Weize and Zheng, Yuhang and Hu, Sujie and Liu, Xinyu and Zhu, Jinwei and Yan, Zhijie and Sun, Haiyang and others},
  booktitle={European Conference on Computer Vision},
  pages={367--384},
  year={2024},
  organization={Springer}
}