@inproceedings{Geiger2012CVPR,
  author = {Andreas Geiger and Philip Lenz and Raquel Urtasun},
  title = {Are we ready for Autonomous Driving? The KITTI Vision Benchmark Suite},
  booktitle = {CVPR},
  year = {2012}
}

@inproceedings{SDV21,
  author = {Sakaridis, Christos and Dai, Dengxin and Van Gool, Luc},
  title = {{ACDC}: The Adverse Conditions Dataset with Correspondences for Semantic Driving Scene Understanding},
  booktitle = {ICCV},
  year = {2021}
}

@InProceedings{Schops_2019_CVPR,
author = {Sch\"ops, Thomas and Sattler, Torsten and Pollefeys, Marc},
title = {{BAD SLAM}: Bundle Adjusted Direct {RGB-D SLAM}},
booktitle = {CVPR},
year = {2019}
}

@inproceedings{cao2024pasco,
  title={Pasco: Urban 3d panoptic scene completion with uncertainty awareness},
  author={Cao, Anh-Quan and Dai, Angela and de Charette, Raoul},
  booktitle={CVPR},
  year={2024}
}

@inproceedings{dai2020sg,
  title={Sg-nn: Sparse generative neural networks for self-supervised scene completion of rgb-d scans},
  author={Dai, Angela and Diller, Christian and Nie{\ss}ner, Matthias},
  booktitle={CVPR},
  year={2020}
}

@article{diode_dataset,
  title={{DIODE}: {A} {D}ense {I}ndoor and {O}utdoor {DE}pth {D}ataset},
  author={Igor Vasiljevic and et al.},
  journal={CoRR},
  year={2019},
}

@inproceedings{eldesokey2019propagating,
  title={Propagating confidences through cNNs for sparse data regression},
  author={Eldesokey, Abdelrahman and Felsberg, Michael and Khan, Fahad Shahbaz},
  booktitle={BMVC},
  year={2019}
}

@inproceedings{eldesokey2020uncertainty,
  title={Uncertainty-aware cnns for depth completion: Uncertainty from beginning to end},
  author={Eldesokey, Abdelrahman and Felsberg, Michael and Holmquist, Karl and Persson, Michael},
  booktitle={CVPR},
  year={2020}
}

@inproceedings{li2023voxformer,
  title={Voxformer: Sparse voxel transformer for camera-based 3d semantic scene completion},
  author={Li, Yiming and et al.},
  booktitle={CVPR},
  year={2023}
}

@inproceedings{murez2020atlas,
  title={Atlas: End-to-end 3d scene reconstruction from posed images},
  author={Murez, Zak and et al.},
  booktitle={ECCV},
  year={2020},
}

@article{nazir2022semattnet,
  title={SemAttNet: Toward attention-based semantic aware guided depth completion},
  author={Nazir, Danish and Pagani, Alain and Liwicki, Marcus and Stricker, Didier and Afzal, Muhammad Zeshan},
  journal={IEEE Access},
  year={2022},
}

@inproceedings{nunes2024cvpr,
    author = {Lucas Nunes and Rodrigo Marcuzzi and Benedikt Mersch and Jens Behley and Cyrill Stachniss},
    title = {Scaling Diffusion Models to Real-World 3D LiDAR Scene Completion},
    booktitle = {CVPR},
    year = {2024}
}

@inproceedings{packnet,
  author = {Vitor Guizilini and et al.},
  title = {3D Packing for Self-Supervised Monocular Depth Estimation},
  booktitle = {CVPR},
  year = {2020},
}

@article{roldao20223d,
  title={3D semantic scene completion: A survey},
  author={Roldao, Luis and De Charette, Raoul and Verroust-Blondet, Anne},
  journal={IJCV},
  year={2022},
}

@inproceedings{tang2024bilateral,
  title={Bilateral Propagation Network for Depth Completion},
  author={Tang, Jie and Tian, Fei-Peng and An, Boshi and Li, Jian and Tan, Ping},
  booktitle={CVPR},
  year={2024}
}

@inproceedings{uhrig2017sparsity,
  title={Sparsity invariant cnns},
  author={Uhrig, Jonas and et al.},
  booktitle={3DV},
  year={2017},
}

@article{vizzo2022make,
  title={Make it dense: Self-supervised geometric scan completion of sparse 3d lidar scans in large outdoor environments},
  author={Vizzo, Ignacio and et al.},
  journal={RA-L},
  year={2022},
}

@inproceedings{weder2021neuralfusion,
  title={Neuralfusion: Online depth fusion in latent space},
  author={Weder, Silvan and Schonberger, Johannes L and Pollefeys, Marc and Oswald, Martin R},
  booktitle={CVPR},
  year={2021}
}

@inproceedings{xia2023scpnet,
  title={Scpnet: Semantic scene completion on point cloud},
  author={Xia, Zhaoyang and et al.},
  booktitle={CVPR},
  year={2023}
}

@inproceedings{zhang2023completionformer,
  title={Completionformer: Depth completion with convolutions and vision transformers},
  author={Zhang, Youmin and et al.},
  booktitle={CVPR},
  year={2023}
}

