@String(PAMI = {IEEE Trans. Pattern Anal. Mach. Intell.})
@String(IJCV = {Int. J. Comput. Vis.})
@String(CVPR= {IEEE Conf. Comput. Vis. Pattern Recog.})
@String(ICCV= {Int. Conf. Comput. Vis.})
@String(ECCV= {Eur. Conf. Comput. Vis.})
@String(NIPS= {Adv. Neural Inform. Process. Syst.})
@String(ICPR = {Int. Conf. Pattern Recog.})
@String(BMVC= {Brit. Mach. Vis. Conf.})
@String(TOG= {ACM Trans. Graph.})
@String(TIP  = {IEEE Trans. Image Process.})
@String(TVCG  = {IEEE Trans. Vis. Comput. Graph.})
@String(TMM  = {IEEE Trans. Multimedia})
@String(ACMMM= {ACM Int. Conf. Multimedia})
@String(ICME = {Int. Conf. Multimedia and Expo})
@String(ICASSP=	{ICASSP})
@String(ICIP = {IEEE Int. Conf. Image Process.})
@String(ACCV  = {ACCV})
@String(ICLR = {Int. Conf. Learn. Represent.})
@String(IJCAI = {IJCAI})
@String(PR   = {Pattern Recognition})
@String(AAAI = {AAAI})
@String(CVPRW= {IEEE Conf. Comput. Vis. Pattern Recog. Worksh.})
@String(CSVT = {IEEE Trans. Circuit Syst. Video Technol.})

@String(SPL	= {IEEE Sign. Process. Letters})
@String(VR   = {Vis. Res.})
@String(JOV	 = {J. Vis.})
@String(TVC  = {The Vis. Comput.})
@String(JCST  = {J. Comput. Sci. Tech.})
@String(CGF  = {Comput. Graph. Forum})
@String(CVM = {Computational Visual Media})


@String(PAMI  = {IEEE TPAMI})
@String(IJCV  = {IJCV})
@String(CVPR  = {CVPR})
@String(ICCV  = {ICCV})
@String(ECCV  = {ECCV})
@String(NIPS  = {NeurIPS})
@String(ICPR  = {ICPR})
@String(BMVC  =	{BMVC})
@String(TOG   = {ACM TOG})
@String(TIP   = {IEEE TIP})
@String(TVCG  = {IEEE TVCG})
@String(TCSVT = {IEEE TCSVT})
@String(TMM   =	{IEEE TMM})
@String(ACMMM = {ACM MM})
@String(ICME  =	{ICME})
@String(ICASSP=	{ICASSP})
@String(ICIP  = {ICIP})
@String(ACCV  = {ACCV})
@String(ICLR  = {ICLR})
@String(IJCAI = {IJCAI})
@String(PR = {PR})
@String(AAAI = {AAAI})
@String(CVPRW= {CVPRW})
@String(CSVT = {IEEE TCSVT})


@article{zhang2000flexible,
  title={A flexible new technique for camera calibration},
  author={Zhang, Zhengyou},
  journal={TPAMI},
  year={2000},
}

@inproceedings{dellenbach2022ct,
  title={Ct-icp: Real-time elastic lidar odometry with loop closure},
  author={Dellenbach, Pierre and Deschaud, Jean-Emmanuel and Jacquet, Bastien and Goulette, Fran{\c{c}}ois},
  booktitle={ICRA},
  year={2022},
}

@article{vizzo2023kiss,
  title={Kiss-icp: In defense of point-to-point icp--simple, accurate, and robust registration if done the right way},
  author={Vizzo, Ignacio and et al.},
  journal={RA-L},
  year={2023},
}

@inproceedings{shan2020lio,
  title={Lio-sam: Tightly-coupled lidar inertial odometry via smoothing and mapping},
  author={Shan, Tixiao and et al.},
  booktitle={IROS},
  year={2020},
}

@article{xu2022fast,
  title={Fast-lio2: Fast direct lidar-inertial odometry},
  author={Xu, Wei and Cai, Yixi and He, Dongjiao and Lin, Jiarong and Zhang, Fu},
  journal={IEEE Transactions on Robotics},
  year={2022},
}

@article{beltran2022automatic,
  title={Automatic extrinsic calibration method for lidar and camera sensor setups},
  author={Beltr{\'a}n, Jorge and Guindel, Carlos and De La Escalera, Arturo and Garc{\'\i}a, Fernando},
  journal={T-ITS},
  year={2022},
}

@inproceedings{ishikawa2018lidar,
  title={Lidar and camera calibration using motions estimated by sensor fusion odometry},
  author={Ishikawa, Ryoichi and Oishi, Takeshi and Ikeuchi, Katsushi},
  booktitle={IROS},
  year={2018},
}

@inproceedings{koide2023general,
  title={General, single-shot, target-less, and automatic lidar-camera extrinsic calibration toolbox},
  author={Koide, Kenji and Oishi, Shuji and Yokozuka, Masashi and Banno, Atsuhiko},
  booktitle={ICRA},
  year={2023},
}

@article{fu2022mapcleaner,
  title={MapCleaner: Efficiently removing moving objects from point cloud maps in autonomous driving scenarios},
  author={Fu, Hao and Xue, Hanzhang and Xie, Guanglei},
  journal={RS},
  year={2022},
}

@article{zhao2021surface,
  title={A surface geometry model for lidar depth completion},
  author={Zhao, Yiming and Bai, Lin and Zhang, Ziming and Huang, Xinming},
  journal={RA-L},
  year={2021},
}

@article{park2014high,
  title={High-quality depth map upsampling and completion for RGB-D cameras},
  author={Park, Jaesik and Kim, Hyeongwoo and Tai, Yu-Wing and Brown, Michael S and Kweon, In So},
  journal={TIP},
  year={2014},
}

@inproceedings{hawe2011dense,
  title={Dense disparity maps from sparse disparity measurements},
  author={Hawe, Simon and Kleinsteuber, Martin and Diepold, Klaus},
  booktitle={ICCV},
  year={2011},
}

@article{liu2015depth,
  title={Depth reconstruction from sparse samples: Representation, algorithm, and sampling},
  author={Liu, Lee-Kang and Chan, Stanley H and Nguyen, Truong Q},
  journal={TIP},
  year={2015},
}

@article{ma2019sparse,
  title={Sparse depth sensing for resource-constrained robots},
  author={Ma, Fangchang and Carlone, Luca and Ayaz, Ulas and Karaman, Sertac},
  journal={IJRR},
  year={2019},
}

@inproceedings{ku2018defense,
  title={In defense of classical image processing: Fast depth completion on the cpu},
  author={Ku, Jason and Harakeh, Ali and Waslander, Steven L},
  booktitle={CRV},
  year={2018},
}

@inproceedings{chodosh2019deep,
  title={Deep convolutional compressed sensing for lidar depth completion},
  author={Chodosh, Nathaniel and Wang, Chaoyang and Lucey, Simon},
  booktitle={ACCV},
  year={2019},
}

@inproceedings{uhrig2017sparsity,
  title={Sparsity invariant cnns},
  author={Uhrig, Jonas and et al.},
  booktitle={3DV},
  year={2017},
}

@inproceedings{qiu2019deeplidar,
  title={Deeplidar: Deep surface normal guided depth prediction for outdoor scene from sparse lidar data and single color image},
  author={Qiu, Jiaxiong and et al.},
  booktitle={CVPR},
  year={2019}
}

@inproceedings{eldesokey2020uncertainty,
  title={Uncertainty-aware cnns for depth completion: Uncertainty from beginning to end},
  author={Eldesokey, Abdelrahman and Felsberg, Michael and Holmquist, Karl and Persson, Michael},
  booktitle={CVPR},
  year={2020}
}

@inproceedings{eldesokey2019propagating,
  title={Propagating confidences through cNNs for sparse data regression},
  author={Eldesokey, Abdelrahman and Felsberg, Michael and Khan, Fahad Shahbaz},
  booktitle={BMVC},
  year={2019}
}

%-------- image guided

@inproceedings{zhang2023completionformer,
  title={Completionformer: Depth completion with convolutions and vision transformers},
  author={Zhang, Youmin and et al.},
  booktitle={CVPR},
  year={2023}
}

@article{nazir2022semattnet,
  title={SemAttNet: Toward attention-based semantic aware guided depth completion},
  author={Nazir, Danish and Pagani, Alain and Liwicki, Marcus and Stricker, Didier and Afzal, Muhammad Zeshan},
  journal={IEEE Access},
  year={2022},
}

@inproceedings{tang2024bilateral,
  title={Bilateral Propagation Network for Depth Completion},
  author={Tang, Jie and Tian, Fei-Peng and An, Boshi and Li, Jian and Tan, Ping},
  booktitle={CVPR},
  year={2024}
}

@inproceedings{lin2022dynamic,
  title={Dynamic spatial propagation network for depth completion},
  author={Lin, Yuankai and Cheng, Tao and Zhong, Qi and Zhou, Wending and Yang, Hua},
  booktitle={AAAI},
  year={2022}
}

@inproceedings{xu2019depth,
  title={Depth completion from sparse lidar data with depth-normal constraints},
  author={Xu, Yan and et al.},
  booktitle={CVPR},
  year={2019}
}

@inproceedings{yang2019dense,
  title={Dense depth posterior (ddp) from single image and sparse range},
  author={Yang, Yanchao and Wong, Alex and Soatto, Stefano},
  booktitle={CVPR},
  year={2019}
}

@inproceedings{ma2019self,
  title={Self-supervised sparse-to-dense: Self-supervised depth completion from lidar and monocular camera},
  author={Ma, Fangchang and Cavalheiro, Guilherme Venturelli and Karaman, Sertac},
  booktitle={ICRA},
  year={2019}
}

@inproceedings{wong2021unsupervised,
  title={Unsupervised depth completion with calibrated backprojection layers},
  author={Wong, Alex and Soatto, Stefano},
  booktitle={CVPR},
  pages={12747--12756},
  year={2021}
}

@inproceedings{cheng2019noise,
  title={Noise-aware unsupervised deep lidar-stereo fusion},
  author={Cheng, Xuelian and Zhong, Yiran and Dai, Yuchao and Ji, Pan and Li, Hongdong},
  booktitle={CVPR},
  pages={6339--6348},
  year={2019}
}

@inproceedings{hu2021penet,
  title={Penet: Towards precise and efficient image guided depth completion},
  author={Hu, Mu and et al.},
  booktitle={ICRA},
  year={2021},
}

@inproceedings{yan2022rignet,
  title={RigNet: Repetitive Image Guided Network for Depth Completion},
  author={Yan, Zhiqiang and et al.},
  booktitle={ECCV},
  year={2022}
}
% -- end image guided

% -- Datasets

@inproceedings{Geiger2012CVPR,
  author = {Andreas Geiger and Philip Lenz and Raquel Urtasun},
  title = {Are we ready for Autonomous Driving? The KITTI Vision Benchmark Suite},
  booktitle = {CVPR},
  year = {2012}
}

@InProceedings{Ros_2016_CVPR,
author = {Ros, German and Sellart, Laura and Materzynska, Joanna and Vazquez, David and Lopez, Antonio M.},
title = {The SYNTHIA Dataset: A Large Collection of Synthetic Images for Semantic Segmentation of Urban Scenes},
booktitle = {CVPR},
month = {June},
year = {2016}
}

@inproceedings{Butler_ECCV_2012,
title = {A naturalistic open source movie for optical flow evaluation},
author = {Butler, D. J. and Wulff, J. and Stanley, G. B. and Black, M. J.},
booktitle = {ECCV},
year = {2012}
}

@ARTICLE{Make3dDataset,
  author={Saxena, Ashutosh and Sun, Min and Ng, Andrew Y.},
  journal={IEEE Transactions on Pattern Analysis and Machine Intelligence}, 
  title={Make3D: Learning 3D Scene Structure from a Single Still Image}, 
  year={2009}
}


@inproceedings{Silberman_ECCV12,
  author    = {Nathan Silberman, Derek Hoiem, Pushmeet Kohli and Rob Fergus},
  title     = {Indoor Segmentation and Support Inference from RGBD Images},
  booktitle = {ECCV},
  year      = {2012}
}

@article{Matterport3D,
  title={Matterport3D: Learning from RGB-D Data in Indoor Environments},
  author={Chang, Angel and Dai, Angela and Funkhouser, Thomas and Halber, Maciej and Niessner, Matthias and Savva, Manolis and Song, Shuran and Zeng, Andy and Zhang, Yinda},
  journal={3DV},
  year={2017}
}
@inproceedings{dai2017scannet,
    title={ScanNet: Richly-annotated 3D Reconstructions of Indoor Scenes},
    author={Dai, Angela and et al.},
    booktitle = {CVPR},
    year = {2017}
}

@InProceedings{Schops_2019_CVPR,
author = {Sch\"ops, Thomas and Sattler, Torsten and Pollefeys, Marc},
title = {{BAD SLAM}: Bundle Adjusted Direct {RGB-D SLAM}},
booktitle = {CVPR},
year = {2019}
}

@article{diode_dataset,
  title={{DIODE}: {A} {D}ense {I}ndoor and {O}utdoor {DE}pth {D}ataset},
  author={Igor Vasiljevic and et al.},
  journal={CoRR},
  year={2019},
}

@inproceedings{packnet,
  author = {Vitor Guizilini and et al.},
  title = {3D Packing for Self-Supervised Monocular Depth Estimation},
  booktitle = {CVPR},
  year = {2020},
}

@inproceedings{spinello2008multimodal,
  title={Multimodal detection and tracking of pedestrians in urban environments with explicit ground plane extraction},
  author={Spinello, Luciano and Triebel, Rudolph and Siegwart, Roland},
  booktitle={IROS},
  year={2008},
}

% -- end Datasets


% -- RANSAC

@inproceedings{schnabel2007efficient,
  title={Efficient RANSAC for point-cloud shape detection},
  author={Schnabel, Ruwen and Wahl, Roland and Klein, Reinhard},
  booktitle={CGF},
  year={2007},
}

% -- end RANSAC


@inproceedings{kirillov2023segment,
  title={Segment anything},
  author={Kirillov, Alexander and et al.},
  booktitle={ICCV},
  year={2023}
}

% ------ Lidar scene completion

@article{vizzo2022make,
  title={Make it dense: Self-supervised geometric scan completion of sparse 3d lidar scans in large outdoor environments},
  author={Vizzo, Ignacio and et al.},
  journal={RA-L},
  year={2022},
}

@inproceedings{dai2020sg,
  title={Sg-nn: Sparse generative neural networks for self-supervised scene completion of rgb-d scans},
  author={Dai, Angela and Diller, Christian and Nie{\ss}ner, Matthias},
  booktitle={CVPR},
  year={2020}
}

@inproceedings{weder2021neuralfusion,
  title={Neuralfusion: Online depth fusion in latent space},
  author={Weder, Silvan and Schonberger, Johannes L and Pollefeys, Marc and Oswald, Martin R},
  booktitle={CVPR},
  year={2021}
}
@inproceedings{murez2020atlas,
  title={Atlas: End-to-end 3d scene reconstruction from posed images},
  author={Murez, Zak and et al.},
  booktitle={ECCV},
  year={2020},
}

@article{roldao20223d,
  title={3D semantic scene completion: A survey},
  author={Roldao, Luis and De Charette, Raoul and Verroust-Blondet, Anne},
  journal={IJCV},
  year={2022},
}

@inproceedings{cao2024pasco,
  title={Pasco: Urban 3d panoptic scene completion with uncertainty awareness},
  author={Cao, Anh-Quan and Dai, Angela and de Charette, Raoul},
  booktitle={CVPR},
  year={2024}
}

@inproceedings{li2023voxformer,
  title={Voxformer: Sparse voxel transformer for camera-based 3d semantic scene completion},
  author={Li, Yiming and et al.},
  booktitle={CVPR},
  year={2023}
}

@inproceedings{nunes2024cvpr,
    author = {Lucas Nunes and Rodrigo Marcuzzi and Benedikt Mersch and Jens Behley and Cyrill Stachniss},
    title = {Scaling Diffusion Models to Real-World 3D LiDAR Scene Completion},
    booktitle = {CVPR},
    year = {2024}
}

@inproceedings{xia2023scpnet,
  title={Scpnet: Semantic scene completion on point cloud},
  author={Xia, Zhaoyang and et al.},
  booktitle={CVPR},
  year={2023}
}

@article{lim2021erasor,
  title={ERASOR: Egocentric ratio of pseudo occupancy-based dynamic object removal for static 3D point cloud map building},
  author={Lim, Hyungtae and Hwang, Sungwon and Myung, Hyun},
  journal={RAL},
  year={2021},
}

@inproceedings{behley2019semantickitti,
  title={Semantickitti: A dataset for semantic scene understanding of lidar sequences},
  author={Behley, Jens and et al.},
  booktitle={ICCV},
  year={2019}
}

% ------ Exwayz

@misc{exwayz_3dm,
  title={Exwayz 3D mapping: Create dense, accurate and georeferenced 3D point cloud using LiDAR SLAM},
  author={Exwayz},
  howpublished={\url{https://www.exwayz.fr/}},
  year={2024}
}

@misc{exwayz_nav,
  title={Exwayz Navigation: Computing accurate and reliable 6DoF poses using 3D LIDAR data real-time processing.},
  author={Exwayz},
  howpublished={\url{https://www.exwayz.fr/}},
  year={2024}
}

% -- end Exwayz


% ------ Splatting

@inproceedings{botsch2005high,
  title={High-quality surface splatting on today's GPUs},
  author={Botsch, Mario and Hornung, Alexander and Zwicker, Matthias and Kobbelt, Leif},
  booktitle={VGTC},
  year={2005},
}

% -- end Splatting

@article{demoreau2024led,
  title={LED: Light Enhanced Depth Estimation at Night},
  author={de Moreau, Simon and et al.},
  journal={arXiv preprint arXiv:2409.08031},
  year={2024}
}

@inproceedings{quigley2009ros, 
title={ROS: an open-source Robot Operating System}, 
author={Quigley, Morgan and et al.}, booktitle={ICRA Workshops}, 
year={2009}, 
}

@inproceedings{mertz_low-power_2012,
	title = {A low-power structured light sensor for outdoor scene reconstruction and dominant material identification},
	booktitle = {CVPR Workshops},
	author = {Mertz, Christoph and Koppal, Sanjeev J. and Sia, Solomon and Narasimhan, Srinivasa},
	year = {2012},
}

@inproceedings{gupta_structured_2013,
	title = {Structured {Light} in {Sunlight}},
	booktitle = {ICCV},
	author = {Gupta, Mohit and Yin, Qi and Nayar, Shree K.},
	year = {2013},
}

@inproceedings{brahmanage_outdoor_2019,
	title = {Outdoor {RGB}-{D} {Mapping} {Using} {Intel}-{RealSense}},
	booktitle = {{IEEE} Sensors},
	author = {Brahmanage, Gayan and Leung, Henry},
	year = {2019},
}


@inproceedings{SDV21,
  author = {Sakaridis, Christos and Dai, Dengxin and Van Gool, Luc},
  title = {{ACDC}: The Adverse Conditions Dataset with Correspondences for Semantic Driving Scene Understanding},
  booktitle = {ICCV},
  year = {2021}
}

@inproceedings{porav2019can,
  title={I can see clearly now: Image restoration via de-raining},
  author={Porav, Horia and Bruls, Tom and Newman, Paul},
  booktitle={ICRA},
  year={2019}
}

@article{schmid2023dynablox,
  title={Dynablox: Real-time detection of diverse dynamic objects in complex environments},
  author={Schmid, Lukas and et al.},
  journal={RA-L},
  year={2023}
}

@article{jia2024beautymap,
  title={BeautyMap: Binary-Encoded Adaptable Ground Matrix for Dynamic Points Removal in Global Maps},
  author={Jia, Mingkai and et al.},
  journal={RA-L},
  year={2024}
}

@inproceedings{hu2019revisiting,
  title={Revisiting single image depth estimation: Toward higher resolution maps with accurate object boundaries},
  author={Hu, Junjie and Ozay, Mete and Zhang, Yan and Okatani, Takayuki},
  booktitle={WACV},
  year={2019}
}

@inproceedings{wang2021regularizing,
  title={Regularizing nighttime weirdness: Efficient self-supervised monocular depth estimation in the dark},
  author={Wang, Kun and et al.},
  booktitle={ICCV},
  year={2021}
}

@inproceedings{zhang2024erasor++,
  author={Zhang, Jiabao and Zhang, Yu},
  booktitle={ICRA}, 
  title={ERASOR++: Height Coding Plus Egocentric Ratio Based Dynamic Object Removal for Static Point Cloud Mapping}, 
  year={2024}
}

@inproceedings{zhang2023dynamic,
  title={A dynamic points removal benchmark in point cloud maps},
  author={Zhang, Qingwen and et al.},
  booktitle={ITSC},
  year={2023}
}

@inproceedings{gasperini_morbitzer2023md4all,
  title={Robust Monocular Depth Estimation under Challenging Conditions},
  author={Gasperini, Stefano and et al.},
  booktitle={ICCV},
  year={2023}
}