@inproceedings{BiCro,
    author = {Yang, Shuo and Xu, Zhao Pan and Wang, Kai and Yang, You and Yao, Hongxun and Liu, Tongliang and Xu, Min},
    title = {BiCro: Noisy Correspondence Rectification for Multi-modality Data via Bi-directional Cross-modal Similarity Consistency},
    year = {2023},
    booktitle = {Proceedings of the IEEE/CVF Conference on Computer Vision and Pattern Recognition},
    pages={19883-19892}
}

@inproceedings{MSCN,
  title={Noisy Correspondence Learning with Meta Similarity Correction},
  author={Han, Haochen and Miao, Kaiyao and Zheng, Qinghua and Luo, Minnan},
  booktitle={Proceedings of the IEEE/CVF Conference on Computer Vision and Pattern Recognition},
  pages={7517--7526},
  year={2023}
}

@inproceedings{PC2,
author = {Duan, Yue and Gu, Zhangxuan and Ying, Zhenzhe and Qi, Lei and Meng, Changhua and Shi, Yinghuan},
title = {PC2: Pseudo-Classification Based Pseudo-Captioning for Noisy Correspondence Learning in Cross-Modal Retrieval},
year = {2024},
booktitle = {Proceedings of the 32nd ACM International Conference on Multimedia},
pages = {9397–9406},
numpages = {10}
}

@inproceedings{UGNCL,
author = {Zha, Quanxing and Liu, Xin and Cheung, Yiu-ming and Xu, Xing and Wang, Nannan and Cao, Jianjia},
title = {UGNCL: Uncertainty-Guided Noisy Correspondence Learning for Efficient Cross-Modal Matching},
year = {2024},
publisher = {Association for Computing Machinery},
booktitle = {Proceedings of the 47th International ACM SIGIR Conference on Research and Development in Information Retrieval},
pages = {852–861},
numpages = {10}
}

@inproceedings{chan,
  title={Fine-Grained Image-Text Matching by Cross-Modal Hard Aligning Network},
  author={Pan, Zhengxin and Wu, Fangyu and Zhang, Bailing},
  booktitle={Proceedings of the IEEE/CVF Conference on Computer Vision and Pattern Recognition},
  pages={19275--19284},
  year={2023}
}

@article{cmgm,
author = {Cheng, Yuhao and Zhu, Xiaoguang and Qian, Jiuchao and Wen, Fei and Liu, Peilin},
title = {Cross-Modal Graph Matching Network for Image-Text Retrieval},
year = {2022},
volume = {18},
number = {4},
journal = {ACM Trans. Multimedia Comput. Commun. Appl.},
numpages = {23}
}

@article{crcl,
  title={Cross-modal Active Complementary Learning with Self-refining Correspondence},
  author={Qin, Yang and Sun, Yuan and Peng, Dezhong and Zhou, Joey Tianyi and Peng, Xi and Hu, Peng},
  journal={Proceedings of  International Conference on Neural Information Processing Systems},
  pages={24829--24840},
  year={2024}
}

@article{cream,
	title={Cross-modal Retrieval with Noisy Correspondence via Consistency Refining and Mining},
	author={Ma, Xinran and Yang, Mouxing and Li, Yunfan and Hu, Peng and Lv, Jiancheng and Peng, Xi},
	journal={IEEE Transactions on Image Processing},
        volume={33},
        pages={2587-2598},
	year={2024},
        publisher={IEEE}
}

@inproceedings{cross-graph,
  title={Cross-Graph Attention Enhanced Multi-modal Correlation Learning for Fine-Grained Image-Text Retrieval},
  author={He, Yi and Liu, Xin and Cheung, Yiu-Ming and Peng, Shu-Juan and Yi, Jinhan and Fan, Wentao},
  booktitle={Proceedings of the 44th International ACM SIGIR Conference on Research and Development in Information Retrieval},
  pages={1865--1869},
  year={2021}
}

@inproceedings{decl,
  title={Deep evidential learning with noisy correspondence for cross-modal retrieval},
  author={Qin, Yang and Peng, Dezhong and Peng, Xi and Wang, Xu and Hu, Peng},
  booktitle={Proceedings of the 30th ACM International Conference on Multimedia},
  pages={4948--4956},
  year={2022}
}

@inproceedings{esc,
  title={Robust Noisy Correspondence Learning with Equivariant Similarity Consistency},
  author={Yang, Yuchen and Wang, Likai and Yang, Erkun and Deng, Cheng},
  booktitle={Proceedings of the IEEE/CVF Conference on Computer Vision and Pattern Recognition},
  pages={17700--17709},
  year={2024}
}

@inproceedings{gpo,
     title={Learning the Best Pooling Strategy for Visual Semantic Embedding},
     author={Chen, Jiacheng and Hu, Hexiang and Wu, Hao and Jiang, Yuning and Wang, Changhu},
     booktitle={Proceedings of the IEEE/CVF Conference on Computer Vision and Pattern Recognition},
     pages={15789--15798},
     year={2021}
}

@INPROCEEDINGS{gsc,
  author={Zhao, Zihua and Chen, Mengxi and Dai, Tianjie and Yao, Jiangchao and Han, Bo and Zhang, Ya and Wang, Yanfeng},
  booktitle={Proceedings of IEEE/CVF Conference on Computer Vision and Pattern Recognition}, 
  title={Mitigating Noisy Correspondence by Geometrical Structure Consistency Learning}, 
  year={2024},
  pages={27371-27380}
}

@InProceedings{imagecap1,
    author    = {Kang, Wooyoung and Mun, Jonghwan and Lee, Sungjun and Roh, Byungseok},
    title     = {Noise-Aware Learning from Web-Crawled Image-Text Data for Image Captioning},
    booktitle = {Proceedings of the IEEE/CVF International Conference on Computer Vision},
    year={2023},
    pages={2942-2952}
}

@inproceedings{imagecap2,
  title={Noise-Aware Image Captioning with Progressively Exploring Mismatched Words},
  author={Fu, Zhongtian and Song, Kefei and Zhou, Luping and Yang, Yang},
  booktitle={Proceedings of the AAAI Conference on Artificial Intelligence},
  volume={38},
  number={11},
  pages={12091--12099},
  year={2024}
}

@inproceedings{l2rm,
  title={Learning to Rematch Mismatched Pairs for Robust Cross-Modal Retrieval},
  author={Han, Haochen and Zheng, Qinghua and Dai, Guang and Luo, Minnan and Wang, Jingdong},
  booktitle={Proceedings of the IEEE/CVF Conference on Computer Vision and Pattern Recognition},
  pages={26679--26688},
  year={2024}
}

@inproceedings{lsra,
  title={Learning Semantic Relationship Among Instances for Image-Text Matching},
  author={Fu, Zheren and Mao, Zhendong and Song, Yan and Zhang, Yongdong},
  booktitle={Proceedings of the IEEE Conference on Computer Vision and Pattern Recognition},
  pages={15159--15168},
  year={2023}
}

@ARTICLE{multiview-1,
  author={Yang, Mouxing and Li, Yunfan and Hu, Peng and Bai, Jinfeng and Lv, Jiancheng and Peng, Xi},
  journal={IEEE Transactions on Pattern Analysis and Machine Intelligence}, 
  title={Robust Multi-View Clustering With Incomplete Information}, 
  year={2023},
  volume={45},
  number={1},
  pages={1055-1069}
}

@inproceedings{multiview-2,
  title={Decoupled Contrastive Multi-View Clustering with High-Order Random Walks},
  author={Lu, Yiding and Lin, Yijie and Yang, Mouxing and Peng, Dezhong and Hu, Peng and Peng, Xi},
  booktitle={Proceedings of the AAAI Conference on Artificial Intelligence},
  volume={38},
  number={13},
  pages={14193--14201},
  year={2024}
}

@inproceedings{naaf,
  title={Negative-Aware Attention Framework for Image-Text Matching},
  author={Zhang, Kun and Mao, Zhendong and Wang, Quan and Zhang, Yongdong},
  booktitle={Proceedings of the IEEE/CVF Conference on Computer Vision and Pattern Recognition},
  pages={15661--15670},
  year={2022}
}

@inproceedings{ncr,
 author = {Huang, Zhenyu and Niu, Guocheng and Liu, Xiao and Ding, Wenbiao and Xiao, Xinyan and Wu, Hua and Peng, Xi},
 booktitle = {Proceedings of Advances in Neural Information Processing Systems},
 pages = {29406--29419},
 title = {Learning with Noisy Correspondence for Cross-modal Matching},
 year = {2021}
}

@ARTICLE{rcl,
  author={Hu, Peng and Huang, Zhenyu and Peng, Dezhong and Wang, Xu and Peng, Xi},
  journal={IEEE Transactions on Pattern Analysis and Machine Intelligence}, 
  title={Cross-Modal Retrieval With Partially Mismatched Pairs}, 
  year={2023},
  volume={45},
  number={8},
  pages={9595-9610}
}

@inproceedings{reident1,
  title={Noisy-Correspondence Learning for Text-to-Image Person Re-Identification},
  author={Qin, Yang and Chen, Yingke and Peng, Dezhong and Peng, Xi and Zhou, Joey Tianyi and Hu, Peng},
  booktitle={Proceedings of the IEEE/CVF Conference on Computer Vision and Pattern Recognition},
  pages={27197--27206},
  year={2024}
}

@inproceedings{reident2,
  title={Learning with Twin Noisy Labels for Visible-Infrared Person Re-Identification},
  author={Yang, Mouxing and Huang, Zhenyu and Hu, Peng and Li, Taihao and Lv, Jiancheng and Peng, Xi},
  booktitle={Proceedings of the IEEE/CVF Conference on Computer Vision and Pattern Recognition},
  pages={14308--14317},
  year={2022}
}

@inproceedings{scan,
  title={Stacked Cross Attention for Image-Text Matching},
  author={Lee, Kuang-Huei and Chen, Xi and Hua, Gang and Hu, Houdong and He, Xiaodong},
  booktitle={Proceedings of the European Conference on Computer Vision},
  pages={201--216},
  year={2018}
}

@inproceedings{sgraf,
  title={Similarity Reasoning and Filtration for Image-Text Matching},
  author={Diao, Haiwen and Zhang, Ying and Ma, Lin and Lu, Huchuan},
  booktitle={Proceedings of the AAAI Conference on Artificial Intelligence},
  pages={1218--1226},
  year={2021}
}

@ARTICLE{trip,
  author={Feng, Zerun and Zeng, Zhimin and Guo, Caili and Li, Zheng and Hu, Lin},
  journal={IEEE Transactions on Multimedia}, 
  title={Learning From Noisy Correspondence With Tri-Partition for Cross-Modal Matching}, 
  year={2024},
  volume={26},
  pages={3884-3896},
  publisher={IEEE}
}

@inproceedings{vse++,
  title={VSE++: Improving Visual-Semantic Embeddings with Hard Negatives},
  author={Faghri, Fartash and Fleet, David J and Kiros, Jamie Ryan and Fidler, Sanja},
  booktitle={Proceedings of the British Machine Vision Conference},
  year={2018}
}

@inproceedings{vsrn,
  title={Visual Semantic Reasoning for Image-Text Matching},
  author={Li, Kunpeng and Zhang, Yulun and Li, Kai and Li, Yuanyuan and Fu, Yun},
  booktitle={Proceedings of the IEEE/CVF International Conference on Computer Vision},
  pages={4654--4662},
  year={2019}
}

@article{vtsr,
  title={Image-Text Embedding Learning via Visual and Textual Semantic Reasoning},
  author={Li, Kunpeng and Zhang, Yulun and Li, Kai and Li, Yuanyuan and Fu, Yun},
  journal={IEEE Transactions on Pattern Analysis and Machine Intelligence},
  volume={45},
  number={1},
  pages={641--656},
  year={2022}
}

