@String(PAMI = {IEEE Trans. Pattern Anal. Mach. Intell.})
@String(IJCV = {Int. J. Comput. Vis.})
@String(CVPR= {IEEE Conf. Comput. Vis. Pattern Recog.})
@String(ICCV= {Int. Conf. Comput. Vis.})
@String(ECCV= {Eur. Conf. Comput. Vis.})
@String(NIPS= {Adv. Neural Inform. Process. Syst.})
@String(ICPR = {Int. Conf. Pattern Recog.})
@String(BMVC= {Brit. Mach. Vis. Conf.})
@String(TOG= {ACM Trans. Graph.})
@String(TIP  = {IEEE Trans. Image Process.})
@String(TVCG  = {IEEE Trans. Vis. Comput. Graph.})
@String(TMM  = {IEEE Trans. Multimedia})
@String(ACMMM= {ACM Int. Conf. Multimedia})
@String(ICME = {Int. Conf. Multimedia and Expo})
@String(ICASSP=	{ICASSP})
@String(ICIP = {IEEE Int. Conf. Image Process.})
@String(ACCV  = {ACCV})
@String(ICLR = {Int. Conf. Learn. Represent.})
@String(IJCAI = {IJCAI})
@String(PR   = {Pattern Recognition})
@String(AAAI = {AAAI})
@String(CVPRW= {IEEE Conf. Comput. Vis. Pattern Recog. Worksh.})
@String(CSVT = {IEEE Trans. Circuit Syst. Video Technol.})

@String(SPL	= {IEEE Sign. Process. Letters})
@String(VR   = {Vis. Res.})
@String(JOV	 = {J. Vis.})
@String(TVC  = {The Vis. Comput.})
@String(JCST  = {J. Comput. Sci. Tech.})
@String(CGF  = {Comput. Graph. Forum})
@String(CVM = {Computational Visual Media})


@String(PAMI  = {IEEE TPAMI})
@String(IJCV  = {IJCV})
@String(CVPR  = {CVPR})
@String(ICCV  = {ICCV})
@String(ECCV  = {ECCV})
@String(NIPS  = {NeurIPS})
@String(ICPR  = {ICPR})
@String(BMVC  =	{BMVC})
@String(TOG   = {ACM TOG})
@String(TIP   = {IEEE TIP})
@String(TVCG  = {IEEE TVCG})
@String(TCSVT = {IEEE TCSVT})
@String(TMM   =	{IEEE TMM})
@String(ACMMM = {ACM MM})
@String(ICME  =	{ICME})
@String(ICASSP=	{ICASSP})
@String(ICIP  = {ICIP})
@String(ACCV  = {ACCV})
@String(ICLR  = {ICLR})
@String(IJCAI = {IJCAI})
@String(PR = {PR})
@String(AAAI = {AAAI})
@String(CVPRW= {CVPRW})
@String(CSVT = {IEEE TCSVT})



@misc{Authors14,
 author = {FirstName LastName},
 title = {The frobnicatable foo filter},
 note = {Face and Gesture submission ID 324. Supplied as supplemental material {\tt fg324.pdf}},
 year = 2014
}

@misc{Authors14b,
 author = {FirstName LastName},
 title = {Frobnication tutorial},
 note = {Supplied as supplemental material {\tt tr.pdf}},
 year = 2014
}

@article{Alpher02,
author = {FirstName Alpher},
title = {Frobnication},
journal = PAMI,
volume = 12,
number = 1,
pages = {234--778},
year = 2002
}

@article{Alpher03,
author = {FirstName Alpher and  FirstName Fotheringham-Smythe},
title = {Frobnication revisited},
journal = {Journal of Foo},
volume = 13,
number = 1,
pages = {234--778},
year = 2003
}

@article{Alpher04,
author = {FirstName Alpher and FirstName Fotheringham-Smythe and FirstName Gamow},
title = {Can a machine frobnicate?},
journal = {Journal of Foo},
volume = 14,
number = 1,
pages = {234--778},
year = 2004
}

@inproceedings{Alpher05,
author = {FirstName Alpher and FirstName Gamow},
title = {Can a computer frobnicate?},
booktitle = CVPR,
pages = {234--778},
year = 2005
}

@String(PAMI = {IEEE Trans. Pattern Anal. Mach. Intell.})
@String(IJCV = {Int. J. Comput. Vis.})
@String(CVPR= {IEEE Conf. Comput. Vis. Pattern Recog.})
@String(ICCV= {Int. Conf. Comput. Vis.})
@String(ECCV= {Eur. Conf. Comput. Vis.})
@String(NIPS= {Adv. Neural Inform. Process. Syst.})
@String(ICPR = {Int. Conf. Pattern Recog.})
@String(BMVC= {Brit. Mach. Vis. Conf.})
@String(TOG= {ACM Trans. Graph.})
@String(TIP  = {IEEE Trans. Image Process.})
@String(TVCG  = {IEEE Trans. Vis. Comput. Graph.})
@String(TMM  = {IEEE Trans. Multimedia})
@String(ACMMM= {ACM Int. Conf. Multimedia})
@String(ICME = {Int. Conf. Multimedia and Expo})
@String(ICASSP=	{ICASSP})
@String(ICIP = {IEEE Int. Conf. Image Process.})
@String(ACCV  = {ACCV})
@String(ICLR = {Int. Conf. Learn. Represent.})
@String(IJCAI = {IJCAI})
@String(PR   = {Pattern Recognition})
@String(AAAI = {AAAI})
@String(CVPRW= {IEEE Conf. Comput. Vis. Pattern Recog. Worksh.})
@String(CSVT = {IEEE Trans. Circuit Syst. Video Technol.})

@String(SPL	= {IEEE Sign. Process. Letters})
@String(VR   = {Vis. Res.})
@String(JOV	 = {J. Vis.})
@String(TVC  = {The Vis. Comput.})
@String(JCST  = {J. Comput. Sci. Tech.})
@String(CGF  = {Comput. Graph. Forum})
@String(CVM = {Computational Visual Media})


@String(PAMI  = {IEEE TPAMI})
@String(IJCV  = {IJCV})
@String(CVPR  = {CVPR})
@String(ICCV  = {ICCV})
@String(ECCV  = {ECCV})
@String(NIPS  = {NeurIPS})
@String(ICPR  = {ICPR})
@String(BMVC  =	{BMVC})
@String(TOG   = {ACM TOG})
@String(TIP   = {IEEE TIP})
@String(TVCG  = {IEEE TVCG})
@String(TCSVT = {IEEE TCSVT})
@String(TMM   =	{IEEE TMM})
@String(ACMMM = {ACM MM})
@String(ICME  =	{ICME})
@String(ICASSP=	{ICASSP})
@String(ICIP  = {ICIP})
@String(ACCV  = {ACCV})
@String(ICLR  = {ICLR})
@String(IJCAI = {IJCAI})
@String(PR = {PR})
@String(AAAI = {AAAI})
@String(CVPRW= {CVPRW})
@String(CSVT = {IEEE TCSVT})



@misc{Authors14,
 author = {FirstName LastName},
 title = {The frobnicatable foo filter},
 note = {Face and Gesture submission ID 324. Supplied as supplemental material {\tt fg324.pdf}},
 year = 2014
}

@misc{Authors14b,
 author = {FirstName LastName},
 title = {Frobnication tutorial},
 note = {Supplied as supplemental material {\tt tr.pdf}},
 year = 2014
}

@article{Alpher02,
author = {FirstName Alpher},
title = {Frobnication},
journal = PAMI,
volume = 12,
number = 1,
pages = {234--778},
year = 2002
}

@article{Alpher03,
author = {FirstName Alpher and  FirstName Fotheringham-Smythe},
title = {Frobnication revisited},
journal = {Journal of Foo},
volume = 13,
number = 1,
pages = {234--778},
year = 2003
}

@article{Alpher04,
author = {FirstName Alpher and FirstName Fotheringham-Smythe and FirstName Gamow},
title = {Can a machine frobnicate?},
journal = {Journal of Foo},
volume = 14,
number = 1,
pages = {234--778},
year = 2004
}

@inproceedings{Alpher05,
author = {FirstName Alpher and FirstName Gamow},
title = {Can a computer frobnicate?},
booktitle = CVPR,
pages = {234--778},
year = 2005
}


@article{cmgm,
author = {Cheng, Yuhao and Zhu, Xiaoguang and Qian, Jiuchao and Wen, Fei and Liu, Peilin},
title = {Cross-Modal Graph Matching Network for Image-Text Retrieval},
year = {2022},
volume = {18},
number = {4},
journal = {ACM Trans. Multimedia Comput. Commun. Appl.},
numpages = {23}
}

@inproceedings{scan,
  title={Stacked Cross Attention for Image-Text Matching},
  author={Lee, Kuang-Huei and Chen, Xi and Hua, Gang and Hu, Houdong and He, Xiaodong},
  booktitle={Proceedings of the European Conference on Computer Vision},
  pages={201--216},
  year={2018}
}

@inproceedings{sgraf,
  title={Similarity Reasoning and Filtration for Image-Text Matching},
  author={Diao, Haiwen and Zhang, Ying and Ma, Lin and Lu, Huchuan},
  booktitle={Proceedings of the AAAI Conference on Artificial Intelligence},
  pages={1218--1226},
  year={2021}
}

@inproceedings{vsrn,
  title={Visual Semantic Reasoning for Image-Text Matching},
  author={Li, Kunpeng and Zhang, Yulun and Li, Kai and Li, Yuanyuan and Fu, Yun},
  booktitle={Proceedings of the IEEE/CVF International Conference on Computer Vision},
  pages={4654--4662},
  year={2019}
}

@inproceedings{gpo,
     title={Learning the Best Pooling Strategy for Visual Semantic Embedding},
     author={Chen, Jiacheng and Hu, Hexiang and Wu, Hao and Jiang, Yuning and Wang, Changhu},
     booktitle={Proceedings of the IEEE/CVF Conference on Computer Vision and Pattern Recognition},
     pages={15789--15798},
     year={2021}
}

@inproceedings{vse++,
  title={VSE++: Improving Visual-Semantic Embeddings with Hard Negatives},
  author={Faghri, Fartash and Fleet, David J and Kiros, Jamie Ryan and Fidler, Sanja},
  booktitle={Proceedings of the British Machine Vision Conference},
  year={2018}
}

@article{vtsr,
  title={Image-Text Embedding Learning via Visual and Textual Semantic Reasoning},
  author={Li, Kunpeng and Zhang, Yulun and Li, Kai and Li, Yuanyuan and Fu, Yun},
  journal={IEEE Transactions on Pattern Analysis and Machine Intelligence},
  volume={45},
  number={1},
  pages={641--656},
  year={2022}
}

@ARTICLE{PAMI2021,
  author={Liu, Xin and Hu, Zhikai and Ling, Haibin and Cheung, Yiu-Ming},
  journal={IEEE Transactions on Pattern Analysis and Machine Intelligence},
  title={MTFH: A Matrix Tri-Factorization Hashing Framework for Efficient Cross-Modal Retrieval},
  year={2021},
  volume={43},
  number={3},
  pages={964-981}
  }

@inproceedings{chan,
  title={Fine-Grained Image-Text Matching by Cross-Modal Hard Aligning Network},
  author={Pan, Zhengxin and Wu, Fangyu and Zhang, Bailing},
  booktitle={Proceedings of the IEEE/CVF Conference on Computer Vision and Pattern Recognition},
  pages={19275--19284},
  year={2023}
}




@inproceedings{lsra,
  title={Learning Semantic Relationship Among Instances for Image-Text Matching},
  author={Fu, Zheren and Mao, Zhendong and Song, Yan and Zhang, Yongdong},
  booktitle={Proceedings of the IEEE Conference on Computer Vision and Pattern Recognition},
  pages={15159--15168},
  year={2023}
}

@inproceedings{cross-graph,
  title={Cross-Graph Attention Enhanced Multi-modal Correlation Learning for Fine-Grained Image-Text Retrieval},
  author={He, Yi and Liu, Xin and Cheung, Yiu-Ming and Peng, Shu-Juan and Yi, Jinhan and Fan, Wentao},
  booktitle={Proceedings of the 44th International ACM SIGIR Conference on Research and Development in Information Retrieval},
  pages={1865--1869},
  year={2021}
}

@inproceedings{naaf,
  title={Negative-Aware Attention Framework for Image-Text Matching},
  author={Zhang, Kun and Mao, Zhendong and Wang, Quan and Zhang, Yongdong},
  booktitle={Proceedings of the IEEE/CVF Conference on Computer Vision and Pattern Recognition},
  pages={15661--15670},
  year={2022}
}

@inproceedings{ncr,
 author = {Huang, Zhenyu and Niu, Guocheng and Liu, Xiao and Ding, Wenbiao and Xiao, Xinyan and Wu, Hua and Peng, Xi},
 booktitle = {Proceedings of Advances in Neural Information Processing Systems},
 pages = {29406--29419},
 title = {Learning with Noisy Correspondence for Cross-modal Matching},
 year = {2021}
}

@ARTICLE{rcl,
  author={Hu, Peng and Huang, Zhenyu and Peng, Dezhong and Wang, Xu and Peng, Xi},
  journal={IEEE Transactions on Pattern Analysis and Machine Intelligence}, 
  title={Cross-Modal Retrieval With Partially Mismatched Pairs}, 
  year={2023},
  volume={45},
  number={8},
  pages={9595-9610}
}

@ARTICLE{multiview-1,
  author={Yang, Mouxing and Li, Yunfan and Hu, Peng and Bai, Jinfeng and Lv, Jiancheng and Peng, Xi},
  journal={IEEE Transactions on Pattern Analysis and Machine Intelligence}, 
  title={Robust Multi-View Clustering With Incomplete Information}, 
  year={2023},
  volume={45},
  number={1},
  pages={1055-1069}
}

@inproceedings{multiview-2,
  title={Decoupled Contrastive Multi-View Clustering with High-Order Random Walks},
  author={Lu, Yiding and Lin, Yijie and Yang, Mouxing and Peng, Dezhong and Hu, Peng and Peng, Xi},
  booktitle={Proceedings of the AAAI Conference on Artificial Intelligence},
  volume={38},
  number={13},
  pages={14193--14201},
  year={2024}
}

@InProceedings{imagecap1,
    author    = {Kang, Wooyoung and Mun, Jonghwan and Lee, Sungjun and Roh, Byungseok},
    title     = {Noise-Aware Learning from Web-Crawled Image-Text Data for Image Captioning},
    booktitle = {Proceedings of the IEEE/CVF International Conference on Computer Vision},
    year={2023},
    pages={2942-2952}
}

@inproceedings{imagecap2,
  title={Noise-Aware Image Captioning with Progressively Exploring Mismatched Words},
  author={Fu, Zhongtian and Song, Kefei and Zhou, Luping and Yang, Yang},
  booktitle={Proceedings of the AAAI Conference on Artificial Intelligence},
  volume={38},
  number={11},
  pages={12091--12099},
  year={2024}
}

@inproceedings{reident1,
  title={Noisy-Correspondence Learning for Text-to-Image Person Re-Identification},
  author={Qin, Yang and Chen, Yingke and Peng, Dezhong and Peng, Xi and Zhou, Joey Tianyi and Hu, Peng},
  booktitle={Proceedings of the IEEE/CVF Conference on Computer Vision and Pattern Recognition},
  pages={27197--27206},
  year={2024}
}

@inproceedings{reident2,
  title={Learning with Twin Noisy Labels for Visible-Infrared Person Re-Identification},
  author={Yang, Mouxing and Huang, Zhenyu and Hu, Peng and Li, Taihao and Lv, Jiancheng and Peng, Xi},
  booktitle={Proceedings of the IEEE/CVF Conference on Computer Vision and Pattern Recognition},
  pages={14308--14317},
  year={2022}
}

@inproceedings{
    dividemix,
    title={DivideMix: Learning with Noisy Labels as Semi-supervised Learning},
    author={Junnan Li and Richard Socher and Steven C.H. Hoi},
    booktitle={Proceedings of International Conference on Learning Representations},
    year={2020},
}

@inproceedings{MSCN,
  title={Noisy Correspondence Learning with Meta Similarity Correction},
  author={Han, Haochen and Miao, Kaiyao and Zheng, Qinghua and Luo, Minnan},
  booktitle={Proceedings of the IEEE/CVF Conference on Computer Vision and Pattern Recognition},
  pages={7517--7526},
  year={2023}
}

@inproceedings{BiCro,
    author = {Yang, Shuo and Xu, Zhao Pan and Wang, Kai and Yang, You and Yao, Hongxun and Liu, Tongliang and Xu, Min},
    title = {BiCro: Noisy Correspondence Rectification for Multi-modality Data via Bi-directional Cross-modal Similarity Consistency},
    year = {2023},
    booktitle = {Proceedings of the IEEE/CVF Conference on Computer Vision and Pattern Recognition},
    pages={19883-19892}
}

@ARTICLE{trip,
  author={Feng, Zerun and Zeng, Zhimin and Guo, Caili and Li, Zheng and Hu, Lin},
  journal={IEEE Transactions on Multimedia}, 
  title={Learning From Noisy Correspondence With Tri-Partition for Cross-Modal Matching}, 
  year={2024},
  volume={26},
  pages={3884-3896},
  publisher={IEEE}
}

@inproceedings{UGNCL,
author = {Zha, Quanxing and Liu, Xin and Cheung, Yiu-ming and Xu, Xing and Wang, Nannan and Cao, Jianjia},
title = {UGNCL: Uncertainty-Guided Noisy Correspondence Learning for Efficient Cross-Modal Matching},
year = {2024},
publisher = {Association for Computing Machinery},
booktitle = {Proceedings of the 47th International ACM SIGIR Conference on Research and Development in Information Retrieval},
pages = {852–861},
numpages = {10}
}

@inproceedings{decl,
  title={Deep evidential learning with noisy correspondence for cross-modal retrieval},
  author={Qin, Yang and Peng, Dezhong and Peng, Xi and Wang, Xu and Hu, Peng},
  booktitle={Proceedings of the 30th ACM International Conference on Multimedia},
  pages={4948--4956},
  year={2022}
}

@article{crcl,
  title={Cross-modal Active Complementary Learning with Self-refining Correspondence},
  author={Qin, Yang and Sun, Yuan and Peng, Dezhong and Zhou, Joey Tianyi and Peng, Xi and Hu, Peng},
  journal={Proceedings of  International Conference on Neural Information Processing Systems},
  pages={24829--24840},
  year={2024}
}

@inproceedings{l2rm,
  title={Learning to Rematch Mismatched Pairs for Robust Cross-Modal Retrieval},
  author={Han, Haochen and Zheng, Qinghua and Dai, Guang and Luo, Minnan and Wang, Jingdong},
  booktitle={Proceedings of the IEEE/CVF Conference on Computer Vision and Pattern Recognition},
  pages={26679--26688},
  year={2024}
}

@inproceedings{PC2,
author = {Duan, Yue and Gu, Zhangxuan and Ying, Zhenzhe and Qi, Lei and Meng, Changhua and Shi, Yinghuan},
title = {PC2: Pseudo-Classification Based Pseudo-Captioning for Noisy Correspondence Learning in Cross-Modal Retrieval},
year = {2024},
booktitle = {Proceedings of the 32nd ACM International Conference on Multimedia},
pages = {9397–9406},
numpages = {10}
}

@inproceedings{esc,
  title={Robust Noisy Correspondence Learning with Equivariant Similarity Consistency},
  author={Yang, Yuchen and Wang, Likai and Yang, Erkun and Deng, Cheng},
  booktitle={Proceedings of the IEEE/CVF Conference on Computer Vision and Pattern Recognition},
  pages={17700--17709},
  year={2024}
}

@article{flickr,
  title={From image descriptions to visual denotations: New similarity metrics for semantic inference over event descriptions},
  author={Young, Peter and Lai, Alice and Hodosh, Micah and Hockenmaier, Julia},
  journal={Transactions of the Association for Computational Linguistics},
  pages={67--78},
  year={2014},
}

@inproceedings{coco,
  title={Microsoft coco: Common objects in context},
  author={Lin, Tsung-Yi and Maire, Michael and Belongie, Serge and Hays, James and Perona, Pietro and Ramanan, Deva and Doll{\'a}r, Piotr and Zitnick, C Lawrence},
  booktitle={Proceedings of European Conference Computer Vision},
  pages={740--755},
  year={2014}
}

@inproceedings{cc,
  title={Conceptual captions: A cleaned, hypernymed, image alt-text dataset for automatic image captioning},
  author={Sharma, Piyush and Ding, Nan and Goodman, Sebastian and Soricut, Radu},
  booktitle={Proceedings of the 56th Annual Meeting of the Association for Computational Linguistics (Volume 1: Long Papers)},
  pages={2556--2565},
  year={2018}
}

@inproceedings{coco5k,
  title={Deep visual-semantic alignments for generating image descriptions},
  author={Karpathy, Andrej and Fei-Fei, Li},
  booktitle={Proceedings of the IEEE Conference on Computer Vision and Pattern Recognition},
  pages={3128--3137},
  year={2015}
}

@inproceedings{iais,
    title = {Learning Relation Alignment for Calibrated Cross-modal Retrieval},
    author = {Ren, Shuhuai  and
      Lin, Junyang  and
      Zhao, Guangxiang  and
      Men, Rui  and
      Yang, An  and
      Zhou, Jingren  and
      Sun, Xu  and
      Yang, Hongxia},
    booktitle = {Proceedings of the 59th Annual Meeting of the Association for Computational Linguistics and the 11th International Joint Conference on Natural Language Processing},
    year = {2021},
    pages = {514--524}
}

@inproceedings{dscmr,
  title={Deep supervised cross-modal retrieval},
  author={Zhen, Liangli and Hu, Peng and Wang, Xu and Peng, Dezhong},
  booktitle={Proceedings of the IEEE/CVF conference on computer vision and pattern recognition},
  pages={10394--10403},
  year={2019}
}

@inproceedings{pecmr,
  title={Probabilistic embeddings for cross-modal retrieval},
  author={Chun, Sanghyuk and Oh, Seong Joon and De Rezende, Rafael Sampaio and Kalantidis, Yannis and Larlus, Diane},
  booktitle={Proceedings of the IEEE/CVF Conference on Computer Vision and Pattern Recognition},
  pages={8415--8424},
  year={2021}
}

@inproceedings{scaling,
  title={Scaling up visual and vision-language representation learning with noisy text supervision},
  author={Jia, Chao and Yang, Yinfei and Xia, Ye and Chen, Yi-Ting and Parekh, Zarana and Pham, Hieu and Le, Quoc and Sung, Yun-Hsuan and Li, Zhen and Duerig, Tom},
  booktitle={Proceedings of the 38th International Conference on Machine Learning},
  pages={4904--4916},
  year={2021}
}

@inproceedings{coteaching,
  title={Co-teaching: Robust training of deep neural networks with extremely noisy labels},
  author={Han, Bo and Yao, Quanming and Yu, Xingrui and Niu, Gang and Xu, Miao and Hu, Weihua and Tsang, Ivor and Sugiyama, Masashi},
  booktitle={Proceedings of the 32nd International Conference on Neural Information Processing Systems},
  volume={31},
  year={2018}
}

@article{cream,
	title={Cross-modal Retrieval with Noisy Correspondence via Consistency Refining and Mining},
	author={Ma, Xinran and Yang, Mouxing and Li, Yunfan and Hu, Peng and Lv, Jiancheng and Peng, Xi},
	journal={IEEE Transactions on Image Processing},
        volume={33},
        pages={2587-2598},
	year={2024},
        publisher={IEEE}
}

@INPROCEEDINGS{gsc,
  author={Zhao, Zihua and Chen, Mengxi and Dai, Tianjie and Yao, Jiangchao and Han, Bo and Zhang, Ya and Wang, Yanfeng},
  booktitle={Proceedings of IEEE/CVF Conference on Computer Vision and Pattern Recognition}, 
  title={Mitigating Noisy Correspondence by Geometrical Structure Consistency Learning}, 
  year={2024},
  pages={27371-27380}
}

@inproceedings{srem,
  title={Noisy Correspondence Learning with Self-Reinforcing Errors Mitigation},
  author={Dang, Zhuohang and Luo, Minnan and Jia, Chengyou and Dai, Guang and Chang, Xiaojun and Wang, Jingdong},
  booktitle={Proceedings of the AAAI Conference on Artificial Intelligence},
  volume={38},
  number={2},
  pages={1463--1471},
  year={2024}
}

@inproceedings{clip,
  title={Learning transferable visual models from natural language supervision},
  author={Radford, Alec and Kim, Jong Wook and Hallacy, Chris and Ramesh, Aditya and Goh, Gabriel and Agarwal, Sandhini and Sastry, Girish and Askell, Amanda and Mishkin, Pamela and Clark, Jack and others},
  booktitle={Proceedings of the 38th International Conference on Machine Learning},
  pages={8748--8763},
  year={2021}
}

@article{gmm,
  title={A study of Gaussian mixture models of color and texture features for image classification and segmentation},
  author={Permuter, Haim and Francos, Joseph and Jermyn, Ian},
  journal={Pattern Recognition},
  volume={39},
  number={4},
  pages={695--706},
  year={2006},
  publisher={Elsevier}
}

@article{em,
  title={Maximum likelihood from incomplete data via the EM algorithm},
  author={Dempster, Arthur P and Laird, Nan M and Rubin, Donald B},
  journal={Journal of the royal statistical society: series B (methodological)},
  volume={39},
  number={1},
  pages={1--22},
  year={1977},
  publisher={Wiley Online Library}
}

@ARTICLE{faster-rcnn,
  author={Ren, Shaoqing and He, Kaiming and Girshick, Ross and Sun, Jian},
  journal={IEEE Transactions on Pattern Analysis and Machine Intelligence}, 
  title={Faster R-CNN: Towards Real-Time Object Detection with Region Proposal Networks}, 
  year={2017},
  volume={39},
  number={6},
  pages={1137-1149},
  publisher={IEEE}
}

@inproceedings{bigru,
  author       = {Dzmitry Bahdanau and
                  Kyunghyun Cho and
                  Yoshua Bengio},
  editor       = {Yoshua Bengio and
                  Yann LeCun},
  title        = {Neural Machine Translation by Jointly Learning to Align and Translate},
  booktitle    = {3rd International Conference on Learning Representations, {ICLR} 2015,
                  San Diego, CA, USA, May 7-9, 2015, Conference Track Proceedings},
  year         = {2015},
}

@INPROCEEDINGS{imram,
  author={Chen, Hui and Ding, Guiguang and Liu, Xudong and Lin, Zijia and Liu, Ji and Han, Jungong},
  booktitle={Proceedings of the IEEE/CVF Conference on Computer Vision and Pattern Recognition}, 
  title={IMRAM: Iterative Matching With Recurrent Attention Memory for Cross-Modal Image-Text Retrieval}, 
  year={2020},
  pages={12652-12660}
}

@InProceedings{hrem,
    author    = {Fu, Zheren and Mao, Zhendong and Song, Yan and Zhang, Yongdong},
    title     = {Learning Semantic Relationship Among Instances for Image-Text Matching},
    booktitle = {Proceedings of the IEEE/CVF Conference on Computer Vision and Pattern Recognition (CVPR)},
    month     = {June},
    year      = {2023},
    pages     = {15159-15168}
}