@article{boutilier2023modeling,
  title={Modeling recommender ecosystems: Research challenges at the intersection of mechanism design, reinforcement learning and generative models},
  author={Boutilier, Craig and Mladenov, Martin and Tennenholtz, Guy},
  journal={arXiv preprint arXiv:2309.06375},
  year={2023}
}

@inproceedings{hron2022modeling,
  title={Modeling Content Creator Incentives on Algorithm-Curated Platforms},
  author={Hron, Jiri and Krauth, Karl and Jordan, Michael and Kilbertus, Niki and Dean, Sarah},
  booktitle={The Eleventh International Conference on Learning Representations},
  year={2022}
}

@article{huttenlocher2023matching,
  title={Matching of users and creators in two-sided markets with departures},
  author={Huttenlocher, Daniel and Li, Hannah and Lyu, Liang and Ozdaglar, Asuman and Siderius, James},
  journal={arXiv preprint arXiv:2401.00313},
  year={2023}
}

@article{jagadeesan2022supply,
  title={Supply-Side Equilibria in Recommender Systems},
  author={Jagadeesan, Meena and Garg, Nikhil and Steinhardt, Jacob},
  journal={arXiv preprint arXiv:2206.13489},
  year={2022}
}

@inproceedings{mladenov2020optimizing,
  title={Optimizing Long-term Social Welfare in Recommender Systems: A Constrained Matching Approach},
  author={Mladenov, Martin and Creager, Elliot and Ben-Porat, Omer and Swersky, Kevin and Zemel, Richard and Boutilier, Craig},
  booktitle={Proceedings of the 37th International Conference on Machine Learning},
  pages={6987--6998},
  year={2020},
  organization={PMLR}
}

@inproceedings{singh2018fairness,
  title={Fairness of Exposure in Rankings},
  author={Singh, Ashudeep and Joachims, Thorsten},
  booktitle={Proceedings of the 24th ACM SIGKDD international conference on knowledge discovery \& data mining},
  pages={2219--2228},
  year={2018}
}

@article{su2023value,
  title={Value of Exploration: Measurements, Findings and Algorithms},
  author={Su, Yi and Wang, Xiangyu and Le, Elaine Ya and Liu, Liang and Li, Yuening and Lu, Haokai and Lipshitz, Benjamin and Badam, Sriraj and Heldt, Lukasz and Bi, Shuchao and others},
  journal={arXiv preprint arXiv:2305.07764},
  year={2023}
}

@inproceedings{wang2021user,
  title={User Fairness, Item Fairness, and Diversity for Rankings in Two-Sided Markets},
  author={Wang, Lequn and Joachims, Thorsten},
  booktitle={Proceedings of the ACM SIGIR International Conference on Theory of Information Retrieval},
  pages={23--41},
  year={2021}
}

@article{yao2023rethinking,
  title={Rethinking incentives in recommender systems: are monotone rewards always beneficial?},
  author={Yao, Fan and Li, Chuanhao and Sankararaman, Karthik Abinav and Liao, Yiming and Zhu, Yan and Wang, Qifan and Wang, Hongning and Xu, Haifeng},
  journal={Advances in Neural Information Processing Systems},
  volume={36},
  year={2023}
}

