@inproceedings{li2010contextual,
  title={A Contextual-Bandit Approach to Personalized News Article Recommendation},
  author={Li, Lihong and Chu, Wei and Langford, John and Schapire, Robert E},
  booktitle={Proceedings of the 19th International Conference on World Wide Web},
  pages={661--670},
  year={2010}
}

@inproceedings{perdomo2020performative,
  title={Performative prediction},
  author={Perdomo, Juan and Zrnic, Tijana and Mendler-D{\"u}nner, Celestine and Hardt, Moritz},
  booktitle={International Conference on Machine Learning},
  pages={7599--7609},
  year={2020},
}

@inproceedings{brown2022performative,
  title={Performative Prediction in a Stateful World},
  author={Brown, Gavin and Hod, Shlomi and Kalemaj, Iden},
  booktitle={International Conference on Artificial Intelligence and Statistics},
  pages={6045--6061},
  year={2022},
}

@article{reinsch1967smoothing,
  title={Smoothing by spline functions},
  author={Reinsch, Christian H},
  journal={Numerische mathematik},
  volume={10},
  number={3},
  pages={177--183},
  year={1967},
  publisher={Springer-Verlag Berlin/Heidelberg}
}

@article{virtanen2020scipy,
  title={SciPy 1.0: fundamental algorithms for scientific computing in Python},
  author={Virtanen, Pauli and Gommers, Ralf and Oliphant, Travis E and Haberland, Matt and Reddy, Tyler and Cournapeau, David and Burovski, Evgeni and Peterson, Pearu and Weckesser, Warren and Bright, Jonathan and others},
  journal={Nature methods},
  volume={17},
  number={3},
  pages={261--272},
  year={2020},
  publisher={Nature Publishing Group}
}

@inproceedings{evnine2024achieving,
  title={Achieving a Better Tradeoff in Multi-stage Recommender Systems through Personalization},
  author={Evnine, Ariel and Ioannidis, Stratis and Kalimeris, Dimitris and Kalyanaraman, Shankar and Li, Weiwei and Nir, Israel and Sun, Wei and Weinsberg, Udi},
  booktitle={Proceedings of the 30th ACM SIGKDD Conference on Knowledge Discovery and Data Mining},
  pages={4939--4950},
  year={2024}
}

@article{deffayet2024sardine,
  title={SARDINE: Simulator for Automated Recommendation in Dynamic and Interactive Environments},
  author={Deffayet, Romain and Thonet, Thibaut and Hwang, Dongyoon and Lehoux, Vassilissa and Renders, Jean-Michel and de Rijke, Maarten},
  journal={ACM Transactions on Recommender Systems},
  volume={2},
  number={3},
  pages={1--34},
  year={2024},
}


@article{quelle2024bluesky,
  title={Bluesky: Network Topology, Polarisation, and Algorithmic Curation},
  author={Quelle, Dorian and Bovet, Alexandre},
  journal={arXiv preprint arXiv:2405.17571},
  year={2024}
}

@article{bose2023initializing,
  title={Initializing Services in Interactive ML Systems for Diverse Users},
  author={Bose, Avinandan and Curmei, Mihaela and Jiang, Daniel L and Morgenstern, Jamie and Dean, Sarah and Ratliff, Lillian J and Fazel, Maryam},
  journal={arXiv preprint arXiv:2312.11846},
  year={2023}
}

@article{harper2015movielens,
  title={The movielens datasets: History and context},
  author={Harper, F Maxwell and Konstan, Joseph A},
  journal={Acm transactions on interactive intelligent systems (tiis)},
  volume={5},
  number={4},
  pages={1--19},
  year={2015},
  publisher={Acm New York, NY, USA}
}

@inproceedings{he2017neural,
  title={Neural Collaborative Filtering},
  author={He, Xiangnan and Liao, Lizi and Zhang, Hanwang and Nie, Liqiang and Hu, Xia and Chua, Tat-Seng},
  booktitle={Proceedings of the 26th International Conference on World Wide Web},
  pages={173--182},
  year={2017}
}

@inproceedings{gao2022kuairec,
  title={KuaiRec: A fully-observed dataset and insights for evaluating recommender systems},
  author={Gao, Chongming and Li, Shijun and Lei, Wenqiang and Chen, Jiawei and Li, Biao and Jiang, Peng and He, Xiangnan and Mao, Jiaxin and Chua, Tat-Seng},
  booktitle={Proceedings of the 31st ACM International Conference on Information \& Knowledge Management},
  pages={540--550},
  year={2022}
}

@inproceedings{hashimoto2018fairness,
  title={Fairness without Demographics in Repeated Loss Minimization},
  author={Hashimoto, Tatsunori and Srivastava, Megha and Namkoong, Hongseok and Liang, Percy},
  booktitle={Pcodeedings of the 35th International Conference on Machine Learning},
  pages={1929--1938},
  year={2018},
  organization={PMLR}
}

@inproceedings{mladenov2020optimizing,
  title={Optimizing Long-term Social Welfare in Recommender Systems: A Constrained Matching Approach},
  author={Mladenov, Martin and Creager, Elliot and Ben-Porat, Omer and Swersky, Kevin and Zemel, Richard and Boutilier, Craig},
  booktitle={Proceedings of the 37th International Conference on Machine Learning},
  pages={6987--6998},
  year={2020},
  organization={PMLR}
}

@inproceedings{singh2018fairness,
  title={Fairness of Exposure in Rankings},
  author={Singh, Ashudeep and Joachims, Thorsten},
  booktitle={Proceedings of the 24th ACM SIGKDD international conference on knowledge discovery \& data mining},
  pages={2219--2228},
  year={2018}
}

@inproceedings{zhan2021towards,
  title={Towards Content Provider Aware Recommender Systems: A Simulation Study on the Interplay between User and Provider Utilities},
  author={Zhan, Ruohan and Christakopoulou, Konstantina and Le, Ya and Ooi, Jayden and Mladenov, Martin and Beutel, Alex and Boutilier, Craig and Chi, Ed and Chen, Minmin},
  booktitle={Proceedings of the Web Conference 2021},
  pages={3872--3883},
  year={2021}
}

@inproceedings{hron2022modeling,
  title={Modeling Content Creator Incentives on Algorithm-Curated Platforms},
  author={Hron, Jiri and Krauth, Karl and Jordan, Michael and Kilbertus, Niki and Dean, Sarah},
  booktitle={The Eleventh International Conference on Learning Representations},
  year={2022}
}

@article{dean2022emergent,
  title={Emergent segmentation from participation dynamics and multi-learner retraining},
  author={Dean, Sarah and Curmei, Mihaela and Ratliff, Lillian J and Morgenstern, Jamie and Fazel, Maryam},
  journal={arXiv preprint arXiv:2206.02667},
  year={2022}
}

@inproceedings{joachims2018deep,
  title={Deep Learning with Logged Bandit Feedback},
  author={Joachims, Thorsten and Swaminathan, Adith and De Rijke, Maarten},
  booktitle={International Conference on Learning Representations},
  year={2018}
}

@inproceedings{liu2018delayed,
  title={Delayed impact of fair machine learning},
  author={Liu, Lydia T and Dean, Sarah and Rolf, Esther and Simchowitz, Max and Hardt, Moritz},
  booktitle={Proceedings of the 35th International Conference on Machine Learning},
  pages={3150--3158},
  year={2018},
  organization={PMLR}
}

@inproceedings{leonhardt2018user,
  title={User Fairness in Recommender Systems},
  author={Leonhardt, Jurek and Anand, Avishek and Khosla, Megha},
  booktitle={Companion Proceedings of the The Web Conference},
  pages={101--102},
  year={2018}
}

@article{yao2017beyond,
  title={Beyond Parity: Fairness Objectives for Collaborative Filtering},
  author={Yao, Sirui and Huang, Bert},
  journal={Advances in Neural Information Processing Systems},
  volume={30},
  year={2017}
}

@inproceedings{li2021user,
  title={User-oriented Fairness in Recommendation},
  author={Li, Yunqi and Chen, Hanxiong and Fu, Zuohui and Ge, Yingqiang and Zhang, Yongfeng},
  booktitle={Proceedings of the Web Conference},
  pages={624--632},
  year={2021}
}

@inproceedings{mansoury2020feedback,
  title={Feedback Loop and Bias Amplification in Recommender Systems},
  author={Mansoury, Masoud and Abdollahpouri, Himan and Pechenizkiy, Mykola and Mobasher, Bamshad and Burke, Robin},
  booktitle={Proceedings of the 29th ACM International Conference on Information \& Knowledge Management},
  pages={2145--2148},
  year={2020}
}

@inproceedings{wang2021user,
  title={User Fairness, Item Fairness, and Diversity for Rankings in Two-Sided Markets},
  author={Wang, Lequn and Joachims, Thorsten},
  booktitle={Proceedings of the ACM SIGIR International Conference on Theory of Information Retrieval},
  pages={23--41},
  year={2021}
}

@article{frauen2023fair,
  title={Fair Off-Policy Learning from Observational Data},
  author={Frauen, Dennis and Melnychuk, Valentyn and Feuerriegel, Stefan},
  journal={arXiv preprint arXiv:2303.08516},
  year={2023}
}

@article{barocas2017fairness,
  title={Fairness in Machine Learning},
  author={Barocas, Solon and Hardt, Moritz and Narayanan, Arvind},
  journal={Neural Information Processing Systems tutorial},
  volume={1},
  pages={2017},
  year={2017}
}

@inproceedings{saito2022fair,
  title={Fair Ranking as Fair Division: Impact-Based Individual Fairness in Ranking},
  author={Saito, Yuta and Joachims, Thorsten},
  booktitle={Proceedings of the 28th ACM SIGKDD Conference on Knowledge Discovery \& Data Mining},
  pages={1514--1524},
  year={2022}
}

@article{rastogi2023fair,
  title={Fair Ranking under Disparate Uncertainty},
  author={Rastogi, Richa and Joachims, Thorsten},
  journal={arXiv preprint arXiv:2309.01610},
  year={2023}
}

@article{su2023value,
  title={Value of Exploration: Measurements, Findings and Algorithms},
  author={Su, Yi and Wang, Xiangyu and Le, Elaine Ya and Liu, Liang and Li, Yuening and Lu, Haokai and Lipshitz, Benjamin and Badam, Sriraj and Heldt, Lukasz and Bi, Shuchao and others},
  journal={arXiv preprint arXiv:2305.07764},
  year={2023}
}

@article{yao2023rethinking,
  title={Rethinking incentives in recommender systems: are monotone rewards always beneficial?},
  author={Yao, Fan and Li, Chuanhao and Sankararaman, Karthik Abinav and Liao, Yiming and Zhu, Yan and Wang, Qifan and Wang, Hongning and Xu, Haifeng},
  journal={Advances in Neural Information Processing Systems},
  volume={36},
  year={2023}
}

@article{jagadeesan2022supply,
  title={Supply-Side Equilibria in Recommender Systems},
  author={Jagadeesan, Meena and Garg, Nikhil and Steinhardt, Jacob},
  journal={arXiv preprint arXiv:2206.13489},
  year={2022}
}

@article{nash1950equilibrium,
  title={Equilibrium points in n-person games},
  author={Nash Jr, John F},
  journal={Proceedings of the national academy of sciences},
  volume={36},
  number={1},
  pages={48--49},
  year={1950},
  publisher={National Acad Sciences}
}

@article{rosen1965existence,
  title={Existence and uniqueness of equilibrium points for concave n-person games},
  author={Rosen, J Ben},
  journal={Econometrica: Journal of the Econometric Society},
  pages={520--534},
  year={1965},
  publisher={JSTOR}
}

@article{prasad2023content,
  title={Content prompting: Modeling content provider dynamics to improve user welfare in recommender ecosystems},
  author={Prasad, Siddharth and Mladenov, Martin and Boutilier, Craig},
  journal={arXiv preprint arXiv:2309.00940},
  year={2023}
}

@inproceedings{yao2024user,
  title={User welfare optimization in recommender systems with competing content creators},
  author={Yao, Fan and Liao, Yiming and Wu, Mingzhe and Li, Chuanhao and Zhu, Yan and Yang, James and Liu, Jingzhou and Wang, Qifan and Xu, Haifeng and Wang, Hongning},
  booktitle={Proceedings of the 30th ACM SIGKDD Conference on Knowledge Discovery and Data Mining},
  pages={3874--3885},
  year={2024}
}

@inproceedings{yao2024human,
  title={Human vs. Generative AI in Content Creation Competition: Symbiosis or Conflict?},
  author={Yao, Fan and Li, Chuanhao and Nekipelov, Denis and Wang, Hongning and Xu, Haifeng},
  booktitle={International Conference on Machine Learning},
  year={2024},
  organization={PMLR}
}

@article{boutilier2023modeling,
  title={Modeling recommender ecosystems: Research challenges at the intersection of mechanism design, reinforcement learning and generative models},
  author={Boutilier, Craig and Mladenov, Martin and Tennenholtz, Guy},
  journal={arXiv preprint arXiv:2309.06375},
  year={2023}
}

@article{huttenlocher2023matching,
  title={Matching of users and creators in two-sided markets with departures},
  author={Huttenlocher, Daniel and Li, Hannah and Lyu, Liang and Ozdaglar, Asuman and Siderius, James},
  journal={arXiv preprint arXiv:2401.00313},
  year={2023}
}

@inproceedings{chen2021values,
  title={Values of User Exploration in Recommender Systems},
  author={Chen, Minmin and Wang, Yuyan and Xu, Can and Le, Ya and Sharma, Mohit and Richardson, Lee and Wu, Su-Lin and Chi, Ed},
  booktitle={Proceedings of the 15th ACM Conference on Recommender Systems},
  pages={85--95},
  year={2021}
}

@article{jiang2023mistral,
  title={Mistral 7B},
  author={Jiang, Albert Q and Sablayrolles, Alexandre and Mensch, Arthur and Bamford, Chris and Chaplot, Devendra Singh and Casas, Diego de las and Bressand, Florian and Lengyel, Gianna and Lample, Guillaume and Saulnier, Lucile and others},
  journal={arXiv preprint arXiv:2310.06825},
  year={2023}
}


@article{harper2015movielens,
  title={The movielens datasets: History and context},
  author={Harper, F Maxwell and Konstan, Joseph A},
  journal={Acm transactions on interactive intelligent systems (tiis)},
  volume={5},
  number={4},
  pages={1--19},
  year={2015},
  publisher={Acm New York, NY, USA}
}

@article{bunch1978rank,
  title={Rank-one modification of the symmetric eigenproblem},
  author={Bunch, James R and Nielsen, Christopher P and Sorensen, Danny C},
  journal={Numerische Mathematik},
  volume={31},
  number={1},
  pages={31--48},
  year={1978},
  publisher={Springer}
}

@article{fan1949theorem,
  title={On a theorem of {W}eyl concerning eigenvalues of linear transformations {I}},
  author={Fan, Ky},
  journal={Proceedings of the National Academy of Sciences of the United States of America},
  volume={35},
  number={11},
  pages={652},
  year={1949},
  publisher={National Academy of Sciences}
}


@book{cournot1838recherches,
  title={Recherches sur les principes math{\'e}matiques de la th{\'e}orie des richesses},
  author={Cournot, Antoine Augustin},
  volume={48},
  year={1838},
  publisher={L. Hachette}
}

@article{brown2020language,
  title={Language Models are Few-Shot Learners},
  author={Tom Brown and Benjamin Mann and Nick Ryder and Melanie Subbiah and Jared Kaplan and Prafulla Dhariwal and Arvind Neelakantan and Pranav Shyam and Girish Sastry and Amanda Askell and Sandhini Agarwal and Ariel Herbert-Voss and Gretchen Krueger and Tom Henighan and Rewon Child and Aditya Ramesh and Daniel M. Ziegler and Jeffrey Wu and Clemens Winter and Christopher Hesse and Mark Chen and Eric Sigler and Mateusz Litwin and Scott Gray and Benjamin Chess and Jack Clark and Christopher Berner and Sam McCandlish and Alec Radford and Ilya Sutskever and Dario Amodei},
  journal={Advances in Neural Information Processing Systems},
  volume={33},
  pages={1877--1901},
  year={2020}
}

@article{chen2023large,
  title={When large language models meet personalization: Perspectives of challenges and opportunities},
  author={Chen, Jin and Liu, Zheng and Huang, Xu and Wu, Chenwang and Liu, Qi and Jiang, Gangwei and Pu, Yuanhao and Lei, Yuxuan and Chen, Xiaolong and Wang, Xingmei and others},
  journal={arXiv preprint arXiv:2307.16376},
  year={2023}
}

@article{konda1999actor,
  title={Actor-Critic Algorithms},
  author={Konda, Vijay and Tsitsiklis, John},
  journal={Advances in Neural Information Processing Systems},
  volume={12},
  year={1999}
}

@article{shilova2023adbooster,
  title={AdBooster: Personalized Ad Creative Generation using Stable Diffusion Outpainting},
  author={Shilova, Veronika and Santos, Ludovic Dos and Vasile, Flavian and Racic, Ga{\"e}tan and Tanielian, Ugo},
  journal={arXiv preprint arXiv:2309.11507},
  year={2023}
}

@inproceedings{wang2021reinforcing,
  title={Reinforcing pretrained models for generating attractive text advertisements},
  author={Wang, Xiting and Gu, Xinwei and Cao, Jie and Zhao, Zihua and Yan, Yulan and Middha, Bhuvan and Xie, Xing},
  booktitle={Proceedings of the 27th ACM SIGKDD Conference on Knowledge Discovery \& Data Mining},
  pages={3697--3707},
  year={2021}
}

@inproceedings{shin2020autoprompt,
  title={AutoPrompt: Eliciting Knowledge from Language Models with Automatically Generated Prompts},
  author={Shin, Taylor and Razeghi, Yasaman and Logan IV, Robert L and Wallace, Eric and Singh, Sameer},
  booktitle={Proceedings of the 2020 Conference on Empirical Methods in Natural Language Processing},
  pages={4222--4235},
  year={2020}
}

@inproceedings{lester2021power,
  title={The Power of Scale for Parameter-Efficient Prompt Tuning},
  author={Lester, Brian and Al-Rfou, Rami and Constant, Noah},
  booktitle={Proceedings of the 2021 Conference on Empirical Methods in Natural Language Processing},
  pages={3045--3059},
  year={2021}
}

@inproceedings{deng2022rlprompt,
  title={RLPrompt: Optimizing Discrete Text Prompts with Reinforcement Learning},
  author={Deng, Mingkai and Wang, Jianyu and Hsieh, Cheng-Ping and Wang, Yihan and Guo, Han and Shu, Tianmin and Song, Meng and Xing, Eric and Hu, Zhiting},
  booktitle={Proceedings of the 2022 Conference on Empirical Methods in Natural Language Processing},
  pages={3369--3391},
  year={2022}
}

@inproceedings{matsushima2021deployment,
  title={Deployment-Efficient Reinforcement Learning via Model-Based Offline Optimization},
  author={Matsushima, Tatsuya and Furuta, Hiroki and Matsuo, Yutaka and Nachum, Ofir and Gu, Shixiang},
  booktitle={International Conference on Learning Representations},
  year={2021},
}

@article{levine2020offline,
  title={Offline Reinforcement Learning: Tutorial, Review, and Perspectives on Open Problems},
  author={Levine, Sergey and Kumar, Aviral and Tucker, George and Fu, Justin},
  journal={arXiv preprint arXiv:2005.01643},
  year={2020}
}

@inproceedings{gilotte2018offline,
  title={Offline A/B Testing for Recommender Systems},
  author={Gilotte, Alexandre and Calauz{\`e}nes, Cl{\'e}ment and Nedelec, Thomas and Abraham, Alexandre and Doll{\'e}, Simon},
  booktitle={Proceedings of the 11th ACM International Conference on Web Search and Data Mining},
  pages={198--206},
  year={2018}
}

@inproceedings{saito2021open,
  title={Open Bandit Dataset and Pipeline: Towards Realistic and Reproducible Off-Policy Evaluation},
  author={Saito, Yuta and Aihara, Shunsuke and Matsutani, Megumi and Narita, Yusuke},
  booktitle={35th Conference on Neural Information Processing Systems Datasets and Benchmarks Track},
  year={2021}
}

@inproceedings{saito2022off,
  title={Off-policy evaluation for large action spaces via embeddings},
  author={Saito, Yuta and Joachims, Thorsten},
  booktitle={Proceedings of the 39th International; Conference of Machine Learning},
  pages={19089--19122},
  year={2022},
  volume={162},
}

@inproceedings{saito2023off,
  title={Off-Policy Evaluation for Large Action Spaces via Conjunct Effect Modeling},
  author={Saito, Yuta and Ren, Qingyang and Joachims, Thorsten},
  booktitle={Proceedings of the 40th International; Conference of Machine Learning},
  pages={29734--29759},
  volume={202},
  year={2023}
}

@article{brown2020language,
  title={Language models are few-shot learners},
  author={Brown, Tom and Mann, Benjamin and Ryder, Nick and Subbiah, Melanie and Kaplan, Jared D and Dhariwal, Prafulla and Neelakantan, Arvind and Shyam, Pranav and Sastry, Girish and Askell, Amanda and Agarwal, Sandhini and Herbert-Voss, Ariel and Krueger, Gretchen and Henighan, Tom and Child, Rewon and Ramesh, Aditya and Ziegler, Daniel and Wu, Jeffrey and Winter, Clemens and Hesse, Chris and Chen, Mark and Sigler, Eric and Litwin, Mateusz and Gray, Scott and Chess, Benjamin and Clark, Jack and Berner, Christopher and McCandlish, Sam and Radford, Alec and Sutskever, Ilya and Amodei, Dario},
  journal={Advances in Neural Information Processing Systems},
  volume={33},
  pages={1877--1901},
  year={2020}
}

@inproceedings{ding2022openprompt,
  title={OpenPrompt: An Open-source Framework for Prompt-learning},
  author={Ding, Ning and Hu, Shengding and Zhao, Weilin and Chen, Yulin and Liu, Zhiyuan and Zheng, Haitao and Sun, Maosong},
  booktitle={Proceedings of the 60th Annual Meeting of the Association for Computational Linguistics: System Demonstrations},
  pages={105--113},
  year={2022}
}

@inproceedings{li2019towards,
  title={Towards Controllable and Personalized Review Generation},
  author={Li, Pan and Tuzhilin, Alexander},
  booktitle={Proceedings of the 2019 Conference on Empirical Methods in Natural Language Processing and the 9th International Joint Conference on Natural Language Processing},
  pages={3237--3245},
  year={2019}
}

@article{christiano2017deep,
  title={Deep Reinforcement Learning from Human Preferences},
  author={Christiano, Paul F and Leike, Jan and Brown, Tom and Martic, Miljan and Legg, Shane and Amodei, Dario},
  journal={Advances in Neural Information Processing Systems},
  volume={30},
  year={2017}
}

@article{ouyang2022training,
  title={Training language models to follow instructions with human feedback},
  author={Ouyang, Long and Wu, Jeffrey and Jiang, Xu and Almeida, Diogo and Wainwright, Carroll and Mishkin, Pamela and Zhang, Chong and Agarwal, Sandhini and Slama, Katarina and Ray, Alex and others},
  journal={Advances in Neural Information Processing Systems},
  volume={35},
  pages={27730--27744},
  year={2022}
}

@inproceedings{snell2022offline,
  title={Offline RL for Natural Language Generation with Implicit Language Q Learning},
  author={Snell, Charlie Victor and Kostrikov, Ilya and Su, Yi and Yang, Sherry and Levine, Sergey},
  booktitle={The 11th International Conference on Learning Representations},
  year={2022}
}

@article{lyu2023llm,
  title={LLM-Rec: Personalized Recommendation via Prompting Large Language Models},
  author={Lyu, Hanjia and Jiang, Song and Zeng, Hanqing and Xia, Yinglong and Luo, Jiebo},
  journal={arXiv preprint arXiv:2307.15780},
  year={2023}
}

@article{wu2023openicl,
  title={OpenICL: An Open-Source Framework for In-Context Learning},
  author={Wu, Zhenyu and Wang, YaoXiang and Ye, Jiacheng and Feng, Jiangtao and Xu, Jingjing and Qiao, Yu and Wu, Zhiyong},
  journal={arXiv preprint arXiv:2303.02913},
  year={2023}
}

@inproceedings{aher2023using,
  title={Using Large Language Models to Simulate Multiple Humans and Replicate Human Subject Studies},
  author={Aher, Gati V and Arriaga, Rosa I and Kalai, Adam Tauman},
  booktitle={Proceedings of the 40th International Conference on Machine Learning},
  pages={337--371},
  year={2023},
}

@inproceedings{liu2020you,
  title={You Impress Me: Dialogue Generation via Mutual Persona Perception},
  author={Liu, Qian and Chen, Yihong and Chen, Bei and Lou, Jian-Guang and Chen, Zixuan and Zhou, Bin and Zhang, Dongmei},
  booktitle={Proceedings of the 58th Annual Meeting of the Association for Computational Linguistics},
  pages={1417--1427},
  year={2020}
}

@inproceedings{beygelzimer2009offset,
  title={The Offset Tree for Learning with Partial Labels},
  author={Beygelzimer, Alina and Langford, John},
  booktitle={Proceedings of the 15th ACM SIGKDD International Conference on Knowledge Discovery \& Data Mining},
  pages={129--138},
  year={2009}
}

@inproceedings{strehl2010learning,
  author={Strehl, Alex and Langford, John and Li, Lihong and Kakade, Sham M},
  booktitle={Advances in Neural Information Processing Systems},
  pages={2217--2225},
  title={Learning from Logged Implicit Exploration Data},
  volume={23},
  year={2010}
}

@inproceedings{dudik2011doubly,
    author={Dud\'{\i}k, Miroslav and Langford, John and Li, Lihong},
    title={Doubly Robust Policy Evaluation and Learning},
    year={2011},
    booktitle={Proceedings of the 28th International Conference on International Conference on Machine Learning},
    pages={1097–1104}
}

@article{cui2022m6,
  title={M6-Rec: Generative Pretrained Language Models are Open-ended Recommender Systems},
  author={Cui, Zeyu and Ma, Jianxin and Zhou, Chang and Zhou, Jingren and Yang, Hongxia},
  journal={arXiv preprint arXiv:2205.08084},
  year={2022}
}

@article{kang2023llms,
  title={Do LLMs Understand User Preferences? Evaluating LLMs On User Rating Prediction},
  author={Kang, Wang-Cheng and Ni, Jianmo and Mehta, Nikhil and Sathiamoorthy, Maheswaran and Hong, Lichan and Chi, Ed and Cheng, Derek Zhiyuan},
  journal={arXiv preprint arXiv:2305.06474},
  year={2023}
}

@article{gao2023chat,
  title={Chat-REC: Towards Interactive and Explainable LLMs-Augmented Recommender System},
  author={Gao, Yunfan and Sheng, Tao and Xiang, Youlin and Xiong, Yun and Wang, Haofen and Zhang, Jiawei},
  journal={arXiv preprint arXiv:2303.14524},
  year={2023}
}

@article{wang2023zero,
  title={Zero-Shot Next-Item Recommendation using Large Pretrained Language Models},
  author={Wang, Lei and Lim, Ee-Peng},
  journal={arXiv preprint arXiv:2304.03153},
  year={2023}
}

@inproceedings{li2021prefix,
  title={Prefix-Tuning: Optimizing Continuous Prompts for Generation},
  author={Li, Xiang Lisa and Liang, Percy},
  booktitle={Proceedings of the 59th Annual Meeting of the Association for Computational Linguistics and the 11th International Joint Conference on Natural Language Processing},
  volume={1},
  pages={4582--4597},
  year={2021}
}

@article{bai2022constitutional,
  title={Constitutional AI: Harmlessness from AI Feedback},
  author={Bai, Yuntao and Kadavath, Saurav and Kundu, Sandipan and Askell, Amanda and Kernion, Jackson and Jones, Andy and Chen, Anna and Goldie, Anna and Mirhoseini, Azalia and McKinnon, Cameron and others},
  journal={arXiv preprint arXiv:2212.08073},
  year={2022}
}

@article{lee2023rlaif,
  title={Rlaif: Scaling Reinforcement Learning from Human Feedback with AI Feedback},
  author={Lee, Harrison and Phatale, Samrat and Mansoor, Hassan and Lu, Kellie and Mesnard, Thomas and Bishop, Colton and Carbune, Victor and Rastogi, Abhinav},
  journal={arXiv preprint arXiv:2309.00267},
  year={2023}
}

@article{stiennon2020learning,
  title={Learning to Summarize with Human Feedback},
  author={Stiennon, Nisan and Ouyang, Long and Wu, Jeffrey and Ziegler, Daniel and Lowe, Ryan and Voss, Chelsea and Radford, Alec and Amodei, Dario and Christiano, Paul F},
  journal={Advances in Neural Information Processing Systems},
  volume={33},
  pages={3008--3021},
  year={2020}
}

@inproceedings{ramamurthy2022reinforcement,
  title={Is Reinforcement Learning (Not) for Natural Language Processing: Benchmarks, Baselines, and Building Blocks for Natural Language Policy Optimization},
  author={Ramamurthy, Rajkumar and Ammanabrolu, Prithviraj and Brantley, Kiant{\'e} and Hessel, Jack and Sifa, Rafet and Bauckhage, Christian and Hajishirzi, Hannaneh and Choi, Yejin},
  booktitle={The 11th International Conference on Learning Representations},
  year={2022}
}

@inproceedings{jaques2020human,
  title={Human-centric dialog training via offline reinforcement learning},
  author={Jaques, Natasha and Shen, Judy Hanwen and Ghandeharioun, Asma and Ferguson, Craig and Lapedriza, Agata and Jones, Noah and Gu, Shixiang and Picard, Rosalind},
  booktitle={Proceedings of the 2020 Conference on Empirical Methods in Natural Language Processing},
  pages={3985--4003},
  year={2020}
}

@inproceedings{verma2022chai,
  title={CHAI: A CHatbot AI for Task-Oriented Dialogue with Offline Reinforcement Learning},
  author={Verma, Siddharth and Fu, Justin and Yang, Sherry and Levine, Sergey},
  booktitle={Proceedings of the 2022 Conference of the North American Chapter of the Association for Computational Linguistics: Human Language Technologies},
  pages={4471--4491},
  year={2022}
}

@inproceedings{jaques2017sequence,
  title={Sequence Tutor: Conservative Fine-Tuning of Sequence Generation Models with KL-control},
  author={Jaques, Natasha and Gu, Shixiang and Bahdanau, Dzmitry and Hern{\'a}ndez-Lobato, Jos{\'e} Miguel and Turner, Richard E and Eck, Douglas},
  booktitle={International Conference on Machine Learning},
  pages={1645--1654},
  year={2017},
  organization={PMLR}
}

@inproceedings{snell2022context,
  title={Context-Aware Language Modeling for Goal-Oriented Dialogue Systems},
  author={Snell, Charlie and Yang, Sherry and Fu, Justin and Su, Yi and Levine, Sergey},
  booktitle={Findings of the Association for Computational Linguistics},
  pages={2351--2366},
  year={2022}
}

@article{touvron2023llama,
  title={Llama 2: Open Foundation and Fine-Tuned Chat Models},
  author={Touvron, Hugo and Martin, Louis and Stone, Kevin and Albert, Peter and Almahairi, Amjad and Babaei, Yasmine and Bashlykov, Nikolay and Batra, Soumya and Bhargava, Prajjwal and Bhosale, Shruti and others},
  journal={arXiv preprint arXiv:2307.09288},
  year={2023}
}

@article{wei2022chain,
  title={Chain-of-Thought Prompting Elicits Reasoning in Large Language Models},
  author={Wei, Jason and Wang, Xuezhi and Schuurmans, Dale and Bosma, Maarten and Xia, Fei and Chi, Ed and Le, Quoc V and Zhou, Denny and others},
  journal={Advances in Neural Information Processing Systems},
  volume={35},
  pages={24824--24837},
  year={2022}
}

@inproceedings{rombach2022high,
  title={High-Resolution Image Synthesis with Latent Diffusion Models},
  author={Rombach, Robin and Blattmann, Andreas and Lorenz, Dominik and Esser, Patrick and Ommer, Bj{\"o}rn},
  booktitle={Proceedings of the IEEE/CVF conference on computer vision and pattern recognition},
  pages={10684--10695},
  year={2022}
}

@article{doss2019more,
  title={More than Just a Nudge: Supporting Kindergarten Parents with Differentiated and Personalized Text Messages},
  author={Doss, Christopher and Fahle, Erin M and Loeb, Susanna and York, Benjamin N},
  journal={Journal of Human Resources},
  volume={54},
  number={3},
  pages={567--603},
  year={2019},
  publisher={University of Wisconsin Press}
}

@article{kocaballi2019personalization,
  title={The Personalization of Conversational Agents in Health Care: Systematic Review},
  author={Kocaballi, Ahmet Baki and Berkovsky, Shlomo and Quiroz, Juan C and Laranjo, Liliana and Tong, Huong Ly and Rezazadegan, Dana and Briatore, Agustina and Coiera, Enrico},
  journal={Journal of medical Internet research},
  volume={21},
  number={11},
  pages={e15360},
  year={2019},
  publisher={JMIR Publications Toronto, Canada}
}

@article{li2023automatic,
  title={Automatic Prompt Rewriting for Personalized Text Generation},
  author={Li, Cheng and Zhang, Mingyang and Mei, Qiaozhu and Kong, Weize and Bendersky, Michael},
  journal={arXiv preprint arXiv:2310.00152},
  year={2023}
}

@article{huang2020personalized,
  title={Personalized Review Recommendation based on Users’ Aspect Sentiment},
  author={Huang, Chunli and Jiang, Wenjun and Wu, Jie and Wang, Guojun},
  journal={ACM Transactions on Internet Technology},
  volume={20},
  number={4},
  pages={1--26},
  year={2020},
  publisher={ACM New York, NY, USA}
}

@article{li2023teach,
  title={Teach LLMs to Personalize--An Approach inspired by Writing Education},
  author={Li, Cheng and Zhang, Mingyang and Mei, Qiaozhu and Wang, Yaqing and Hombaiah, Spurthi Amba and Liang, Yi and Bendersky, Michael},
  journal={arXiv preprint arXiv:2308.07968},
  year={2023}
}

@inproceedings{joachims2018deep,
  title={Deep Learning with Logged Bandit Feedback},
  author={Joachims, Thorsten and Swaminathan, Adith and De Rijke, Maarten},
  booktitle={International Conference on Learning Representations},
  year={2018}
}

@article{swaminathan2015batch,
  title={Batch Learning from Logged Bandit Feedback through Counterfactual Risk Minimization},
  author={Swaminathan, Adith and Joachims, Thorsten},
  journal={The Journal of Machine Learning Research},
  volume={16},
  number={1},
  pages={1731--1755},
  year={2015},
}

@article{swaminathan2015self,
  title={The Self-Normalized Estimator for Counterfactual Learning},
  author={Swaminathan, Adith and Joachims, Thorsten},
  journal={Advances in Neural Information Processing Systems},
  volume={28},
  year={2015}
}

@inproceedings{fu2020benchmarks,
  title={Benchmarks for Deep Off-Policy Evaluation},
  author={Fu, Justin and Norouzi, Mohammad and Nachum, Ofir and Tucker, George and Novikov, Alexander and Yang, Mengjiao and Zhang, Michael R and Chen, Yutian and Kumar, Aviral and Paduraru, Cosmin and others},
  booktitle={International Conference on Learning Representations},
  year={2020}
}

@inproceedings{precup2000eligibility,
  author = {Precup, Doina and Sutton, Richard S. and Singh, Satinder P.},
  title = {Eligibility Traces for Off-Policy Policy Evaluation},
  year = {2000},
  booktitle = {Proceedings of the 17th International Conference on Machine Learning},
  pages = {759–766},
}

@inproceedings{sachdeva2020off,
  title={Off-Policy Bandits with Deficient Support},
  author={Sachdeva, Noveen and Su, Yi and Joachims, Thorsten},
  booktitle={Proceedings of the 26th ACM SIGKDD International Conference on Knowledge Discovery \& Data Mining},
  pages={965--975},
  year={2020}
}

@inproceedings{majumder2019generating,
  title={Generating Personalized Recipes from Historical User Preferences},
  author={Majumder, Bodhisattwa Prasad and Li, Shuyang and Ni, Jianmo and McAuley, Julian},
  booktitle={Proceedings of the 2019 Conference on Empirical Methods in Natural Language Processing and the 9th International Joint Conference on Natural Language Processing},
  pages={5976--5982},
  year={2019}
}

@article{xie2023openagents,
  title={OpenAgents: An Open Platform for Language Agents in the Wild},
  author={Xie, Tianbao and Zhou, Fan and Cheng, Zhoujun and Shi, Peng and Weng, Luoxuan and Liu, Yitao and Hua, Toh Jing and Zhao, Junning and Liu, Qian and Liu, Che and others},
  journal={arXiv preprint arXiv:2310.10634},
  year={2023}
}

@article{kiyohara2023scope,
  title={SCOPE-RL: A Python Library for Offline Reinforcement Learning and Off-Policy Evaluation},
  author={Kiyohara, Haruka and Kishimoto, Ren and Kawakami, Kosuke and Kobayashi, Ken and Nakata, Kazuhide and Saito, Yuta},
  journal={arXiv preprint arXiv:2311.18206},
  year={2023}
}

@article{kiyohara2023towards,
  title={Towards Assessing and Benchmarking Risk-Return Tradeoff of Off-Policy Evaluation},
  author={Kiyohara, Haruka and Kishimoto, Ren and Kawakami, Kosuke and Kobayashi, Ken and Nakata, Kazuhide and Saito, Yuta},
  journal={arXiv preprint arXiv:2311.18207},
  year={2023}
}

@article{mikolov2013distributed,
  title={Distributed Representations of Words and Phrases and their Compositionality},
  author={Mikolov, Tomas and Sutskever, Ilya and Chen, Kai and Corrado, Greg S and Dean, Jeff},
  journal={Advances in Neural Information Processing Systems},
  volume={26},
  year={2013}
}

@inproceedings{le2014distributed,
  title={Distributed Representations of Sentences and Documents},
  author={Le, Quoc and Mikolov, Tomas},
  booktitle={Proceedings of the 31th International Conference on Machine Learning},
  pages={1188--1196},
  year={2014},
}

@article{sanh2019distilbert,
  title={DistilBERT, a distilled version of BERT: smaller, faster, cheaper and lighter},
  author={Sanh, Victor and Debut, Lysandre and Chaumond, Julien and Wolf, Thomas},
  journal={arXiv preprint arXiv:1910.01108},
  year={2019}
}

@article{wolf2019huggingface,
  title={Huggingface's Transformers: State-of-the-art Natural Language Processing},
  author={Thomas Wolf and Lysandre Debut and Victor Sanh and Julien Chaumond and Clement Delangue and Anthony Moi and Pierric Cistac and Tim Rault and Rémi Louf and Morgan Funtowicz and Joe Davison and Sam Shleifer and Patrick von Platen and Clara Ma and Yacine Jernite and Julien Plu and Canwen Xu and Teven Le Scao and Sylvain Gugger and Mariama Drame and Quentin Lhoest and Alexander M. Rush},
  journal={arXiv preprint arXiv:1910.03771},
  year={2019}
}

@article{paszke2019pytorch,
  title={PyTorch: An Imperative Style, High-Performance Deep Learning Library},
  author={Paszke, Adam and Gross, Sam and Massa, Francisco and Lerer, Adam and Bradbury, James and Chanan, Gregory and Killeen, Trevor and Lin, Zeming and Gimelshein, Natalia and Antiga, Luca and others},
  journal={Advances in neural information processing systems},
  volume={32},
  year={2019}
}

@article{kumar2020conservative,
  title={Conservative Q-Learning for Offline Reinforcement Learning},
  author={Kumar, Aviral and Zhou, Aurick and Tucker, George and Levine, Sergey},
  journal={Advances in Neural Information Processing Systems},
  volume={33},
  pages={1179--1191},
  year={2020}
}

@article{kingma2014adam,
  title={Adam: A Method for Stochastic Optimization},
  author={Kingma, Diederik P and Ba, Jimmy},
  journal={arXiv preprint arXiv:1412.6980},
  year={2014}
}

@article{saito2024potec,
  title={POTEC: Off-Policy Learning for Large Action Spaces via Two-Stage Policy Decomposition},
  author={Saito, Yuta and Yao, Jihan and Joachims, Thorsten},
  journal={arXiv preprint arXiv:2402.06151},
  year={2024}
}

@article{kakutani1941generalization,
  title={A generalization of Brouwer’s fixed point theorem},
  author={Kakutani, Shizuo},
  year={1941}
}

@article{yao2024exploration,
  title={Unveiling User Satisfaction and Creator Productivity Trade-Offs in Recommendation Platforms},
  author={Yao, Fan and Liao, Yiming and Liu, Jingzhou and Nie, Shaoliang and Wang, Qifan and Haifeng Xu and Wang, Hongning},
  journal={Advances in Neural Information Processing Systems},
  year={2024}
}