@inproceedings{deyoung-etal-2020-eraser,
    title = "{ERASER}: {A} Benchmark to Evaluate Rationalized {NLP} Models",
    author = "DeYoung, Jay  and
      Jain, Sarthak  and
      Rajani, Nazneen Fatema  and
      Lehman, Eric  and
      Xiong, Caiming  and
      Socher, Richard  and
      Wallace, Byron C.",
    booktitle = "Proceedings of the 58th Annual Meeting of the Association for Computational Linguistics",
    month = jul,
    year = "2020",
    address = "Online",
    publisher = "Association for Computational Linguistics",
    url = "https://aclanthology.org/2020.acl-main.408",
    doi = "10.18653/v1/2020.acl-main.408",
    pages = "4443--4458",
}

@inproceedings{hanawa-etal-2021-exploring,
    title = "Exploring Methods for Generating Feedback Comments for Writing Learning",
    author = "Hanawa, Kazuaki  and
      Nagata, Ryo  and
      Inui, Kentaro",
    booktitle = "Proceedings of the 2021 Conference on Empirical Methods in Natural Language Processing",
    month = nov,
    year = "2021",
    address = "Online and Punta Cana, Dominican Republic",
    publisher = "Association for Computational Linguistics",
    url = "https://aclanthology.org/2021.emnlp-main.766",
    doi = "10.18653/v1/2021.emnlp-main.766",
    pages = "9719--9730",
}

@inproceedings{ho-etal-2023-large,
    title = "Large Language Models Are Reasoning Teachers",
    author = "Ho, Namgyu  and
      Schmid, Laura  and
      Yun, Se-Young",
    booktitle = "Proceedings of the 61st Annual Meeting of the Association for Computational Linguistics (Volume 1: Long Papers)",
    month = jul,
    year = "2023",
    address = "Toronto, Canada",
    publisher = "Association for Computational Linguistics",
    url = "https://aclanthology.org/2023.acl-long.830",
    doi = "10.18653/v1/2023.acl-long.830",
    pages = "14852--14882",
}

@inproceedings{hsieh-etal-2023-distilling,
    title = "Distilling Step-by-Step! Outperforming Larger Language Models with Less Training Data and Smaller Model Sizes",
    author = "Hsieh, Cheng-Yu  and
      Li, Chun-Liang  and
      Yeh, Chih-kuan  and
      Nakhost, Hootan  and
      Fujii, Yasuhisa  and
      Ratner, Alex  and
      Krishna, Ranjay  and
      Lee, Chen-Yu  and
      Pfister, Tomas",
    booktitle = "Findings of the Association for Computational Linguistics: ACL 2023",
    month = jul,
    year = "2023",
    address = "Toronto, Canada",
    publisher = "Association for Computational Linguistics",
    url = "https://aclanthology.org/2023.findings-acl.507",
    doi = "10.18653/v1/2023.findings-acl.507",
    pages = "8003--8017",
}

@inproceedings{kaneko-etal-2022-interpretability,
    title = "Interpretability for Language Learners Using Example-Based Grammatical Error Correction",
    author = "Kaneko, Masahiro  and
      Takase, Sho  and
      Niwa, Ayana  and
      Okazaki, Naoaki",
    booktitle = "Proceedings of the 60th Annual Meeting of the Association for Computational Linguistics (Volume 1: Long Papers)",
    month = may,
    year = "2022",
    address = "Dublin, Ireland",
    publisher = "Association for Computational Linguistics",
    url = "https://aclanthology.org/2022.acl-long.496",
    doi = "10.18653/v1/2022.acl-long.496",
    pages = "7176--7187",
}

@inproceedings{lakhotia-etal-2021-fid,
    title = "{F}i{D}-Ex: Improving Sequence-to-Sequence Models for Extractive Rationale Generation",
    author = "Lakhotia, Kushal  and
      Paranjape, Bhargavi  and
      Ghoshal, Asish  and
      Yih, Scott  and
      Mehdad, Yashar  and
      Iyer, Srini",
    booktitle = "Proceedings of the 2021 Conference on Empirical Methods in Natural Language Processing",
    month = nov,
    year = "2021",
    address = "Online and Punta Cana, Dominican Republic",
    publisher = "Association for Computational Linguistics",
    url = "https://aclanthology.org/2021.emnlp-main.301",
    doi = "10.18653/v1/2021.emnlp-main.301",
    pages = "3712--3727",
}

@inproceedings{lampinen-etal-2022-language,
    title = "Can language models learn from explanations in context?",
    author = "Lampinen, Andrew  and
      Dasgupta, Ishita  and
      Chan, Stephanie  and
      Mathewson, Kory  and
      Tessler, Mh  and
      Creswell, Antonia  and
      McClelland, James  and
      Wang, Jane  and
      Hill, Felix",
    booktitle = "Findings of the Association for Computational Linguistics: EMNLP 2022",
    month = dec,
    year = "2022",
    address = "Abu Dhabi, United Arab Emirates",
    publisher = "Association for Computational Linguistics",
    url = "https://aclanthology.org/2022.findings-emnlp.38",
    doi = "10.18653/v1/2022.findings-emnlp.38",
    pages = "537--563",
}

@inproceedings{nagata-2019-toward,
    title = "Toward a Task of Feedback Comment Generation for Writing Learning",
    author = "Nagata, Ryo",
    booktitle = "Proceedings of the 2019 Conference on Empirical Methods in Natural Language Processing and the 9th International Joint Conference on Natural Language Processing (EMNLP-IJCNLP)",
    month = nov,
    year = "2019",
    address = "Hong Kong, China",
    publisher = "Association for Computational Linguistics",
    url = "https://aclanthology.org/D19-1316",
    doi = "10.18653/v1/D19-1316",
    pages = "3206--3215",
}

@inproceedings{nagata-etal-2021-shared,
    title = "Shared Task on Feedback Comment Generation for Language Learners",
    author = "Nagata, Ryo  and
      Hagiwara, Masato  and
      Hanawa, Kazuaki  and
      Mita, Masato  and
      Chernodub, Artem  and
      Nahorna, Olena",
    booktitle = "Proceedings of the 14th International Conference on Natural Language Generation",
    month = aug,
    year = "2021",
    address = "Aberdeen, Scotland, UK",
    publisher = "Association for Computational Linguistics",
    url = "https://aclanthology.org/2021.inlg-1.35",
    pages = "320--324",
}

@article{pruthi-etal-2022-evaluating,
    title = "Evaluating Explanations: How Much Do Explanations from the Teacher Aid Students?",
    author = "Pruthi, Danish  and
      Bansal, Rachit  and
      Dhingra, Bhuwan  and
      Baldini Soares, Livio  and
      Collins, Michael  and
      Lipton, Zachary C.  and
      Neubig, Graham  and
      Cohen, William W.",
    journal = "Transactions of the Association for Computational Linguistics",
    volume = "10",
    year = "2022",
    address = "Cambridge, MA",
    publisher = "MIT Press",
    url = "https://aclanthology.org/2022.tacl-1.21",
    doi = "10.1162/tacl_a_00465",
    pages = "359--375",
}

@inproceedings{singh-etal-2023-peeking,
    title = "Peeking inside the black box: A Commonsense-aware Generative Framework for Explainable Complaint Detection",
    author = "Singh, Apoorva  and
      Jain, Raghav  and
      Jha, Prince  and
      Saha, Sriparna",
    booktitle = "Proceedings of the 61st Annual Meeting of the Association for Computational Linguistics (Volume 1: Long Papers)",
    month = jul,
    year = "2023",
    address = "Toronto, Canada",
    publisher = "Association for Computational Linguistics",
    url = "https://aclanthology.org/2023.acl-long.404",
    doi = "10.18653/v1/2023.acl-long.404",
    pages = "7333--7347",
}

@inproceedings{vasselli-watanabe-2023-closer,
    title = "A Closer Look at k-Nearest Neighbors Grammatical Error Correction",
    author = "Vasselli, Justin  and
      Watanabe, Taro",
    booktitle = "Proceedings of the 18th Workshop on Innovative Use of NLP for Building Educational Applications (BEA 2023)",
    month = jul,
    year = "2023",
    address = "Toronto, Canada",
    publisher = "Association for Computational Linguistics",
    url = "https://aclanthology.org/2023.bea-1.19",
    doi = "10.18653/v1/2023.bea-1.19",
    pages = "220--231",
}

@inproceedings{veerubhotla-etal-2023-shot,
    title = "Few Shot Rationale Generation using Self-Training with Dual Teachers",
    author = {Veerubhotla, Aditya Srikanth  and
      Poddar, Lahari  and
      Yin, Jun  and
      Szarvas, Gy{\"o}rgy  and
      Eswaran, Sharanya},
    booktitle = "Findings of the Association for Computational Linguistics: ACL 2023",
    month = jul,
    year = "2023",
    address = "Toronto, Canada",
    publisher = "Association for Computational Linguistics",
    url = "https://aclanthology.org/2023.findings-acl.297",
    doi = "10.18653/v1/2023.findings-acl.297",
    pages = "4825--4838",
}

@inproceedings{wang-etal-2023-scott,
    title = "{SCOTT}: Self-Consistent Chain-of-Thought Distillation",
    author = "Wang, Peifeng  and
      Wang, Zhengyang  and
      Li, Zheng  and
      Gao, Yifan  and
      Yin, Bing  and
      Ren, Xiang",
    booktitle = "Proceedings of the 61st Annual Meeting of the Association for Computational Linguistics (Volume 1: Long Papers)",
    month = jul,
    year = "2023",
    address = "Toronto, Canada",
    publisher = "Association for Computational Linguistics",
    url = "https://aclanthology.org/2023.acl-long.304",
    doi = "10.18653/v1/2023.acl-long.304",
    pages = "5546--5558",
}

