@inproceedings{bortolameotti2020headprint,
  title={Headprint: detecting anomalous communications through header-based application fingerprinting},
  author={Bortolameotti, Riccardo and Van Ede, Thijs and Continella, Andrea and Hupperich, Thomas and Everts, Maarten H and Rafati, Reza and Jonker, Willem and Hartel, Pieter and Peter, Andreas},
  booktitle={Proceedings of the 35th Annual ACM Symposium on Applied Computing},
  pages={1696--1705},
  year={2020}
}

@inproceedings{mughees2017detecting,
  title={Detecting anti ad-blockers in the wild},
  author={Mughees, Muhammad Haris and Qian, Zhiyun},
  booktitle={Privacy Enhancing Technologies Symposium (PETS)},
  year={2017}
}

@inproceedings{wu2017evaluating,
  title={Evaluating private modes in desktop and mobile browsers and their resistance to fingerprinting},
  author={Wu, Yuanyi and Meng, Dongyu and Chen, Hao},
  booktitle={2017 IEEE Conference on Communications and Network Security (CNS)},
  pages={1--9},
  year={2017},
  organization={IEEE}
}

