@inproceedings{vastel2018fp,
  title={Fp-stalker: Tracking browser fingerprint evolutions},
  author={Vastel, Antoine and Laperdrix, Pierre and Rudametkin, Walter and Rouvoy, Romain},
  booktitle={2018 IEEE Symposium on Security and Privacy (SP)},
  pages={728--741},
  year={2018},
  organization={IEEE}
}

@misc{SonarSource,
	Howpublished = {\url{https://rules.sonarsource.com/javascript/}},
	Title = {{SonarSource Sstatic Code Analysis for JavaScript}},
	Year = {2023}
}

@misc{mozillaSecurityAntiTracking,
	title = {{S}ecurity/{A}nti tracking policy - {M}ozilla{W}iki --- wiki.mozilla.org},
	howpublished = {\url{https://wiki.mozilla.org/Security/Anti_tracking_policy}},
	year = {2024},
	note = {[Accessed 31-10-2024]},
}

@inproceedings{wu2017evaluating,
  title={Evaluating private modes in desktop and mobile browsers and their resistance to fingerprinting},
  author={Wu, Yuanyi and Meng, Dongyu and Chen, Hao},
  booktitle={2017 IEEE Conference on Communications and Network Security (CNS)},
  pages={1--9},
  year={2017},
  organization={IEEE}
}

@inproceedings{mughees2017detecting,
  title={Detecting anti ad-blockers in the wild},
  author={Mughees, Muhammad Haris and Qian, Zhiyun},
  booktitle={Privacy Enhancing Technologies Symposium (PETS)},
  year={2017}
}

@inproceedings{bortolameotti2020headprint,
  title={Headprint: detecting anomalous communications through header-based application fingerprinting},
  author={Bortolameotti, Riccardo and Van Ede, Thijs and Continella, Andrea and Hupperich, Thomas and Everts, Maarten H and Rafati, Reza and Jonker, Willem and Hartel, Pieter and Peter, Andreas},
  booktitle={Proceedings of the 35th Annual ACM Symposium on Applied Computing},
  pages={1696--1705},
  year={2020}
}

@misc{chromerole,
  title = {Browser Market Share Worldwide},
  howpublished = {\url{https://gs.statcounter.com/browser-market-share}},
  note = {Accessed: 2024-11-29},
  year = {2024}
}

@misc{collectFingerprint,
  title = {What is Browser Fingerprinting?},
  howpublished = {\url{https://www.geeksforgeeks.org/what-is-browser-fingerprinting/}},
  note = {Accessed: 2024-11-29},
  year = {2024}
}

@misc{js,
  title = {JavaScript},
  howpublished = {\url{https://developer.mozilla.org/en-US/docs/Web/JavaScript}},
  note = {Accessed: 2024-11-29},
  year = {2024}
}

@misc{jsWindow,
  title = {Window},
  howpublished = {\url{https://developer.mozilla.org/en-US/docs/Web/API/Window}},
  note = {Accessed: 2024-11-29},
  year = {2024}
}

@misc{defineProperty,
  title = {Object.defineProperty()},
  howpublished = {\url{https://developer.mozilla.org/en-US/docs/Web/JavaScript/Reference/Global_Objects/Object/defineProperty}},
  note = {Accessed: 2024-11-29},
  year = {2024}
}

@misc{definePropertyUsage,
  title = {Property Descriptors in JavaScript},
  howpublished = {\url{https://barker.codes/blog/property-descriptors-in-javascript/}},
  note = {Accessed: 2024-11-29},
  year = {2024}
}

@misc{onBeforeSendHeaders,
  title = {webRequest API: onBeforeSendHeaders},
  howpublished = {\url{https://developer.chrome.com/docs/extensions/reference/api/webRequest\#type-OnBeforeSendHeadersOptions}},
  note = {Accessed: 2024-11-29},
  year = {2024}
}

@misc{declarativeNetRequest,
  title = {Declarative Net Request API},
  howpublished = {\url{https://developer.chrome.com/docs/extensions/reference/api/declarativeNetRequest}},
  note = {Accessed: 2024-11-29},
  year = {2024}
}

@misc{chromeStorage4api,
  title = {Storage API},
  howpublished = {\url{https://developer.chrome.com/docs/extensions/reference/api/storage}},
  note = {Accessed: 2024-11-29},
  year = {2024}
}

@misc{localStorage,
  title = {localStorage},
  howpublished = {\url{https://developer.chrome.com/docs/extensions/reference/api/storage\#property-local}},
  note = {Accessed: 2024-11-29},
  year = {2024}
}

@misc{sessionStorage,
  title = {sessionStorage},
  howpublished = {\url{https://developer.chrome.com/docs/extensions/reference/api/storage\#property-session}},
  note = {Accessed: 2024-11-29},
  year = {2024}
}

@misc{customEvent,
  title = {CustomEvent},
  howpublished = {\url{https://developer.mozilla.org/en-US/docs/Web/API/CustomEvent}},
  note = {Accessed: 2024-11-29},
  year = {2024}
}

@misc{background,
  title = {Service Worker Events in Extensions},
  howpublished = {\url{https://developer.chrome.com/docs/extensions/get-started/tutorial/service-worker-events}},
  note = {Accessed: 2024-11-29},
  year = {2024}
}

@misc{content,
  title = {Content Scripts in Extensions},
  howpublished = {\url{https://developer.chrome.com/docs/extensions/develop/concepts/content-scripts}},
  note = {Accessed: 2024-11-29},
  year = {2024}
}

@misc{heapSnapshots,
  title = {Memory Problems: Heap Snapshots},
  howpublished = {\url{https://developer.chrome.com/docs/devtools/memory-problems/heap-snapshots}},
  note = {Accessed: 2024-11-29},
  year = {2024}
}

@misc{chromeStorageMv2,
  title = {Storage API (Manifest V2)},
  howpublished = {\url{https://developer.chrome.google.cn/docs/extensions/mv2/reference/storage?hl=zh-cn}},
  note = {Accessed: 2024-11-29},
  year = {2024}
}