@inproceedings{beutel2018latent,
  title={Latent cross: Making use of context in recurrent recommender systems},
  author={Beutel, Alex and Covington, Paul and Jain, Sagar and Xu, Can and Li, Jia and Gatto, Vince and Chi, Ed H},
  booktitle={Proceedings of the eleventh ACM international conference on web search and data mining},
  pages={46--54},
  year={2018}
}

@inproceedings{catherine2017transnets,
  title={Transnets: Learning to transform for recommendation},
  author={Catherine, Rose and Cohen, William},
  booktitle={Proceedings of the eleventh ACM conference on recommender systems},
  pages={288--296},
  year={2017}
}

@inproceedings{chen2018sequential,
  title={Sequential recommendation with user memory networks},
  author={Chen, Xu and Xu, Hongteng and Zhang, Yongfeng and Tang, Jiaxi and Cao, Yixin and Qin, Zheng and Zha, Hongyuan},
  booktitle={Proceedings of the eleventh ACM international conference on web search and data mining},
  pages={108--116},
  year={2018}
}

@inproceedings{du2023contrastive,
  title={Contrastive enhanced slide filter mixer for sequential recommendation},
  author={Du, Xinyu and Yuan, Huanhuan and Zhao, Pengpeng and Fang, Junhua and Liu, Guanfeng and Liu, Yanchi and Sheng, Victor S and Zhou, Xiaofang},
  booktitle={2023 IEEE 39th International Conference on Data Engineering (ICDE)},
  pages={2673--2685},
  year={2023},
  organization={IEEE}
}

@article{friedman2023leveraging,
  title={Leveraging Large Language Models in Conversational Recommender Systems},
  author={Friedman, Luke and Ahuja, Sameer and Allen, David and Tan, Terry and Sidahmed, Hakim and Long, Changbo and Xie, Jun and Schubiner, Gabriel and Patel, Ajay and Lara, Harsh and others},
  journal={arXiv preprint arXiv:2305.07961},
  year={2023}
}

@article{gao2023chat,
  title={Chat-rec: Towards interactive and explainable llms-augmented recommender system},
  author={Gao, Yunfan and Sheng, Tao and Xiang, Youlin and Xiong, Yun and Wang, Haofen and Zhang, Jiawei},
  journal={arXiv preprint arXiv:2303.14524},
  year={2023}
}

@inproceedings{geng2022recommendation,
  title={Recommendation as language processing (rlp): A unified pretrain, personalized prompt \& predict paradigm (p5)},
  author={Geng, Shijie and Liu, Shuchang and Fu, Zuohui and Ge, Yingqiang and Zhang, Yongfeng},
  booktitle={Proceedings of the 16th ACM Conference on Recommender Systems},
  pages={299--315},
  year={2022}
}

@article{hidasi2015session,
  title={Session-based recommendations with recurrent neural networks},
  author={Hidasi, Bal{\'a}zs and Karatzoglou, Alexandros and Baltrunas, Linas and Tikk, Domonkos},
  journal={arXiv preprint arXiv:1511.06939},
  year={2015}
}

@inproceedings{jing2017neural,
  title={Neural survival recommender},
  author={Jing, How and Smola, Alexander J},
  booktitle={Proceedings of the Tenth ACM International Conference on Web Search and Data Mining},
  pages={515--524},
  year={2017}
}

@inproceedings{kang2018self,
  title={Self-attentive sequential recommendation},
  author={Kang, Wang-Cheng and McAuley, Julian},
  booktitle={2018 IEEE international conference on data mining (ICDM)},
  pages={197--206},
  year={2018},
  organization={IEEE}
}

@inproceedings{kim2016convolutional,
  title={Convolutional matrix factorization for document context-aware recommendation},
  author={Kim, Donghyun and Park, Chanyoung and Oh, Jinoh and Lee, Sungyoung and Yu, Hwanjo},
  booktitle={Proceedings of the 10th ACM conference on recommender systems},
  pages={233--240},
  year={2016}
}

@inproceedings{li2017collaborative,
  title={Collaborative variational autoencoder for recommender systems},
  author={Li, Xiaopeng and She, James},
  booktitle={Proceedings of the 23rd ACM SIGKDD international conference on knowledge discovery and data mining},
  pages={305--314},
  year={2017}
}

@article{li2023gpt4rec,
  title={GPT4Rec: A generative framework for personalized recommendation and user interests interpretation},
  author={Li, Jinming and Zhang, Wentao and Wang, Tian and Xiong, Guanglei and Lu, Alan and Medioni, Gerard},
  journal={arXiv preprint arXiv:2304.03879},
  year={2023}
}

@article{lipton2015critical,
  title={A critical review of recurrent neural networks for sequence learning},
  author={Lipton, Zachary C and Berkowitz, John and Elkan, Charles},
  journal={arXiv preprint arXiv:1506.00019},
  year={2015}
}

@inproceedings{liu2016context,
  title={Context-aware sequential recommendation},
  author={Liu, Qiang and Wu, Shu and Wang, Diyi and Li, Zhaokang and Wang, Liang},
  booktitle={2016 IEEE 16th International Conference on Data Mining (ICDM)},
  pages={1053--1058},
  year={2016},
  organization={IEEE}
}

@inproceedings{rendle2010factorizing,
  title={Factorizing personalized markov chains for next-basket recommendation},
  author={Rendle, Steffen and Freudenthaler, Christoph and Schmidt-Thieme, Lars},
  booktitle={Proceedings of the 19th international conference on World wide web},
  pages={811--820},
  year={2010}
}

@inproceedings{sun2019bert4rec,
  title={BERT4Rec: Sequential recommendation with bidirectional encoder representations from transformer},
  author={Sun, Fei and Liu, Jun and Wu, Jian and Pei, Changhua and Lin, Xiao and Ou, Wenwu and Jiang, Peng},
  booktitle={Proceedings of the 28th ACM international conference on information and knowledge management},
  pages={1441--1450},
  year={2019}
}

@inproceedings{wang2024unveiling,
  title={Unveiling Vulnerabilities of Contrastive Recommender Systems to Poisoning Attacks},
  author={Wang, Zongwei and Yu, Junliang and Gao, Min and Yin, Hongzhi and Cui, Bin and Sadiq, Shazia},
  booktitle={Proceedings of the 30th ACM SIGKDD Conference on Knowledge Discovery and Data Mining},
  pages={3311--3322},
  year={2024}
}

@inproceedings{wu2019npa,
  title={NPA: neural news recommendation with personalized attention},
  author={Wu, Chuhan and Wu, Fangzhao and An, Mingxiao and Huang, Jianqiang and Huang, Yongfeng and Xie, Xing},
  booktitle={Proceedings of the 25th ACM SIGKDD international conference on knowledge discovery \& data mining},
  pages={2576--2584},
  year={2019}
}

@article{wu2022survey,
  title={A survey on accuracy-oriented neural recommendation: From collaborative filtering to information-rich recommendation},
  author={Wu, Le and He, Xiangnan and Wang, Xiang and Zhang, Kun and Wang, Meng},
  journal={IEEE Transactions on Knowledge and Data Engineering},
  volume={35},
  number={5},
  pages={4425--4445},
  year={2022},
  publisher={IEEE}
}

@inproceedings{xu2019graph,
  title={Graph contextualized self-attention network for session-based recommendation.},
  author={Xu, Chengfeng and Zhao, Pengpeng and Liu, Yanchi and Sheng, Victor S and Xu, Jiajie and Zhuang, Fuzhen and Fang, Junhua and Zhou, Xiaofang},
  booktitle={IJCAI},
  volume={19},
  pages={3940--3946},
  year={2019}
}

@inproceedings{yang2023debiased,
  title={Debiased Contrastive Learning for Sequential Recommendation},
  author={Yang, Yuhao and Huang, Chao and Xia, Lianghao and Huang, Chunzhen and Luo, Da and Lin, Kangyi},
  booktitle={Proceedings of the ACM Web Conference 2023},
  pages={1063--1073},
  year={2023}
}

@inproceedings{yuan2019simple,
  title={A simple convolutional generative network for next item recommendation},
  author={Yuan, Fajie and Karatzoglou, Alexandros and Arapakis, Ioannis and Jose, Joemon M and He, Xiangnan},
  booktitle={Proceedings of the twelfth ACM international conference on web search and data mining},
  pages={582--590},
  year={2019}
}

@article{zhang2022dynamic,
  title={Dynamic graph neural networks for sequential recommendation},
  author={Zhang, Mengqi and Wu, Shu and Yu, Xueli and Liu, Qiang and Wang, Liang},
  journal={IEEE Transactions on Knowledge and Data Engineering},
  volume={35},
  number={5},
  pages={4741--4753},
  year={2022},
  publisher={IEEE}
}

@article{zhang2024text,
  title={Text-like Encoding of Collaborative Information in Large Language Models for Recommendation},
  author={Zhang, Yang and Bao, Keqin and Yan, Ming and Wang, Wenjie and Feng, Fuli and He, Xiangnan},
  journal={arXiv preprint arXiv:2406.03210},
  year={2024}
}

@inproceedings{zheng2017joint,
  title={Joint deep modeling of users and items using reviews for recommendation},
  author={Zheng, Lei and Noroozi, Vahid and Yu, Philip S},
  booktitle={Proceedings of the tenth ACM international conference on web search and data mining},
  pages={425--434},
  year={2017}
}

@inproceedings{zheng2024harnessing,
  title={Harnessing large language models for text-rich sequential recommendation},
  author={Zheng, Zhi and Chao, Wenshuo and Qiu, Zhaopeng and Zhu, Hengshu and Xiong, Hui},
  booktitle={Proceedings of the ACM on Web Conference 2024},
  pages={3207--3216},
  year={2024}
}

@inproceedings{zhou2022filter,
  title={Filter-enhanced MLP is all you need for sequential recommendation},
  author={Zhou, Kun and Yu, Hui and Zhao, Wayne Xin and Wen, Ji-Rong},
  booktitle={Proceedings of the ACM web conference 2022},
  pages={2388--2399},
  year={2022}
}

@inproceedings{zhou2023equivariant,
  title={Equivariant contrastive learning for sequential recommendation},
  author={Zhou, Peilin and Gao, Jingqi and Xie, Yueqi and Ye, Qichen and Hua, Yining and Kim, Jaeboum and Wang, Shoujin and Kim, Sunghun},
  booktitle={Proceedings of the 17th ACM Conference on Recommender Systems},
  pages={129--140},
  year={2023}
}

@inproceedings{zhu2019dan,
  title={Dan: Deep attention neural network for news recommendation},
  author={Zhu, Qiannan and Zhou, Xiaofei and Song, Zeliang and Tan, Jianlong and Guo, Li},
  booktitle={Proceedings of the AAAI Conference on Artificial Intelligence},
  volume={33},
  number={01},
  pages={5973--5980},
  year={2019}
}

@article{zhu2024multi,
  title={Multi-level sequence denoising with cross-signal contrastive learning for sequential recommendation},
  author={Zhu, Xiaofei and Li, Liang and Liu, Weidong and Luo, Xin},
  journal={Neural Networks},
  volume={179},
  pages={106480},
  year={2024},
  publisher={Elsevier}
}

