@misc{
wu2017joint,
title={Joint Training of Ratings and Reviews with Recurrent Recommender Networks},
author={Chao-Yuan Wu and Amr Ahmed and Alex Beutel and Alexander J. Smola},
year={2017},
url={https://openreview.net/forum?id=HksioDcxl}
}

@inproceedings{liu2023linrec,
  title={Linrec: Linear attention mechanism for long-term sequential recommender systems},
  author={Liu, Langming and Cai, Liu and Zhang, Chi and Zhao, Xiangyu and Gao, Jingtong and Wang, Wanyu and Lv, Yifu and Fan, Wenqi and Wang, Yiqi and He, Ming and others},
  booktitle={Proceedings of the 46th International ACM SIGIR Conference on Research and Development in Information Retrieval},
  pages={289--299},
  year={2023}
}
@inproceedings{li2017collaborative,
  title={Collaborative variational autoencoder for recommender systems},
  author={Li, Xiaopeng and She, James},
  booktitle={Proceedings of the 23rd ACM SIGKDD international conference on knowledge discovery and data mining},
  pages={305--314},
  year={2017}
}
@article{zhang2024text,
  title={Text-like Encoding of Collaborative Information in Large Language Models for Recommendation},
  author={Zhang, Yang and Bao, Keqin and Yan, Ming and Wang, Wenjie and Feng, Fuli and He, Xiangnan},
  journal={arXiv preprint arXiv:2406.03210},
  year={2024}
}
@inproceedings{zheng2024harnessing,
  title={Harnessing large language models for text-rich sequential recommendation},
  author={Zheng, Zhi and Chao, Wenshuo and Qiu, Zhaopeng and Zhu, Hengshu and Xiong, Hui},
  booktitle={Proceedings of the ACM on Web Conference 2024},
  pages={3207--3216},
  year={2024}
}
@inproceedings{du2023contrastive,
  title={Contrastive enhanced slide filter mixer for sequential recommendation},
  author={Du, Xinyu and Yuan, Huanhuan and Zhao, Pengpeng and Fang, Junhua and Liu, Guanfeng and Liu, Yanchi and Sheng, Victor S and Zhou, Xiaofang},
  booktitle={2023 IEEE 39th International Conference on Data Engineering (ICDE)},
  pages={2673--2685},
  year={2023},
  organization={IEEE}
}
@inproceedings{zhou2022filter,
  title={Filter-enhanced MLP is all you need for sequential recommendation},
  author={Zhou, Kun and Yu, Hui and Zhao, Wayne Xin and Wen, Ji-Rong},
  booktitle={Proceedings of the ACM web conference 2022},
  pages={2388--2399},
  year={2022}
}
@article{su2009survey,
  title={A survey of collaborative filtering techniques},
  author={Su, Xiaoyuan and Khoshgoftaar, Taghi M},
  journal={Advances in artificial intelligence},
  volume={2009},
  year={2009},
  publisher={Hindawi}
}
@article{zhang2019deep,
  title={Deep learning based recommender system: A survey and new perspectives},
  author={Zhang, Shuai and Yao, Lina and Sun, Aixin and Tay, Yi},
  journal={ACM computing surveys (CSUR)},
  volume={52},
  number={1},
  pages={1--38},
  year={2019},
  publisher={ACM New York, NY, USA}
}
@inproceedings{cao2022sampling,
  title={Sampling is all you need on modeling long-term user behaviors for CTR prediction},
  author={Cao, Yue and Zhou, Xiaojiang and Feng, Jiaqi and Huang, Peihao and Xiao, Yao and Chen, Dayao and Chen, Sheng},
  booktitle={Proceedings of the 31st ACM International Conference on Information \& Knowledge Management},
  pages={2974--2983},
  year={2022}
}

@inproceedings{sun2019bert4rec,
  title={BERT4Rec: Sequential recommendation with bidirectional encoder representations from transformer},
  author={Sun, Fei and Liu, Jun and Wu, Jian and Pei, Changhua and Lin, Xiao and Ou, Wenwu and Jiang, Peng},
  booktitle={Proceedings of the 28th ACM international conference on information and knowledge management},
  pages={1441--1450},
  year={2019}
}
@inproceedings{kang2018self,
  title={Self-attentive sequential recommendation},
  author={Kang, Wang-Cheng and McAuley, Julian},
  booktitle={2018 IEEE international conference on data mining (ICDM)},
  pages={197--206},
  year={2018},
  organization={IEEE}
}
@inproceedings{wu2020mind,
  title={Mind: A large-scale dataset for news recommendation},
  author={Wu, Fangzhao and Qiao, Ying and Chen, Jiun-Hung and Wu, Chuhan and Qi, Tao and Lian, Jianxun and Liu, Danyang and Xie, Xing and Gao, Jianfeng and Wu, Winnie and others},
  booktitle={Proceedings of the 58th Annual Meeting of the Association for Computational Linguistics},
  pages={3597--3606},
  year={2020}
}
@inproceedings{gao2022kuairec,
  author = {Gao, Chongming and Li, Shijun and Lei, Wenqiang and Chen, Jiawei and Li, Biao and Jiang, Peng and He, Xiangnan and Mao, Jiaxin and Chua, Tat-Seng},
  title = {KuaiRec: A Fully-Observed Dataset and Insights for Evaluating Recommender Systems},
  booktitle = {Proceedings of the 31st ACM International Conference on Information \& Knowledge Management},
  series = {CIKM '22},
  location = {Atlanta, GA, USA},
  url = {https://doi.org/10.1145/3511808.3557220},
  doi = {10.1145/3511808.3557220},
  numpages = {11},
  year = {2022},
  pages = {540â€“550}
}
@inproceedings{yu2022graph,
  title={Are graph augmentations necessary? simple graph contrastive learning for recommendation},
  author={Yu, Junliang and Yin, Hongzhi and Xia, Xin and Chen, Tong and Cui, Lizhen and Nguyen, Quoc Viet Hung},
  booktitle={Proceedings of the 45th international ACM SIGIR conference on research and development in information retrieval},
  pages={1294--1303},
  year={2022}
}
@inproceedings{wang2020understanding,
  title={Understanding contrastive representation learning through alignment and uniformity on the hypersphere},
  author={Wang, Tongzhou and Isola, Phillip},
  booktitle={International Conference on Machine Learning},
  pages={9929--9939},
  year={2020},
  organization={PMLR}
}
@inproceedings{wang2022towards,
  title={Towards representation alignment and uniformity in collaborative filtering},
  author={Wang, Chenyang and Yu, Yuanqing and Ma, Weizhi and Zhang, Min and Chen, Chong and Liu, Yiqun and Ma, Shaoping},
  booktitle={Proceedings of the 28th ACM SIGKDD Conference on Knowledge Discovery and Data Mining},
  pages={1816--1825},
  year={2022}
}
@article{hidasi2015session,
  title={Session-based recommendations with recurrent neural networks},
  author={Hidasi, Bal{\'a}zs and Karatzoglou, Alexandros and Baltrunas, Linas and Tikk, Domonkos},
  journal={arXiv preprint arXiv:1511.06939},
  year={2015}
}

@inproceedings{rendle2010factorizing,
  title={Factorizing personalized markov chains for next-basket recommendation},
  author={Rendle, Steffen and Freudenthaler, Christoph and Schmidt-Thieme, Lars},
  booktitle={Proceedings of the 19th international conference on World wide web},
  pages={811--820},
  year={2010}
}
@inproceedings{yuan2019simple,
  title={A simple convolutional generative network for next item recommendation},
  author={Yuan, Fajie and Karatzoglou, Alexandros and Arapakis, Ioannis and Jose, Joemon M and He, Xiangnan},
  booktitle={Proceedings of the twelfth ACM international conference on web search and data mining},
  pages={582--590},
  year={2019}
}

@inproceedings{chen2018sequential,
  title={Sequential recommendation with user memory networks},
  author={Chen, Xu and Xu, Hongteng and Zhang, Yongfeng and Tang, Jiaxi and Cao, Yixin and Qin, Zheng and Zha, Hongyuan},
  booktitle={Proceedings of the eleventh ACM international conference on web search and data mining},
  pages={108--116},
  year={2018}
}

@inproceedings{zhou2023equivariant,
  title={Equivariant contrastive learning for sequential recommendation},
  author={Zhou, Peilin and Gao, Jingqi and Xie, Yueqi and Ye, Qichen and Hua, Yining and Kim, Jaeboum and Wang, Shoujin and Kim, Sunghun},
  booktitle={Proceedings of the 17th ACM Conference on Recommender Systems},
  pages={129--140},
  year={2023}
}

@inproceedings{xu2019graph,
  title={Graph contextualized self-attention network for session-based recommendation.},
  author={Xu, Chengfeng and Zhao, Pengpeng and Liu, Yanchi and Sheng, Victor S and Xu, Jiajie and Zhuang, Fuzhen and Fang, Junhua and Zhou, Xiaofang},
  booktitle={IJCAI},
  volume={19},
  pages={3940--3946},
  year={2019}
}
@article{zhang2022dynamic,
  title={Dynamic graph neural networks for sequential recommendation},
  author={Zhang, Mengqi and Wu, Shu and Yu, Xueli and Liu, Qiang and Wang, Liang},
  journal={IEEE Transactions on Knowledge and Data Engineering},
  volume={35},
  number={5},
  pages={4741--4753},
  year={2022},
  publisher={IEEE}
}
@inproceedings{yang2023debiased,
  title={Debiased Contrastive Learning for Sequential Recommendation},
  author={Yang, Yuhao and Huang, Chao and Xia, Lianghao and Huang, Chunzhen and Luo, Da and Lin, Kangyi},
  booktitle={Proceedings of the ACM Web Conference 2023},
  pages={1063--1073},
  year={2023}
}
@inproceedings{xie2022contrastive,
  title={Contrastive learning for sequential recommendation},
  author={Xie, Xu and Sun, Fei and Liu, Zhaoyang and Wu, Shiwen and Gao, Jinyang and Zhang, Jiandong and Ding, Bolin and Cui, Bin},
  booktitle={2022 IEEE 38th international conference on data engineering (ICDE)},
  pages={1259--1273},
  year={2022},
  organization={IEEE}
}
@inproceedings{de2021transformers4rec,
  title={Transformers4rec: Bridging the gap between nlp and sequential/session-based recommendation},
  author={de Souza Pereira Moreira, Gabriel and Rabhi, Sara and Lee, Jeong Min and Ak, Ronay and Oldridge, Even},
  booktitle={Proceedings of the 15th ACM Conference on Recommender Systems},
  pages={143--153},
  year={2021}
}
@article{van2008visualizing,
  title={Visualizing data using t-SNE.},
  author={Van der Maaten, Laurens and Hinton, Geoffrey},
  journal={Journal of machine learning research},
  volume={9},
  number={11},
  year={2008}
}
@inproceedings{wang2019improving,
  title={Improving neural language generation with spectrum control},
  author={Wang, Lingxiao and Huang, Jing and Huang, Kevin and Hu, Ziniu and Wang, Guangtao and Gu, Quanquan},
  booktitle={International Conference on Learning Representations},
  year={2019}
}
@inproceedings{hou2022towards,
  title={Towards universal sequence representation learning for recommender systems},
  author={Hou, Yupeng and Mu, Shanlei and Zhao, Wayne Xin and Li, Yaliang and Ding, Bolin and Wen, Ji-Rong},
  booktitle={Proceedings of the 28th ACM SIGKDD Conference on Knowledge Discovery and Data Mining},
  pages={585--593},
  year={2022}
}
@inproceedings{hidasi2018recurrent,
  title={Recurrent neural networks with top-k gains for session-based recommendations},
  author={Hidasi, Bal{\'a}zs and Karatzoglou, Alexandros},
  booktitle={Proceedings of the 27th ACM international conference on information and knowledge management},
  pages={843--852},
  year={2018}
}
@article{radford2019language,
  title={Language models are unsupervised multitask learners},
  author={Radford, Alec and Wu, Jeffrey and Child, Rewon and Luan, David and Amodei, Dario and Sutskever, Ilya and others},
  journal={OpenAI blog},
  volume={1},
  number={8},
  pages={9},
  year={2019}
}
@article{brown2020language,
  title={Language models are few-shot learners},
  author={Brown, Tom and Mann, Benjamin and Ryder, Nick and Subbiah, Melanie and Kaplan, Jared D and Dhariwal, Prafulla and Neelakantan, Arvind and Shyam, Pranav and Sastry, Girish and Askell, Amanda and others},
  journal={Advances in neural information processing systems},
  volume={33},
  pages={1877--1901},
  year={2020}
}
@article{li2023exploring,
  title={Exploring the Upper Limits of Text-Based Collaborative Filtering Using Large Language Models: Discoveries and Insights},
  author={Li, Ruyu and Deng, Wenhao and Cheng, Yu and Yuan, Zheng and Zhang, Jiaqi and Yuan, Fajie},
  journal={arXiv preprint arXiv:2305.11700},
  year={2023}
}
@article{lipton2015critical,
  title={A critical review of recurrent neural networks for sequence learning},
  author={Lipton, Zachary C and Berkowitz, John and Elkan, Charles},
  journal={arXiv preprint arXiv:1506.00019},
  year={2015}
}
@inproceedings{jing2017neural,
  title={Neural survival recommender},
  author={Jing, How and Smola, Alexander J},
  booktitle={Proceedings of the Tenth ACM International Conference on Web Search and Data Mining},
  pages={515--524},
  year={2017}
}
@inproceedings{liu2016context,
  title={Context-aware sequential recommendation},
  author={Liu, Qiang and Wu, Shu and Wang, Diyi and Li, Zhaokang and Wang, Liang},
  booktitle={2016 IEEE 16th International Conference on Data Mining (ICDM)},
  pages={1053--1058},
  year={2016},
  organization={IEEE}
}
@inproceedings{beutel2018latent,
  title={Latent cross: Making use of context in recurrent recommender systems},
  author={Beutel, Alex and Covington, Paul and Jain, Sagar and Xu, Can and Li, Jia and Gatto, Vince and Chi, Ed H},
  booktitle={Proceedings of the eleventh ACM international conference on web search and data mining},
  pages={46--54},
  year={2018}
}
@inproceedings{kim2016convolutional,
  title={Convolutional matrix factorization for document context-aware recommendation},
  author={Kim, Donghyun and Park, Chanyoung and Oh, Jinoh and Lee, Sungyoung and Yu, Hwanjo},
  booktitle={Proceedings of the 10th ACM conference on recommender systems},
  pages={233--240},
  year={2016}
}
@inproceedings{zheng2017joint,
  title={Joint deep modeling of users and items using reviews for recommendation},
  author={Zheng, Lei and Noroozi, Vahid and Yu, Philip S},
  booktitle={Proceedings of the tenth ACM international conference on web search and data mining},
  pages={425--434},
  year={2017}
}
@article{wu2022survey,
  title={A survey on accuracy-oriented neural recommendation: From collaborative filtering to information-rich recommendation},
  author={Wu, Le and He, Xiangnan and Wang, Xiang and Zhang, Kun and Wang, Meng},
  journal={IEEE Transactions on Knowledge and Data Engineering},
  volume={35},
  number={5},
  pages={4425--4445},
  year={2022},
  publisher={IEEE}
}
@inproceedings{catherine2017transnets,
  title={Transnets: Learning to transform for recommendation},
  author={Catherine, Rose and Cohen, William},
  booktitle={Proceedings of the eleventh ACM conference on recommender systems},
  pages={288--296},
  year={2017}
}
@inproceedings{zhu2019dan,
  title={Dan: Deep attention neural network for news recommendation},
  author={Zhu, Qiannan and Zhou, Xiaofei and Song, Zeliang and Tan, Jianlong and Guo, Li},
  booktitle={Proceedings of the AAAI Conference on Artificial Intelligence},
  volume={33},
  number={01},
  pages={5973--5980},
  year={2019}
}
@inproceedings{chen2019dynamic,
  title={Dynamic explainable recommendation based on neural attentive models},
  author={Chen, Xu and Zhang, Yongfeng and Qin, Zheng},
  booktitle={Proceedings of the AAAI Conference on Artificial Intelligence},
  volume={33},
  number={01},
  pages={53--60},
  year={2019}
}
@inproceedings{wu2019npa,
  title={NPA: neural news recommendation with personalized attention},
  author={Wu, Chuhan and Wu, Fangzhao and An, Mingxiao and Huang, Jianqiang and Huang, Yongfeng and Xie, Xing},
  booktitle={Proceedings of the 25th ACM SIGKDD international conference on knowledge discovery \& data mining},
  pages={2576--2584},
  year={2019}
}
@article{gao2023chat,
  title={Chat-rec: Towards interactive and explainable llms-augmented recommender system},
  author={Gao, Yunfan and Sheng, Tao and Xiang, Youlin and Xiong, Yun and Wang, Haofen and Zhang, Jiawei},
  journal={arXiv preprint arXiv:2303.14524},
  year={2023}
}
@article{li2023gpt4rec,
  title={GPT4Rec: A generative framework for personalized recommendation and user interests interpretation},
  author={Li, Jinming and Zhang, Wentao and Wang, Tian and Xiong, Guanglei and Lu, Alan and Medioni, Gerard},
  journal={arXiv preprint arXiv:2304.03879},
  year={2023}
}
@article{friedman2023leveraging,
  title={Leveraging Large Language Models in Conversational Recommender Systems},
  author={Friedman, Luke and Ahuja, Sameer and Allen, David and Tan, Terry and Sidahmed, Hakim and Long, Changbo and Xie, Jun and Schubiner, Gabriel and Patel, Ajay and Lara, Harsh and others},
  journal={arXiv preprint arXiv:2305.07961},
  year={2023}
}
@inproceedings{geng2022recommendation,
  title={Recommendation as language processing (rlp): A unified pretrain, personalized prompt \& predict paradigm (p5)},
  author={Geng, Shijie and Liu, Shuchang and Fu, Zuohui and Ge, Yingqiang and Zhang, Yongfeng},
  booktitle={Proceedings of the 16th ACM Conference on Recommender Systems},
  pages={299--315},
  year={2022}
}

@article{zhang2018generalized,
  title={Generalized cross entropy loss for training deep neural networks with noisy labels},
  author={Zhang, Zhilu and Sabuncu, Mert},
  journal={Advances in neural information processing systems},
  volume={31},
  year={2018}
}
@inproceedings{ni2019justifying,
  title={Justifying recommendations using distantly-labeled reviews and fine-grained aspects},
  author={Ni, Jianmo and Li, Jiacheng and McAuley, Julian},
  booktitle={Proceedings of the 2019 conference on empirical methods in natural language processing and the 9th international joint conference on natural language processing (EMNLP-IJCNLP)},
  pages={188--197},
  year={2019}
}
@inproceedings{wang2019sequential,
  title={Sequential recommender systems: challenges, progress and prospects},
  author={Wang, Shoujin and Hu, Liang and Wang, Yan and Cao, Longbing and Sheng, Quan Z and Orgun, Mehmet},
  booktitle={28th International Joint Conference on Artificial Intelligence, IJCAI 2019},
  pages={6332--6338},
  year={2019},
  organization={International Joint Conferences on Artificial Intelligence}
}
@inproceedings{yuan2023go,
  title={Where to go next for recommender systems? id-vs. modality-based recommender models revisited},
  author={Yuan, Zheng and Yuan, Fajie and Song, Yu and Li, Youhua and Fu, Junchen and Yang, Fei and Pan, Yunzhu and Ni, Yongxin},
  booktitle={Proceedings of the 46th International ACM SIGIR Conference on Research and Development in Information Retrieval},
  pages={2639--2649},
  year={2023}
}
@inproceedings{li2023text,
  title={Text is all you need: Learning language representations for sequential recommendation},
  author={Li, Jiacheng and Wang, Ming and Li, Jin and Fu, Jinmiao and Shen, Xin and Shang, Jingbo and McAuley, Julian},
  booktitle={Proceedings of the 29th ACM SIGKDD Conference on Knowledge Discovery and Data Mining},
  pages={1258--1267},
  year={2023}
}
@inproceedings{li2020sentence,
  title={On the Sentence Embeddings from Pre-trained Language Models},
  author={Li, Bohan and Zhou, Hao and He, Junxian and Wang, Mingxuan and Yang, Yiming and Li, Lei},
  booktitle={Proceedings of the 2020 Conference on Empirical Methods in Natural Language Processing (EMNLP)},
  pages={9119--9130},
  year={2020}
}
@inproceedings{ethayarajh2019contextual,
  title={How Contextual are Contextualized Word Representations? Comparing the Geometry of BERT, ELMo, and GPT-2 Embeddings},
  author={Ethayarajh, Kawin},
  booktitle={Proceedings of the 2019 Conference on Empirical Methods in Natural Language Processing and the 9th International Joint Conference on Natural Language Processing (EMNLP-IJCNLP)},
  year={2019},
  organization={Association for Computational Linguistics}
}
@inproceedings{zhang2024id_embeddings,
  author    = {Lingzi Zhang and Xin Zhou and Zhiwei Zeng and Zhiqi Shen},
  title     = {Are ID Embeddings Necessary? Whitening Pre-trained Text Embeddings for Effective Sequential Recommendation},
  booktitle = {2024 IEEE 40th International Conference on Data Engineering (ICDE)},
  year      = {2024},
  publisher = {IEEE}
}
@article{zhu2024multi,
  title={Multi-level sequence denoising with cross-signal contrastive learning for sequential recommendation},
  author={Zhu, Xiaofei and Li, Liang and Liu, Weidong and Luo, Xin},
  journal={Neural Networks},
  volume={179},
  pages={106480},
  year={2024},
  publisher={Elsevier}
}
@inproceedings{wang2024unveiling,
  title={Unveiling Vulnerabilities of Contrastive Recommender Systems to Poisoning Attacks},
  author={Wang, Zongwei and Yu, Junliang and Gao, Min and Yin, Hongzhi and Cui, Bin and Sadiq, Shazia},
  booktitle={Proceedings of the 30th ACM SIGKDD Conference on Knowledge Discovery and Data Mining},
  pages={3311--3322},
  year={2024}
}