@article{ester1996density,
  title={Density-based clustering in spatial databases: The algorithm DBSCAN},
  author={Ester, Martin and Kriegel, Hans-Peter and Sander, J{\"o}rg and Xu, Xiaowei},
  journal={Proceedings of the 2nd International Conference on Knowledge Discovery and Data Mining (KDD-96)},
  pages={226--231},
  year={1996}
}

@article{gupta2018social,
  title={Social LSTM: Human Trajectory Prediction in Crowded Spaces},
  author={Gupta, Amit and Johnson, Justin and Fei-Fei, Li},
  journal={Proceedings of the IEEE Conference on Computer Vision and Pattern Recognition (CVPR)},
  pages={961--971},
  year={2018}
}

@article{helbing2000social,
  title={Social force model for pedestrian dynamics},
  author={Helbing, Dirk and Moln{\'a}r, P{\'e}ter},
  journal={Phys. Rev. E},
  volume={51},
  number={5},
  pages={4282--4286},
  year={2000},
  publisher={APS}
}

@article{jia2020trajectory,
  title={Trajectory Prediction for Pedestrians with Complex Contextual Interactions},
  author={Jia, Xiaoyu and Yang, Ming-Hsuan},
  journal={IEEE Transactions on Circuits and Systems for Video Technology},
  volume={30},
  number={3},
  pages={655--667},
  year={2020},
  publisher={IEEE}
}

@article{li2008learning,
  author = {Li, Tan and Zhang, Tian and Liu, Peng},
  title = {Learning-Based Trajectory Prediction for Pedestrian Tracking},
  journal = {IEEE Transactions on Intelligent Transportation Systems},
  volume = {9},
  number = {4},
  pages = {477--486},
  year = {2008}
}

@article{vaswani2017attention,
  title={Attention is all you need},
  author={Vaswani, Ashish and Shazeer, Noam and Parmar, Niki and Uszkoreit, Jakob and Jones, Llion and Gomez, Aidan N and Kaiser, ≈Åukasz and Polosukhin, Illia},
  journal={Advances in neural information processing systems (NeurIPS)},
  volume={30},
  year={2017}
}

@inproceedings{zhang2016deep,
  title={Deep Learning for Pedestrian Trajectory Prediction},
  author={Zhang, Junbo and Li, Pei and Liu, Wei and Sun, Mingsheng},
  booktitle={Proceedings of the IEEE International Conference on Computer Vision (ICCV)},
  pages={2756--2764},
  year={2016}
}

@article{zhang2020graph,
  title={Graph neural network-based pedestrian behavior prediction},
  author={Zhang, Xiang and Chen, Wei and others},
  journal={IEEE Transactions on Circuits and Systems for Video Technology},
  volume={30},
  number={6},
  pages={1900--1910},
  year={2020}
}

