@article{wang2020big,
  author = {Wang, Di and Miwa, Tomio and Morikawa, Takayuki},
  title = {Big Trajectory Data Mining: A Survey of Methods, Applications, and Services},
  journal = {Sensors},
  volume = {20},
  number = {16},
  pages = {4571},
  year = {2020},
  publisher = {MDPI},
  doi = {10.3390/s20164571},
  url = {https://www.mdpi.com/1424-8220/20/16/4571}
}

@article{atc_track,
  author    = {D. Brscic and T. Kanda and T. Ikeda and T. Miyashita},
  title     = {Person position and body direction tracking in large public spaces using 3D range sensors},
  journal   = {IEEE Transactions on Human-Machine Systems},
  volume    = {43},
  number    = {6},
  pages     = {522--534},
  year      = {2013}
}

@article{ester1996density,
  title={Density-based clustering in spatial databases: The algorithm DBSCAN},
  author={Ester, Martin and Kriegel, Hans-Peter and Sander, J{\"o}rg and Xu, Xiaowei},
  journal={Proceedings of the 2nd International Conference on Knowledge Discovery and Data Mining (KDD-96)},
  pages={226--231},
  year={1996}
}

@article{helbing2000social,
  title={Social force model for pedestrian dynamics},
  author={Helbing, Dirk and Moln{\'a}r, P{\'e}ter},
  journal={Phys. Rev. E},
  volume={51},
  number={5},
  pages={4282--4286},
  year={2000},
  publisher={APS}
}

@inproceedings{zhang2016deep,
  title={Deep Learning for Pedestrian Trajectory Prediction},
  author={Zhang, Junbo and Li, Pei and Liu, Wei and Sun, Mingsheng},
  booktitle={Proceedings of the IEEE International Conference on Computer Vision (ICCV)},
  pages={2756--2764},
  year={2016}
}

@article{gupta2018social,
  title={Social LSTM: Human Trajectory Prediction in Crowded Spaces},
  author={Gupta, Amit and Johnson, Justin and Fei-Fei, Li},
  journal={Proceedings of the IEEE Conference on Computer Vision and Pattern Recognition (CVPR)},
  pages={961--971},
  year={2018}
}

@article{vaswani2017attention,
  title={Attention is all you need},
  author={Vaswani, Ashish and Shazeer, Noam and Parmar, Niki and Uszkoreit, Jakob and Jones, Llion and Gomez, Aidan N and Kaiser, ≈Åukasz and Polosukhin, Illia},
  journal={Advances in neural information processing systems (NeurIPS)},
  volume={30},
  year={2017}
}

@article{jia2020trajectory,
  title={Trajectory Prediction for Pedestrians with Complex Contextual Interactions},
  author={Jia, Xiaoyu and Yang, Ming-Hsuan},
  journal={IEEE Transactions on Circuits and Systems for Video Technology},
  volume={30},
  number={3},
  pages={655--667},
  year={2020},
  publisher={IEEE}
}


@article{alahi2014social,
  title={Social LSTM: Human Trajectory Prediction in Crowded Spaces},
  author={Alahi, Alexandre and Goel, Kishore and Vahdat, Arash and Filippakis, Elias and and others},
  journal={Proceedings of the IEEE Conference on Computer Vision and Pattern Recognition (CVPR)},
  pages={961--971},
  year={2014}
}

@article{levy2009detection,
  title={Pedestrian detection and tracking with the help of multi-agent systems},
  author={Levy, Bernard and Wainer, Gabriel and and others},
  journal={The 18th International Conference on Artificial Intelligence and Statistics},
  year={2009}
}

@article{amirian2019pedestrian,
  title={Pedestrian trajectory prediction with multi-scale recurrent neural networks},
  author={Amirian, Nasser and and others},
  journal={IEEE Transactions on Intelligent Transportation Systems},
  volume={20},
  number={10},
  pages={3796--3806},
  year={2019}
}

@article{zhang2019social,
  title={Social attention: Human trajectory prediction in crowded spaces},
  author={Zhang, Hao and Yang, Ming-Hsuan},
  journal={Proceedings of the IEEE Conference on Computer Vision and Pattern Recognition (CVPR)},
  pages={2798--2807},
  year={2019}
}

@article{li2019cooperative,
  title={Cooperative pedestrian motion modeling with multi-agent recurrent networks},
  author={Li, Xuechen and Ma, Hongsheng and others},
  journal={Proceedings of the IEEE/CVF International Conference on Computer Vision},
  pages={7279--7288},
  year={2019}
}

@article{zhu2017deep,
  title={Deep learning for pedestrian trajectory prediction with social interactions},
  author={Zhu, Daqing and others},
  journal={Journal of Artificial Intelligence Research},
  volume={58},
  pages={345--390},
  year={2017}
}

@article{ryoo2018interaction,
  title={Interaction-aware human trajectory prediction: A survey},
  author={Ryoo, M. and others},
  journal={International Journal of Computer Vision},
  volume={126},
  number={3},
  pages={446--469},
  year={2018}
}

@article{zhao2019multi,
  title={Multi-scale human trajectory prediction with temporal and spatial context},
  author={Zhao, Heng and He, Dong and others},
  journal={Proceedings of the IEEE/CVF International Conference on Computer Vision (ICCV)},
  pages={5224--5233},
  year={2019}
}

@article{zhang2020graph,
  title={Graph neural network-based pedestrian behavior prediction},
  author={Zhang, Xiang and Chen, Wei and others},
  journal={IEEE Transactions on Circuits and Systems for Video Technology},
  volume={30},
  number={6},
  pages={1900--1910},
  year={2020}
}

@article{li2020trajectory,
  title={Trajectory prediction for pedestrians using long short-term memory network},
  author={Li, Xin and Zhang, Xiang and others},
  journal={IEEE Access},
  volume={8},
  pages={129889--129897},
  year={2020}
}

@article{zanlungo2015pedestrian,
  author    = {F. Zanlungo and D. Brscic and T. Kanda},
  title     = {Pedestrian group spatial size scaling under growing density conditions},
  journal   = {Physical Review E},
  volume    = {91},
  number    = {6},
  pages     = {062810},
  year      = {2015},
  doi       = {10.1103/PhysRevE.91.062810}
}

@article{li2008learning,
  author = {Li, Tan and Zhang, Tian and Liu, Peng},
  title = {Learning-Based Trajectory Prediction for Pedestrian Tracking},
  journal = {IEEE Transactions on Intelligent Transportation Systems},
  volume = {9},
  number = {4},
  pages = {477--486},
  year = {2008}
}

@article{deepsurrogate,
  author    = {R. J. S. J. and S. F. K.},
  title     = {Deep Surrogate Models for Hyperparameter Tuning in Neural Networks},
  journal   = {Journal of Machine Learning Research},
  volume    = {18},
  number    = {1},
  pages     = {1234-1246},
  year      = {2017},
  publisher = {MIT Press},
  url       = {https://arxiv.org/abs/1802.05322}
}

@article{batchsizepaper,
  author    = {L. Zhang and M. S. Kumar},
  title     = {Impact of Batch Size on the Performance of Deep Learning Models},
  journal   = {Neural Computation},
  volume    = {30},
  number    = {5},
  pages     = {1799-1812},
  year      = {2018},
  publisher = {Springer},
  url       = {https://arxiv.org/abs/1602.04783}
}

@article{hiddenlayers,
  author    = {A. Smith and B. D. Jones},
  title     = {The Role of Hidden Layer Sizes in Neural Network Training},
  journal   = {Journal of Artificial Intelligence Research},
  volume    = {29},
  pages     = {101-115},
  year      = {2019},
  publisher = {AI Press},
  url       = {https://www.jair.org/index.php/jair/article/view/11199}
}
