@article{bai2024zigzag,
  title={Zigzag Diffusion Sampling: Diffusion Models Can Self-Improve via Self-Reflection},
  author={Bai, Lichen and Shao, Shitong and Zhou, Zikai and Qi, Zipeng and Xu, Zhiqiang and Xiong, Haoyi and Xie, Zeke},
  journal={arXiv preprint arXiv:2412.10891},
  year={2024}
}

@article{green2022optimal,
  title={Optimal weak to strong learning},
  author={Green Larsen, Kasper and Ritzert, Martin},
  journal={Advances in Neural Information Processing Systems},
  volume={35},
  pages={32830--32841},
  year={2022}
}

@inproceedings{chenself,
  title={Self-Play Fine-Tuning Converts Weak Language Models to Strong Language Models},
  author={Chen, Zixiang and Deng, Yihe and Yuan, Huizhuo and Ji, Kaixuan and Gu, Quanquan},
  booktitle={Forty-first International Conference on Machine Learning}
}

@inproceedings{rombach2022high,
  title={High-resolution image synthesis with latent diffusion models},
  author={Rombach, Robin and Blattmann, Andreas and Lorenz, Dominik and Esser, Patrick and Ommer, Bj{\"o}rn},
  booktitle={Proceedings of the IEEE/CVF conference on computer vision and pattern recognition},
  pages={10684--10695},
  year={2022}
}

@inproceedings{chen2025pixart,
  title={PIXART-\(\Sigma\): Weak-to-Strong Training of Diffusion Transformer for 4K Text-to-Image Generation
},
  author={Chen, Junsong and Ge, Chongjian and Xie, Enze and Wu, Yue and Yao, Lewei and Ren, Xiaozhe and Wang, Zhongdao and Luo, Ping and Lu, Huchuan and Li, Zhenguo},
  booktitle={European Conference on Computer Vision},
  pages={74--91},
  year={2025},
  organization={Springer}
}

@inproceedings{hogsgaard2023adaboost,
  title={Adaboost is not an optimal weak to strong learner},
  author={H{\o}gsgaard, Mikael M{\o}ller and Larsen, Kasper Green and Ritzert, Martin},
  booktitle={International Conference on Machine Learning},
  pages={13118--13140},
  year={2023},
  organization={PMLR}
}

@article{shinn2024reflexion,
  title={Reflexion: Language agents with verbal reinforcement learning},
  author={Shinn, Noah and Cassano, Federico and Gopinath, Ashwin and Narasimhan, Karthik and Yao, Shunyu},
  journal={Advances in Neural Information Processing Systems},
  volume={36},
  year={2024}
}

@article{madaan2024self,
  title={Self-refine: Iterative refinement with self-feedback},
  author={Madaan, Aman and Tandon, Niket and Gupta, Prakhar and Hallinan, Skyler and Gao, Luyu and Wiegreffe, Sarah and Alon, Uri and Dziri, Nouha and Prabhumoye, Shrimai and Yang, Yiming and others},
  journal={Advances in Neural Information Processing Systems},
  volume={36},
  year={2024}
}

@inproceedings{goucritic,
  title={CRITIC: Large Language Models Can Self-Correct with Tool-Interactive Critiquing},
  author={Gou, Zhibin and Shao, Zhihong and Gong, Yeyun and Yang, Yujiu and Duan, Nan and Chen, Weizhu and others},
  booktitle={The Twelfth International Conference on Learning Representations}
}

@article{zhou2024golden,
  title={Golden noise for diffusion models: A learning framework},
  author={Zhou, Zikai and Shao, Shitong and Bai, Lichen and Xu, Zhiqiang and Han, Bo and Xie, Zeke},
  journal={arXiv preprint arXiv:2411.09502},
  year={2024}
}

@article{ghosh2024geneval,
  title={Geneval: An object-focused framework for evaluating text-to-image alignment},
  author={Ghosh, Dhruba and Hajishirzi, Hannaneh and Schmidt, Ludwig},
  journal={Advances in Neural Information Processing Systems},
  volume={36},
  year={2024}
}

@article{karras2022elucidating,
  title={Elucidating the design space of diffusion-based generative models},
  author={Karras, Tero and Aittala, Miika and Aila, Timo and Laine, Samuli},
  journal={Advances in neural information processing systems},
  volume={35},
  pages={26565--26577},
  year={2022}
}

@article{ho2020denoising,
  title={Denoising diffusion probabilistic models},
  author={Ho, Jonathan and Jain, Ajay and Abbeel, Pieter},
  journal={Advances in neural information processing systems},
  volume={33},
  pages={6840--6851},
  year={2020}
}

@article{song2020improved,
  title={Improved techniques for training score-based generative models},
  author={Song, Yang and Ermon, Stefano},
  journal={Advances in neural information processing systems},
  volume={33},
  pages={12438--12448},
  year={2020}
}

@article{burns2023weak,
  title={Weak-to-strong generalization: Eliciting strong capabilities with weak supervision},
  author={Burns, Collin and Izmailov, Pavel and Kirchner, Jan Hendrik and Baker, Bowen and Gao, Leo and Aschenbrenner, Leopold and Chen, Yining and Ecoffet, Adrien and Joglekar, Manas and Leike, Jan and others},
  journal={arXiv preprint arXiv:2312.09390},
  year={2023}
}

@incollection{schapire2013explaining,
  title={Explaining adaboost},
  author={Schapire, Robert E},
  booktitle={Empirical inference: festschrift in honor of vladimir N. Vapnik},
  pages={37--52},
  year={2013},
  publisher={Springer}
}

@article{ho2022video,
  title={Video diffusion models},
  author={Ho, Jonathan and Salimans, Tim and Gritsenko, Alexey and Chan, William and Norouzi, Mohammad and Fleet, David J},
  journal={Advances in Neural Information Processing Systems},
  volume={35},
  pages={8633--8646},
  year={2022}
}

@inproceedings{songscore,
  title={Score-Based Generative Modeling through Stochastic Differential Equations},
  author={Song, Yang and Sohl-Dickstein, Jascha and Kingma, Diederik P and Kumar, Abhishek and Ermon, Stefano and Poole, Ben},
  booktitle={International Conference on Learning Representations}
}

@misc{chefer2023attendandexcite,
      title={Attend-and-Excite: Attention-Based Semantic Guidance for Text-to-Image Diffusion Models}, 
      author={Hila Chefer and Yuval Alaluf and Yael Vinker and Lior Wolf and Daniel Cohen-Or},
      year={2023},
      eprint={2301.13826},
      archivePrefix={arXiv},
      primaryClass={cs.CV}
}


@inproceedings{si2023freeu,
  title={FreeU: Free Lunch in Diffusion U-Net},
  author={Si, Chenyang and Huang, Ziqi and Jiang, Yuming and Liu, Ziwei},
  booktitle={CVPR},
  year={2024}
}

@inproceedings{ho2021classifier,
  title={Classifier-Free Diffusion Guidance},
  author={Ho, Jonathan and Salimans, Tim},
  booktitle={NeurIPS 2021 Workshop on Deep Generative Models and Downstream Applications},
  year={2021}
}

@article{van2008visualizing,
  title={Visualizing data using t-SNE.},
  author={Van der Maaten, Laurens and Hinton, Geoffrey},
  journal={Journal of machine learning research},
  volume={9},
  number={11},
  year={2008}
}

@article{krizhevsky2009learning,
  title={Learning multiple layers of features from tiny images},
  author={Krizhevsky, Alex and Hinton, Geoffrey and others},
  year={2009},
  publisher={Toronto, ON, Canada}
}

@article{guo2023animatediff,
  title={Animatediff: Animate your personalized text-to-image diffusion models without specific tuning},
  author={Guo, Yuwei and Yang, Ceyuan and Rao, Anyi and Liang, Zhengyang and Wang, Yaohui and Qiao, Yu and Agrawala, Maneesh and Lin, Dahua and Dai, Bo},
  journal={arXiv preprint arXiv:2307.04725},
  year={2023}
}

@inproceedings{podellsdxl,
  title={SDXL: Improving Latent Diffusion Models for High-Resolution Image Synthesis},
  author={Podell, Dustin and English, Zion and Lacey, Kyle and Blattmann, Andreas and Dockhorn, Tim and M{\"u}ller, Jonas and Penna, Joe and Rombach, Robin},
  booktitle={The Twelfth International Conference on Learning Representations}
}

@inproceedings{yetfg,
  title={TFG: Unified Training-Free Guidance for Diffusion Models},
  author={Ye, Haotian and Lin, Haowei and Han, Jiaqi and Xu, Minkai and Liu, Sheng and Liang, Yitao and Ma, Jianzhu and Zou, James and Ermon, Stefano},
  booktitle={The Thirty-eighth Annual Conference on Neural Information Processing Systems}
}

@article{ye2023ip,
  title={Ip-adapter: Text compatible image prompt adapter for text-to-image diffusion models},
  author={Ye, Hu and Zhang, Jun and Liu, Sibo and Han, Xiao and Yang, Wei},
  journal={arXiv preprint arXiv:2308.06721},
  year={2023}
}

@article{liu2024alignment,
  title={Alignment of diffusion models: Fundamentals, challenges, and future},
  author={Liu, Buhua and Shao, Shitong and Li, Bao and Bai, Lichen and Xu, Zhiqiang and Xiong, Haoyi and Kwok, James and Helal, Sumi and Xie, Zeke},
  journal={arXiv preprint arXiv:2409.07253},
  year={2024}
}

@inproceedings{hulora,
  title={LoRA: Low-Rank Adaptation of Large Language Models},
  author={Hu, Edward J and Wallis, Phillip and Allen-Zhu, Zeyuan and Li, Yuanzhi and Wang, Shean and Wang, Lu and Chen, Weizhu and others},
  booktitle={International Conference on Learning Representations}
}

@article{kirstain2023pick,
  title={Pick-a-pic: An open dataset of user preferences for text-to-image generation},
  author={Kirstain, Yuval and Polyak, Adam and Singer, Uriel and Matiana, Shahbuland and Penna, Joe and Levy, Omer},
  journal={Advances in Neural Information Processing Systems},
  volume={36},
  pages={36652--36663},
  year={2023}
}

@article{ahn2024noise,
  title={A Noise is Worth Diffusion Guidance},
  author={Ahn, Donghoon and Kang, Jiwon and Lee, Sanghyun and Min, Jaewon and Kim, Minjae and Jang, Wooseok and Cho, Hyoungwon and Paul, Sayak and Kim, SeonHwa and Cha, Eunju and others},
  journal={arXiv preprint arXiv:2412.03895},
  year={2024}
}


@inproceedings{yu2023freedom,
  title={Freedom: Training-free energy-guided conditional diffusion model},
  author={Yu, Jiwen and Wang, Yinhuai and Zhao, Chen and Ghanem, Bernard and Zhang, Jian},
  booktitle={Proceedings of the IEEE/CVF International Conference on Computer Vision},
  pages={23174--23184},
  year={2023}
}

@inproceedings{wu2023tune,
  title={Tune-a-video: One-shot tuning of image diffusion models for text-to-video generation},
  author={Wu, Jay Zhangjie and Ge, Yixiao and Wang, Xintao and Lei, Stan Weixian and Gu, Yuchao and Shi, Yufei and Hsu, Wynne and Shan, Ying and Qie, Xiaohu and Shou, Mike Zheng},
  booktitle={Proceedings of the IEEE/CVF International Conference on Computer Vision},
  pages={7623--7633},
  year={2023}
}

@article{shao2024iv,
  title={IV-Mixed Sampler: Leveraging Image Diffusion Models for Enhanced Video Synthesis},
  author={Shao, Shitong and Zhou, Zikai and Bai, Lichen and Xiong, Haoyi and Xie, Zeke},
  journal={arXiv preprint arXiv:2410.04171},
  year={2024}
}


@article{fei2024scaling,
  title={Scaling diffusion transformers to 16 billion parameters},
  author={Fei, Zhengcong and Fan, Mingyuan and Yu, Changqian and Li, Debang and Huang, Junshi},
  journal={arXiv preprint arXiv:2407.11633},
  year={2024}
}

@article{yang2024qwen2,
  title={Qwen2. 5 Technical Report},
  author={Yang, An and Yang, Baosong and Zhang, Beichen and Hui, Binyuan and Zheng, Bo and Yu, Bowen and Li, Chengyuan and Liu, Dayiheng and Huang, Fei and Wei, Haoran and others},
  journal={arXiv preprint arXiv:2412.15115},
  year={2024}
}

@article{chefer2023attend,
  title={Attend-and-excite: Attention-based semantic guidance for text-to-image diffusion models},
  author={Chefer, Hila and Alaluf, Yuval and Vinker, Yael and Wolf, Lior and Cohen-Or, Daniel},
  journal={ACM Transactions on Graphics (TOG)},
  volume={42},
  number={4},
  pages={1--10},
  year={2023},
  publisher={ACM New York, NY, USA}
}

@article{song2020denoising,
  title={Denoising diffusion implicit models},
  author={Song, Jiaming and Meng, Chenlin and Ermon, Stefano},
  journal={arXiv preprint arXiv:2010.02502},
  year={2020}
}

@article{lu2022dpm,
  title={Dpm-solver: A fast ode solver for diffusion probabilistic model sampling in around 10 steps},
  author={Lu, Cheng and Zhou, Yuhao and Bao, Fan and Chen, Jianfei and Li, Chongxuan and Zhu, Jun},
  journal={Advances in Neural Information Processing Systems},
  volume={35},
  pages={5775--5787},
  year={2022}
}


@inproceedings{zhang2024learning,
  title={Learning Multi-dimensional Human Preference for Text-to-Image Generation},
  author={Zhang, Sixian and Wang, Bohan and Wu, Junqiang and Li, Yan and Gao, Tingting and Zhang, Di and Wang, Zhongyuan},
  booktitle={Proceedings of the IEEE/CVF Conference on Computer Vision and Pattern Recognition},
  pages={8018--8027},
  year={2024}
}

@article{yuscaling,
  title={Scaling Autoregressive Models for Content-Rich Text-to-Image Generation},
  author={Yu, Jiahui and Xu, Yuanzhong and Koh, Jing Yu and Luong, Thang and Baid, Gunjan and Wang, Zirui and Vasudevan, Vijay and Ku, Alexander and Yang, Yinfei and Ayan, Burcu Karagol and others},
  journal={Transactions on Machine Learning Research}
}

@article{saharia2022photorealistic,
  title={Photorealistic text-to-image diffusion models with deep language understanding},
  author={Saharia, Chitwan and Chan, William and Saxena, Saurabh and Li, Lala and Whang, Jay and Denton, Emily L and Ghasemipour, Kamyar and Gontijo Lopes, Raphael and Karagol Ayan, Burcu and Salimans, Tim and others},
  journal={Advances in neural information processing systems},
  volume={35},
  pages={36479--36494},
  year={2022}
}


@article{schuhmann2022laion,
  title={Laion-5b: An open large-scale dataset for training next generation image-text models},
  author={Schuhmann, Christoph and Beaumont, Romain and Vencu, Richard and Gordon, Cade and Wightman, Ross and Cherti, Mehdi and Coombes, Theo and Katta, Aarush and Mullis, Clayton and Wortsman, Mitchell and others},
  journal={Advances in Neural Information Processing Systems},
  volume={35},
  pages={25278--25294},
  year={2022}
}

@article{sugiyama2013density,
  title={Density-difference estimation},
  author={Sugiyama, Masashi and Kanamori, Takafumi and Suzuki, Taiji and Du Plessis, Marthinus Christoffel and Liu, Song and Takeuchi, Ichiro},
  journal={Neural Computation},
  volume={25},
  number={10},
  pages={2734--2775},
  year={2013},
  publisher={MIT Press}
}

@inproceedings{guoanimatediff,
  title={AnimateDiff: Animate Your Personalized Text-to-Image Diffusion Models without Specific Tuning},
  author={Guo, Yuwei and Yang, Ceyuan and Rao, Anyi and Liang, Zhengyang and Wang, Yaohui and Qiao, Yu and Agrawala, Maneesh and Lin, Dahua and Dai, Bo},
  booktitle={The Twelfth International Conference on Learning Representations}
} 

@InProceedings{huang2023vbench,
     title={{VBench}: Comprehensive Benchmark Suite for Video Generative Models},
     author={Huang, Ziqi and He, Yinan and Yu, Jiashuo and Zhang, Fan and Si, Chenyang and Jiang, Yuming and Zhang, Yuanhan and Wu, Tianxing and Jin, Qingyang and Chanpaisit, Nattapol and Wang, Yaohui and Chen, Xinyuan and Wang, Limin and Lin, Dahua and Qiao, Yu and Liu, Ziwei},
     booktitle={Proceedings of the IEEE/CVF Conference on Computer Vision and Pattern Recognition},
     year={2024}
 }

@misc{Seitzer2020FID,
  author={Maximilian Seitzer},
  title={{pytorch-fid: FID Score for PyTorch}},
  month={August},
  year={2020},
  note={Version 0.3.0},
  howpublished={\url{https://github.com/mseitzer/pytorch-fid}},
}

@article{wu2023human,
  title={Human preference score v2: A solid benchmark for evaluating human preferences of text-to-image synthesis},
  author={Wu, Xiaoshi and Hao, Yiming and Sun, Keqiang and Chen, Yixiong and Zhu, Feng and Zhao, Rui and Li, Hongsheng},
  journal={arXiv preprint arXiv:2306.09341},
  year={2023}
}

@inproceedings{zhang2023adding,
  title={Adding conditional control to text-to-image diffusion models},
  author={Zhang, Lvmin and Rao, Anyi and Agrawala, Maneesh},
  booktitle={Proceedings of the IEEE/CVF International Conference on Computer Vision},
  pages={3836--3847},
  year={2023}
}


@article{jumper2021highly,
  title={Highly accurate protein structure prediction with AlphaFold},
  author={Jumper, John and Evans, Richard and Pritzel, Alexander and Green, Tim and Figurnov, Michael and Ronneberger, Olaf and Tunyasuvunakool, Kathryn and Bates, Russ and {\v{Z}}{\'\i}dek, Augustin and Potapenko, Anna and others},
  journal={nature},
  volume={596},
  number={7873},
  pages={583--589},
  year={2021},
  publisher={Nature Publishing Group}
}

@article{ye2024tfg,
  title={Tfg: Unified training-free guidance for diffusion models},
  author={Ye, Haotian and Lin, Haowei and Han, Jiaqi and Xu, Minkai and Liu, Sheng and Liang, Yitao and Ma, Jianzhu and Zou, James and Ermon, Stefano},
  journal={arXiv preprint arXiv:2409.15761},
  year={2024}
}

@article{he2023manifold,
  title={Manifold preserving guided diffusion},
  author={He, Yutong and Murata, Naoki and Lai, Chieh-Hsin and Takida, Yuhta and Uesaka, Toshimitsu and Kim, Dongjun and Liao, Wei-Hsiang and Mitsufuji, Yuki and Kolter, J Zico and Salakhutdinov, Ruslan and others},
  journal={arXiv preprint arXiv:2311.16424},
  year={2023}
}

@inproceedings{bansal2023universal,
  title={Universal guidance for diffusion models},
  author={Bansal, Arpit and Chu, Hong-Min and Schwarzschild, Avi and Sengupta, Soumyadip and Goldblum, Micah and Geiping, Jonas and Goldstein, Tom},
  booktitle={Proceedings of the IEEE/CVF Conference on Computer Vision and Pattern Recognition},
  pages={843--852},
  year={2023}
}

@inproceedings{lugmayr2022repaint,
  title={Repaint: Inpainting using denoising diffusion probabilistic models},
uthor={Lugmayr, Andreas and Danelljan, Martin and Romero, Andres and Yu, Fisher and Timofte, Radu and Van Gool, Luc},
  booktitle={Proceedings of the IEEE/CVF conference on computer vision and pattern recognition},
  pages={11461--11471},
  year={2022}
}

@article{ma2025inference,
  title={Inference-Time Scaling for Diffusion Models beyond Scaling Denoising Steps},
  author={Ma, Nanye and Tong, Shangyuan and Jia, Haolin and Hu, Hexiang and Su, Yu-Chuan and Zhang, Mingda and Yang, Xuan and Li, Yandong and Jaakkola, Tommi and Jia, Xuhui and others},
  journal={arXiv preprint arXiv:2501.09732},
  year={2025}
}