@article{hoque2019searching,
  title={Searching the visual style and structure of d3 visualizations},
  author={Hoque, Enamul and Agrawala, Maneesh},
  journal={IEEE transactions on visualization and computer graphics},
  volume={26},
  number={1},
  pages={1236--1245},
  year={2019},
  publisher={IEEE}
}

@inproceedings{fu2019visualization,
  title={Visualization assessment: A machine learning approach},
  author={Fu, Xin and Wang, Yun and Dong, Haoyu and Cui, Weiwei and Zhang, Haidong},
  booktitle={2019 IEEE Visualization Conference (VIS)},
  pages={126--130},
  year={2019},
  organization={IEEE}
}

@article{bryan2016temporal,
  title={Temporal summary images: An approach to narrative visualization via interactive annotation generation and placement},
  author={Bryan, Chris and Ma, Kwan-Liu and Woodring, Jonathan},
  journal={IEEE transactions on visualization and computer graphics},
  volume={23},
  number={1},
  pages={511--520},
  year={2016},
  publisher={IEEE}
}

@inproceedings{hu2019vizml,
  title={Vizml: A machine learning approach to visualization recommendation},
  author={Hu, Kevin and Bakker, Michiel A and Li, Stephen and Kraska, Tim and Hidalgo, C{\'e}sar},
  booktitle={Proceedings of the 2019 CHI Conference on Human Factors in Computing Systems},
  pages={1--12},
  year={2019}
}

@article{wongsuphasawat2015voyager,
  title={Voyager: Exploratory analysis via faceted browsing of visualization recommendations},
  author={Wongsuphasawat, Kanit and Moritz, Dominik and Anand, Anushka and Mackinlay, Jock and Howe, Bill and Heer, Jeffrey},
  journal={IEEE transactions on visualization and computer graphics},
  volume={22},
  number={1},
  pages={649--658},
  year={2015},
  publisher={IEEE}
}

@inproceedings{wu2022nl2viz,
  title={NL2Viz: natural language to visualization via constrained syntax-guided synthesis},
  author={Wu, Zhengkai and Le, Vu and Tiwari, Ashish and Gulwani, Sumit and Radhakrishna, Arjun and Radi{\v{c}}ek, Ivan and Soares, Gustavo and Wang, Xinyu and Li, Zhenwen and Xie, Tao},
  booktitle={Proceedings of the 30th ACM Joint European Software Engineering Conference and Symposium on the Foundations of Software Engineering},
  pages={972--983},
  year={2022}
}

@article{kim2020gemini,
  title={Gemini: A grammar and recommender system for animated transitions in statistical graphics},
  author={Kim, Younghoon and Heer, Jeffrey},
  journal={IEEE Transactions on Visualization and Computer Graphics},
  volume={27},
  number={2},
  pages={485--494},
  year={2020},
  publisher={IEEE}
}

@article{cui2019datasite,
  title={Datasite: Proactive visual data exploration with computation of insight-based recommendations},
  author={Cui, Zhe and Badam, Sriram Karthik and Yal{\c{c}}in, M Adil and Elmqvist, Niklas},
  journal={Information Visualization},
  volume={18},
  number={2},
  pages={251--267},
  year={2019},
  publisher={SAGE Publications Sage UK: London, England}
}

@article{wu2021ai4vis,
  title={Ai4vis: Survey on artificial intelligence approaches for data visualization},
  author={Wu, Aoyu and Wang, Yun and Shu, Xinhuan and Moritz, Dominik and Cui, Weiwei and Zhang, Haidong and Zhang, Dongmei and Qu, Huamin},
  journal={IEEE Transactions on Visualization and Computer Graphics},
  year={2021},
  publisher={IEEE}
}


@INPROCEEDINGS{vizsmith,
  author={Bavishi, Rohan and Laddad, Shadaj and Yoshida, Hiroaki and Prasad, Mukul R. and Sen, Koushik},
  booktitle={2021 36th IEEE/ACM International Conference on Automated Software Engineering (ASE)}, 
  title={VizSmith: Automated Visualization Synthesis by Mining Data-Science Notebooks}, 
  year={2021},
  volume={},
  number={},
  pages={129-141},
  doi={10.1109/ASE51524.2021.9678696}}

@article{shi2020calliope,
  title={Calliope: Automatic visual data story generation from a spreadsheet},
  author={Shi, Danqing and Xu, Xinyue and Sun, Fuling and Shi, Yang and Cao, Nan},
  journal={IEEE Transactions on Visualization and Computer Graphics},
  volume={27},
  number={2},
  pages={453--463},
  year={2020},
  publisher={IEEE}
}

@article{wang2019datashot,
  title={Datashot: Automatic generation of fact sheets from tabular data},
  author={Wang, Yun and Sun, Zhida and Zhang, Haidong and Cui, Weiwei and Xu, Ke and Ma, Xiaojuan and Zhang, Dongmei},
  journal={IEEE transactions on visualization and computer graphics},
  volume={26},
  number={1},
  pages={895--905},
  year={2019},
  publisher={IEEE}
}

@article{schwartz2023enhancing,
  title={Enhancing Trust in LLM-Based AI Automation Agents: New Considerations and Future Challenges},
  author={Schwartz, Sivan and Yaeli, Avi and Shlomov, Segev},
  journal={arXiv preprint arXiv:2308.05391},
  year={2023}
}

@article{chang2023survey,
  title={A survey on evaluation of large language models},
  author={Chang, Yupeng and Wang, Xu and Wang, Jindong and Wu, Yuan and Zhu, Kaijie and Chen, Hao and Yang, Linyi and Yi, Xiaoyuan and Wang, Cunxiang and Wang, Yidong and others},
  journal={arXiv preprint arXiv:2307.03109},
  year={2023}
}

@article{min2022rethinking,
  title={Rethinking the role of demonstrations: What makes in-context learning work?},
  author={Min, Sewon and Lyu, Xinxi and Holtzman, Ari and Artetxe, Mikel and Lewis, Mike and Hajishirzi, Hannaneh and Zettlemoyer, Luke},
  journal={arXiv preprint arXiv:2202.12837},
  year={2022}
}

@article{king2023get,
  title={" Get ready for a party": Exploring smarter smart spaces with help from large language models},
  author={King, Evan and Yu, Haoxiang and Lee, Sangsu and Julien, Christine},
  journal={arXiv preprint arXiv:2303.14143},
  year={2023}
}

@ARTICLE{chat2vis,
  author={Maddigan, Paula and Susnjak, Teo},
  journal={IEEE Access}, 
  title={Chat2VIS: Generating Data Visualizations via Natural Language Using ChatGPT, Codex and GPT-3 Large Language Models}, 
  year={2023},
  volume={11},
  number={},
  pages={45181-45193},
  doi={10.1109/ACCESS.2023.3274199}}

@article{wu2023bloomberggpt,
  title={Bloomberggpt: A large language model for finance},
  author={Wu, Shijie and Irsoy, Ozan and Lu, Steven and Dabravolski, Vadim and Dredze, Mark and Gehrmann, Sebastian and Kambadur, Prabhanjan and Rosenberg, David and Mann, Gideon},
  journal={arXiv preprint arXiv:2303.17564},
  year={2023}
}
@misc{wang2023llm4vis,
      title={LLM4Vis: Explainable Visualization Recommendation using ChatGPT}, 
      author={Lei Wang and Songheng Zhang and Yun Wang and Ee-Peng Lim and Yong Wang},
      year={2023},
      eprint={2310.07652},
      archivePrefix={arXiv},
      primaryClass={cs.HC}
}

@article{deng2023pentestgpt,
  title={Pentestgpt: An llm-empowered automatic penetration testing tool},
  author={Deng, Gelei and Liu, Yi and Mayoral-Vilches, V{\'\i}ctor and Liu, Peng and Li, Yuekang and Xu, Yuan and Zhang, Tianwei and Liu, Yang and Pinzger, Martin and Rass, Stefan},
  journal={arXiv preprint arXiv:2308.06782},
  year={2023}
}

@article{cascella2023evaluating,
  title={Evaluating the feasibility of ChatGPT in healthcare: an analysis of multiple clinical and research scenarios},
  author={Cascella, Marco and Montomoli, Jonathan and Bellini, Valentina and Bignami, Elena},
  journal={Journal of Medical Systems},
  volume={47},
  number={1},
  pages={33},
  year={2023},
  publisher={Springer}
}



@article{shen2022towards,
  title={Towards natural language interfaces for data visualization: A survey},
  author={Shen, Leixian and Shen, Enya and Luo, Yuyu and Yang, Xiaocong and Hu, Xuming and Zhang, Xiongshuai and Tai, Zhiwei and Wang, Jianmin},
  journal={IEEE transactions on visualization and computer graphics},
  year={2022},
  publisher={IEEE}
}

@article{hoque2017applying,
  title={Applying pragmatics principles for interaction with visual analytics},
  author={Hoque, Enamul and Setlur, Vidya and Tory, Melanie and Dykeman, Isaac},
  journal={IEEE transactions on visualization and computer graphics},
  volume={24},
  number={1},
  pages={309--318},
  year={2017},
  publisher={IEEE}
}
@article{liu2013storyflow,
  title={Storyflow: Tracking the evolution of stories},
  author={Liu, Shixia and Wu, Yingcai and Wei, Enxun and Liu, Mengchen and Liu, Yang},
  journal={IEEE Transactions on Visualization and Computer Graphics},
  volume={19},
  number={12},
  pages={2436--2445},
  year={2013},
  publisher={IEEE}
}

@inproceedings{wang2021animated,
  title={Animated presentation of static infographics with infomotion},
  author={Wang, Yun and Gao, Yi and Huang, Ray and Cui, Weiwei and Zhang, Haidong and Zhang, Dongmei},
  booktitle={Computer Graphics Forum},
  volume={40},
  number={3},
  pages={507--518},
  year={2021},
  organization={Wiley Online Library}
}

@inproceedings{lu2021automatic,
  title={Automatic generation of unit visualization-based scrollytelling for impromptu data facts delivery},
  author={Lu, Junhua and Chen, Wei and Ye, Hui and Wang, Jie and Mei, Honghui and Gu, Yuhui and Wu, Yingcai and Zhang, Xiaolong Luke and Ma, Kwan-Liu},
  booktitle={2021 IEEE 14th Pacific visualization symposium (PacificVis)},
  pages={21--30},
  year={2021},
  organization={IEEE}
}

@inproceedings{fast2018iris,
  title={Iris: A conversational agent for complex tasks},
  author={Fast, Ethan and Chen, Binbin and Mendelsohn, Julia and Bassen, Jonathan and Bernstein, Michael S},
  booktitle={Proceedings of the 2018 CHI conference on human factors in computing systems},
  pages={1--12},
  year={2018}
}

@article{chen2023does,
  title={How does automation shape the process of narrative visualization: A survey of tools},
  author={Chen, Qing and Cao, Shixiong and Wang, Jiazhe and Cao, Nan},
  journal={IEEE Transactions on Visualization and Computer Graphics},
  year={2023},
  publisher={IEEE}
}

@article{cui2019text,
  title={Text-to-viz: Automatic generation of infographics from proportion-related natural language statements},
  author={Cui, Weiwei and Zhang, Xiaoyu and Wang, Yun and Huang, He and Chen, Bei and Fang, Lei and Zhang, Haidong and Lou, Jian-Guan and Zhang, Dongmei},
  journal={IEEE transactions on visualization and computer graphics},
  volume={26},
  number={1},
  pages={906--916},
  year={2019},
  publisher={IEEE}
}

@book{ryan2018visual,
  title={Visual data storytelling with tableau: story points, telling compelling data narratives},
  author={Ryan, Lindy},
  year={2018},
  publisher={Addison-Wesley Professional}
}

@inproceedings{li2023notable,
  title={Notable: On-the-fly Assistant for Data Storytelling in Computational Notebooks},
  author={Li, Haotian and Ying, Lu and Zhang, Haidong and Wu, Yingcai and Qu, Huamin and Wang, Yun},
  booktitle={Proceedings of the 2023 CHI Conference on Human Factors in Computing Systems},
  pages={1--16},
  year={2023}
}

@article{becker2019microsoft,
  title={Microsoft power BI: Extending excel to manipulate, analyze, and visualize diverse data},
  author={Becker, Louis T and Gould, Elyssa M},
  journal={Serials Review},
  volume={45},
  number={3},
  pages={184--188},
  year={2019},
  publisher={Taylor \& Francis}
}

@inproceedings{wang2021auto,
  title={Auto-generating Textual Data Stories Using Data Science Pipelines},
  author={Wang, Ruilin and Gowri Sripada, Somayajulu and Beacham, Nigel},
  booktitle={Proceedings of the 2021 4th International Conference on Algorithms, Computing and Artificial Intelligence},
  pages={1--8},
  year={2021}
}

@article{kim2020natural,
  title={Natural language to SQL: Where are we today?},
  author={Kim, Hyeonji and So, Byeong-Hoon and Han, Wook-Shin and Lee, Hongrae},
  journal={Proceedings of the VLDB Endowment},
  volume={13},
  number={10},
  pages={1737--1750},
  year={2020},
  publisher={VLDB Endowment}
}

@article{kumasaka2008high,
  title={High-dimensional data visualisation: The textile plot},
  author={Kumasaka, Natsuhiko and Shibata, Ritei},
  journal={Computational statistics \& data analysis},
  volume={52},
  number={7},
  pages={3616--3644},
  year={2008},
  publisher={Elsevier}
}

@INPROCEEDINGS{9152761,
  author={Pan, Xudong and Zhang, Mi and Ji, Shouling and Yang, Min},
  booktitle={2020 IEEE Symposium on Security and Privacy (SP)}, 
  title={Privacy Risks of General-Purpose Language Models}, 
  year={2020},
  volume={},
  number={},
  pages={1314-1331},
  doi={10.1109/SP40000.2020.00095}}

@inproceedings{brown2022does,
  title={What does it mean for a language model to preserve privacy?},
  author={Brown, Hannah and Lee, Katherine and Mireshghallah, Fatemehsadat and Shokri, Reza and Tram{\`e}r, Florian},
  booktitle={Proceedings of the 2022 ACM Conference on Fairness, Accountability, and Transparency},
  pages={2280--2292},
  year={2022}
}

@misc{Gurman_2023, title={Samsung bans chatgpt, Google Bard, other generative AI use by staff after leak}, url={https://www.bloomberg.com/news/articles/2023-05-02/samsung-bans-chatgpt-and-other-generative-ai-use-by-staff-after-leak}, journal={Bloomberg.com}, publisher={Bloomberg}, author={Gurman, Mark}, year={2023}, month={May}} 

@misc{Gal, title={CHATGPT is a data privacy nightmare}, url={https://www.sydney.edu.au/news-opinion/news/2023/02/08/chatgpt-is-a-data-privacy-nightmare.html}, journal={The University of Sydney}, author={Gal, Uri}} 

@article{bangor2008empirical,
  title={An empirical evaluation of the system usability scale},
  author={Bangor, Aaron and Kortum, Philip T and Miller, James T},
  journal={Intl. Journal of Human--Computer Interaction},
  volume={24},
  number={6},
  pages={574--594},
  year={2008},
  publisher={Taylor \& Francis}
}

@inproceedings{song2023llm,
  title={Llm-planner: Few-shot grounded planning for embodied agents with large language models},
  author={Song, Chan Hee and Wu, Jiaman and Washington, Clayton and Sadler, Brian M and Chao, Wei-Lun and Su, Yu},
  booktitle={Proceedings of the IEEE/CVF International Conference on Computer Vision},
  pages={2998--3009},
  year={2023}
}

@article{nadeau2007survey,
  title={A survey of named entity recognition and classification},
  author={Nadeau, David and Sekine, Satoshi},
  journal={Lingvisticae Investigationes},
  volume={30},
  number={1},
  pages={3--26},
  year={2007},
  publisher={John Benjamins}
}

@article{lin2024promptcrypt,
  title={PromptCrypt: Prompt Encryption for Secure Communication with Large Language Models},
  author={Lin, Guo and Hua, Wenyue and Zhang, Yongfeng},
  journal={arXiv preprint arXiv:2402.05868},
  year={2024}
}

@article{mclean2018developing,
  title={Developing a mobile applications customer experience model (MACE)-implications for retailers},
  author={McLean, Graeme and Al-Nabhani, Khalid and Wilson, Alan},
  journal={Journal of Business Research},
  volume={85},
  pages={325--336},
  year={2018},
  publisher={Elsevier}
}

@article{hui2015enhancing,
  title={Enhancing user experience through customisation of UI design},
  author={Hui, Sarah Low Tze and See, Swee Lan},
  journal={Procedia Manufacturing},
  volume={3},
  pages={1932--1937},
  year={2015},
  publisher={Elsevier}
}

@article{shrestha2008eye,
  title={Eye movement patterns on single and dual-column web pages},
  author={Shrestha, Sav and Owens, Justin W},
  journal={Usability News},
  volume={10},
  number={1},
  pages={0--6},
  year={2008}
}

@article{kavaz2023chatbot,
  title={Chatbot-Based Natural Language Interfaces for Data Visualisation: A Scoping Review},
  author={Kavaz, Ecem and Puig, Anna and Rodr{\'\i}guez, Inmaculada},
  journal={Applied Sciences},
  volume={13},
  number={12},
  pages={7025},
  year={2023},
  publisher={MDPI}
}

@article{chen2023seed,
  title={Seed: Domain-specific data curation with large language models},
  author={Chen, Zui and Cao, Lei and Madden, Sam and Kraska, Tim and Shang, Zeyuan and Fan, Ju and Tang, Nan and Gu, Zihui and Liu, Chunwei and Cafarella, Michael},
  journal={arXiv e-prints},
  pages={arXiv--2310},
  year={2023}
}

@inproceedings{yu2023llm,
  title={Llm for test script generation and migration: Challenges, capabilities, and opportunities},
  author={Yu, Shengcheng and Fang, Chunrong and Ling, Yuchen and Wu, Chentian and Chen, Zhenyu},
  booktitle={2023 IEEE 23rd International Conference on Software Quality, Reliability, and Security (QRS)},
  pages={206--217},
  year={2023},
  organization={IEEE}
}

@article{li2024visualization,
  title={Visualization Generation with Large Language Models: An Evaluation},
  author={Li, Guozheng and Wang, Xinyu and Aodeng, Gerile and Zheng, Shunyuan and Zhang, Yu and Ou, Chuangxin and Wang, Song and Liu, Chi Harold},
  journal={arXiv preprint arXiv:2401.11255},
  year={2024}
}

@misc{openai_2023, title={GPT-4}, url={https://openai.com/research/gpt-4}, journal={openai.com}, author={OpenAI}, year={2023}, month={Mar} }

@article{grudin2009ai,
  title={AI and HCI: Two fields divided by a common focus},
  author={Grudin, Jonathan},
  journal={AI magazine},
  volume={30},
  number={4},
  pages={48--48},
  year={2009}
}

@article{touvron2023llama,
  title={Llama: Open and efficient foundation language models},
  author={Touvron, Hugo and Lavril, Thibaut and Izacard, Gautier and Martinet, Xavier and Lachaux, Marie-Anne and Lacroix, Timoth{\'e}e and Rozi{\`e}re, Baptiste and Goyal, Naman and Hambro, Eric and Azhar, Faisal and others},
  journal={arXiv preprint arXiv:2302.13971},
  year={2023}
}

@article{narechania2020nl4dv,
  title={NL4DV: A toolkit for generating analytic specifications for data visualization from natural language queries},
  author={Narechania, Arpit and Srinivasan, Arjun and Stasko, John},
  journal={IEEE Transactions on Visualization and Computer Graphics},
  volume={27},
  number={2},
  pages={369--379},
  year={2020},
  publisher={IEEE}
}
@article{ge2024openagi,
  title={Openagi: When llm meets domain experts},
  author={Ge, Yingqiang and Hua, Wenyue and Mei, Kai and Tan, Juntao and Xu, Shuyuan and Li, Zelong and Zhang, Yongfeng and others},
  journal={Advances in Neural Information Processing Systems},
  volume={36},
  year={2024}
}

 @misc{itsnotaboutthecell, title={Artificial Intelligence sample for Power BI: Take a tour - Power BI}, url={https://learn.microsoft.com/en-us/power-bi/create-reports/sample-artificial-intelligence}, journal={learn.microsoft.com}, author={itsnotaboutthecell} }

@misc{nichols_wang_2024, title={What is Tableau AI?}, url={https://www.tableau.com/blog/what-is-tableau-ai}, journal={www.tableau.com}, author={Nichols, Nate and Wang, Homer}, year={2024}, month={Feb} }

@inproceedings{handler2023taxonomy,
  title={A Taxonomy for Autonomous LLM-Powered Multi-Agent Architectures.},
  author={H{\"a}ndler, Thorsten},
  booktitle={KMIS},
  pages={85--98},
  year={2023}
}

@inproceedings{dong2024multi,
  title={The Multi-agent System based on LLM for Online Discussions},
  author={Dong, Yihan},
  booktitle={Proceedings of the 23rd International Conference on Autonomous Agents and Multiagent Systems},
  pages={2731--2733},
  year={2024}
}

@inproceedings{pang2024self,
  title={Self-alignment of large language models via multi-agent social simulation},
  author={Pang, Xianghe and Tang, Shuo and Ye, Rui and Xiong, Yuxin and Zhang, Bolun and Wang, Yanfeng and Chen, Siheng},
  booktitle={ICLR 2024 Workshop on Large Language Model (LLM) Agents},
  year={2024}
}

@article{cheng2024prompt,
  title={Prompt sapper: a LLM-empowered production tool for building AI chains},
  author={Cheng, Yu and Chen, Jieshan and Huang, Qing and Xing, Zhenchang and Xu, Xiwei and Lu, Qinghua},
  journal={ACM Transactions on Software Engineering and Methodology},
  volume={33},
  number={5},
  pages={1--24},
  year={2024},
  publisher={ACM New York, NY}
}

@inproceedings{wu2022ai,
  title={Ai chains: Transparent and controllable human-ai interaction by chaining large language model prompts},
  author={Wu, Tongshuang and Terry, Michael and Cai, Carrie Jun},
  booktitle={Proceedings of the 2022 CHI conference on human factors in computing systems},
  pages={1--22},
  year={2022}
}


@inproceedings{10.1145/3640794.3665887,
author = {Sun, Guangzhi and Zhan, Xiao and Such, Jose},
title = {Building Better AI Agents: A Provocation on the Utilisation of Persona in LLM-based Conversational Agents},
year = {2024},
isbn = {9798400705113},
publisher = {Association for Computing Machinery},
address = {New York, NY, USA},
url = {https://doi.org/10.1145/3640794.3665887},
doi = {10.1145/3640794.3665887},
abstract = {The incorporation of Large Language Models (LLMs) such as the GPT series into diverse sectors including healthcare, education, and finance marks a significant evolution in the field of artificial intelligence (AI). The increasing demand for personalised applications motivated the design of conversational agents (CAs) to possess distinct personas. This paper commences by examining the rationale and implications of imbuing CAs with unique personas, smoothly transitioning into a broader discussion of the personalisation and anthropomorphism of CAs based on LLMs in the LLM era. We delve into the specific applications where the implementation of a persona is not just beneficial but critical for LLM-based CAs. The paper underscores the necessity of a nuanced approach to persona integration, highlighting the potential challenges and ethical dilemmas that may arise. Attention is directed towards the importance of maintaining persona consistency, establishing robust evaluation mechanisms, and ensuring that the persona attributes are effectively complemented by domain-specific knowledge.},
booktitle = {Proceedings of the 6th ACM Conference on Conversational User Interfaces},
articleno = {35},
numpages = {6},
keywords = {ChatGPT, Large language model, conversational agent, natural language processing, persona, personality},
location = {Luxembourg, Luxembourg},
series = {CUI '24}
}

@article{madaan2022language,
  title={Language models of code are few-shot commonsense learners},
  author={Madaan, Aman and Zhou, Shuyan and Alon, Uri and Yang, Yiming and Neubig, Graham},
  journal={arXiv preprint arXiv:2210.07128},
  year={2022}
}

@inproceedings{10.1145/3613904.3642406,
author = {Benharrak, Karim and Zindulka, Tim and Lehmann, Florian and Heuer, Hendrik and Buschek, Daniel},
title = {Writer-Defined AI Personas for On-Demand Feedback Generation},
year = {2024},
isbn = {9798400703300},
publisher = {Association for Computing Machinery},
address = {New York, NY, USA},
url = {https://doi.org/10.1145/3613904.3642406},
doi = {10.1145/3613904.3642406},
abstract = {Compelling writing is tailored to its audience. This is challenging, as writers may struggle to empathize with readers, get feedback in time, or gain access to the target group. We propose a concept that generates on-demand feedback, based on writer-defined AI personas of any target audience. We explore this concept with a prototype (using GPT-3.5) in two user studies (N=5 and N=11): Writers appreciated the concept and strategically used personas for getting different perspectives. The feedback was seen as helpful and inspired revisions of text and personas, although it was often verbose and unspecific. We discuss the impact of on-demand feedback, the limited representativity of contemporary AI systems, and further ideas for defining AI personas. This work contributes to the vision of supporting writers with AI by expanding the socio-technical perspective in AI tool design: To empower creators, we also need to keep in mind their relationship to an audience.},
booktitle = {Proceedings of the CHI Conference on Human Factors in Computing Systems},
articleno = {1049},
numpages = {18},
keywords = {Human-AI interaction, Large language models, Personas, Text feedback, Writing assistance},
location = {Honolulu, HI, USA},
series = {CHI '24}
}
@inproceedings{sioutis2006agent,
  title={Agent cooperation and collaboration},
  author={Sioutis, Christos and Tweedale, Jeffrey},
  booktitle={International Conference on Knowledge-Based and Intelligent Information and Engineering Systems},
  pages={464--471},
  year={2006},
  organization={Springer}
}

@inproceedings{yu-etal-2018-spider,
    title = "{S}pider: A Large-Scale Human-Labeled Dataset for Complex and Cross-Domain Semantic Parsing and Text-to-{SQL} Task",
    author = "Yu, Tao  and
      Zhang, Rui  and
      Yang, Kai  and
      Yasunaga, Michihiro  and
      Wang, Dongxu  and
      Li, Zifan  and
      Ma, James  and
      Li, Irene  and
      Yao, Qingning  and
      Roman, Shanelle  and
      Zhang, Zilin  and
      Radev, Dragomir",
    editor = "Riloff, Ellen  and
      Chiang, David  and
      Hockenmaier, Julia  and
      Tsujii, Jun{'}ichi",
    booktitle = "Proceedings of the 2018 Conference on Empirical Methods in Natural Language Processing",
    month = oct # "-" # nov,
    year = "2018",
    address = "Brussels, Belgium",
    publisher = "Association for Computational Linguistics",
    url = "https://aclanthology.org/D18-1425",
    doi = "10.18653/v1/D18-1425",
    pages = "3911--3921",
    archivePrefix={arXiv},
    eprint={1809.08887},
    primaryClass={cs.CL},
}

@inproceedings{cheng2024relic,
  title={Relic: Investigating large language model responses using self-consistency},
  author={Cheng, Furui and Zouhar, Vil{\'e}m and Arora, Simran and Sachan, Mrinmaya and Strobelt, Hendrik and El-Assady, Mennatallah},
  booktitle={Proceedings of the CHI Conference on Human Factors in Computing Systems},
  pages={1--18},
  year={2024}
}

@inproceedings{wang2018infonice,
  title={Infonice: Easy creation of information graphics},
  author={Wang, Yun and Zhang, Haidong and Huang, He and Chen, Xi and Yin, Qiufeng and Hou, Zhitao and Zhang, Dongmei and Luo, Qiong and Qu, Huamin},
  booktitle={Proceedings of the 2018 CHI Conference on Human Factors in Computing Systems},
  pages={1--12},
  year={2018}
}

@article{ren2023re,
  title={Re-understanding of data storytelling tools from a narrative perspective},
  author={Ren, Pengkun and Wang, Yi and Zhao, Fan},
  journal={Visual Intelligence},
  volume={1},
  number={1},
  pages={11},
  year={2023},
  publisher={Springer}
}

@inproceedings{kim2019dataselfie,
  title={Dataselfie: Empowering people to design personalized visuals to represent their data},
  author={Kim, Nam Wook and Im, Hyejin and Henry Riche, Nathalie and Wang, Alicia and Gajos, Krzysztof and Pfister, Hanspeter},
  booktitle={Proceedings of the 2019 CHI conference on human factors in computing systems},
  pages={1--12},
  year={2019}
}

@inproceedings{shi2021autoclips,
  title={Autoclips: An automatic approach to video generation from data facts},
  author={Shi, Danqing and Sun, Fuling and Xu, Xinyue and Lan, Xingyu and Gotz, David and Cao, Nan},
  booktitle={Computer Graphics Forum},
  volume={40},
  number={3},
  pages={495--505},
  year={2021},
  organization={Wiley Online Library}
}

@inproceedings{gao2014newsviews,
  title={Newsviews: an automated pipeline for creating custom geovisualizations for news},
  author={Gao, Tong and Hullman, Jessica R and Adar, Eytan and Hecht, Brent and Diakopoulos, Nicholas},
  booktitle={Proceedings of the SIGCHI conference on human factors in computing systems},
  pages={3005--3014},
  year={2014}
}

@article{tian2024chartgpt,
  title={Chartgpt: Leveraging llms to generate charts from abstract natural language},
  author={Tian, Yuan and Cui, Weiwei and Deng, Dazhen and Yi, Xinjing and Yang, Yurun and Zhang, Haidong and Wu, Yingcai},
  journal={IEEE Transactions on Visualization and Computer Graphics},
  year={2024},
  publisher={IEEE}
}

@inproceedings{sultanum2023datatales,
  title={Datatales: Investigating the use of large language models for authoring data-driven articles},
  author={Sultanum, Nicole and Srinivasan, Arjun},
  booktitle={2023 IEEE Visualization and Visual Analytics (VIS)},
  pages={231--235},
  year={2023},
  organization={IEEE}
}

@article{barrick2013theory,
  title={The theory of purposeful work behavior: The role of personality, higher-order goals, and job characteristics},
  author={Barrick, Murray R and Mount, Michael K and Li, Ning},
  journal={Academy of management review},
  volume={38},
  number={1},
  pages={132--153},
  year={2013},
  publisher={Academy of Management Briarcliff Manor, NY}
}

@inproceedings{martino2023knowledge,
  title={Knowledge injection to counter large language model (LLM) hallucination},
  author={Martino, Ariana and Iannelli, Michael and Truong, Coleen},
  booktitle={European Semantic Web Conference},
  pages={182--185},
  year={2023},
  organization={Springer}
}

@inproceedings{dibia2018data2vis,
  title={Data2Vis: Automatic Generation of Data Visualizations Using Sequence to Sequence Recurrent Neural Networks},
  author={Dibia, Victor and Demiralp, Cagatay},
  booktitle={Proceedings of the 2018 CHI Conference on Human Factors in Computing Systems},
  pages={1--13},
  year={2018}
}

@misc{jetbrains2023devecosystem,
  title        = {The State of Data Science 2023 - Developer Ecosystem Survey},
  author       = {{JetBrains}},
  year         = {2023},
  url          = {https://www.jetbrains.com/lp/devecosystem-2023/data-science/},
  note         = {Accessed: 2024-08-29}
}

@article{li2023ai,
  title={Why is ai not a panacea for data workers? an interview study on human-ai collaboration in data storytelling},
  author={Li, Haotian and Wang, Yun and Liao, Q Vera and Qu, Huamin},
  journal={arXiv preprint arXiv:2304.08366},
  year={2023}
}