@article{bryan2016temporal,
  title={Temporal summary images: An approach to narrative visualization via interactive annotation generation and placement},
  author={Bryan, Chris and Ma, Kwan-Liu and Woodring, Jonathan},
  journal={IEEE transactions on visualization and computer graphics},
  volume={23},
  number={1},
  pages={511--520},
  year={2016},
  publisher={IEEE}
}

@article{cascella2023evaluating,
  title={Evaluating the feasibility of ChatGPT in healthcare: an analysis of multiple clinical and research scenarios},
  author={Cascella, Marco and Montomoli, Jonathan and Bellini, Valentina and Bignami, Elena},
  journal={Journal of Medical Systems},
  volume={47},
  number={1},
  pages={33},
  year={2023},
  publisher={Springer}
}

@ARTICLE{chat2vis,
  author={Maddigan, Paula and Susnjak, Teo},
  journal={IEEE Access}, 
  title={Chat2VIS: Generating Data Visualizations via Natural Language Using ChatGPT, Codex and GPT-3 Large Language Models}, 
  year={2023},
  volume={11},
  number={},
  pages={45181-45193},
  doi={10.1109/ACCESS.2023.3274199}}

@article{chen2023does,
  title={How does automation shape the process of narrative visualization: A survey of tools},
  author={Chen, Qing and Cao, Shixiong and Wang, Jiazhe and Cao, Nan},
  journal={IEEE Transactions on Visualization and Computer Graphics},
  year={2023},
  publisher={IEEE}
}

@article{cheng2024prompt,
  title={Prompt sapper: a LLM-empowered production tool for building AI chains},
  author={Cheng, Yu and Chen, Jieshan and Huang, Qing and Xing, Zhenchang and Xu, Xiwei and Lu, Qinghua},
  journal={ACM Transactions on Software Engineering and Methodology},
  volume={33},
  number={5},
  pages={1--24},
  year={2024},
  publisher={ACM New York, NY}
}

@article{cui2019datasite,
  title={Datasite: Proactive visual data exploration with computation of insight-based recommendations},
  author={Cui, Zhe and Badam, Sriram Karthik and Yal{\c{c}}in, M Adil and Elmqvist, Niklas},
  journal={Information Visualization},
  volume={18},
  number={2},
  pages={251--267},
  year={2019},
  publisher={SAGE Publications Sage UK: London, England}
}

@article{cui2019text,
  title={Text-to-viz: Automatic generation of infographics from proportion-related natural language statements},
  author={Cui, Weiwei and Zhang, Xiaoyu and Wang, Yun and Huang, He and Chen, Bei and Fang, Lei and Zhang, Haidong and Lou, Jian-Guan and Zhang, Dongmei},
  journal={IEEE transactions on visualization and computer graphics},
  volume={26},
  number={1},
  pages={906--916},
  year={2019},
  publisher={IEEE}
}

@article{deng2023pentestgpt,
  title={Pentestgpt: An llm-empowered automatic penetration testing tool},
  author={Deng, Gelei and Liu, Yi and Mayoral-Vilches, V{\'\i}ctor and Liu, Peng and Li, Yuekang and Xu, Yuan and Zhang, Tianwei and Liu, Yang and Pinzger, Martin and Rass, Stefan},
  journal={arXiv preprint arXiv:2308.06782},
  year={2023}
}

@inproceedings{dibia2018data2vis,
  title={Data2Vis: Automatic Generation of Data Visualizations Using Sequence to Sequence Recurrent Neural Networks},
  author={Dibia, Victor and Demiralp, Cagatay},
  booktitle={Proceedings of the 2018 CHI Conference on Human Factors in Computing Systems},
  pages={1--13},
  year={2018}
}

@inproceedings{fu2019visualization,
  title={Visualization assessment: A machine learning approach},
  author={Fu, Xin and Wang, Yun and Dong, Haoyu and Cui, Weiwei and Zhang, Haidong},
  booktitle={2019 IEEE Visualization Conference (VIS)},
  pages={126--130},
  year={2019},
  organization={IEEE}
}

@inproceedings{gao2014newsviews,
  title={Newsviews: an automated pipeline for creating custom geovisualizations for news},
  author={Gao, Tong and Hullman, Jessica R and Adar, Eytan and Hecht, Brent and Diakopoulos, Nicholas},
  booktitle={Proceedings of the SIGCHI conference on human factors in computing systems},
  pages={3005--3014},
  year={2014}
}

@article{hoque2019searching,
  title={Searching the visual style and structure of d3 visualizations},
  author={Hoque, Enamul and Agrawala, Maneesh},
  journal={IEEE transactions on visualization and computer graphics},
  volume={26},
  number={1},
  pages={1236--1245},
  year={2019},
  publisher={IEEE}
}

@misc{itsnotaboutthecell, title={Artificial Intelligence sample for Power BI: Take a tour - Power BI}, url={https://learn.microsoft.com/en-us/power-bi/create-reports/sample-artificial-intelligence}, journal={learn.microsoft.com}, author={itsnotaboutthecell} }

@article{kavaz2023chatbot,
  title={Chatbot-Based Natural Language Interfaces for Data Visualisation: A Scoping Review},
  author={Kavaz, Ecem and Puig, Anna and Rodr{\'\i}guez, Inmaculada},
  journal={Applied Sciences},
  volume={13},
  number={12},
  pages={7025},
  year={2023},
  publisher={MDPI}
}

@inproceedings{kim2019dataselfie,
  title={Dataselfie: Empowering people to design personalized visuals to represent their data},
  author={Kim, Nam Wook and Im, Hyejin and Henry Riche, Nathalie and Wang, Alicia and Gajos, Krzysztof and Pfister, Hanspeter},
  booktitle={Proceedings of the 2019 CHI conference on human factors in computing systems},
  pages={1--12},
  year={2019}
}

@article{kim2020gemini,
  title={Gemini: A grammar and recommender system for animated transitions in statistical graphics},
  author={Kim, Younghoon and Heer, Jeffrey},
  journal={IEEE Transactions on Visualization and Computer Graphics},
  volume={27},
  number={2},
  pages={485--494},
  year={2020},
  publisher={IEEE}
}

@article{king2023get,
  title={" Get ready for a party": Exploring smarter smart spaces with help from large language models},
  author={King, Evan and Yu, Haoxiang and Lee, Sangsu and Julien, Christine},
  journal={arXiv preprint arXiv:2303.14143},
  year={2023}
}

@article{liu2013storyflow,
  title={Storyflow: Tracking the evolution of stories},
  author={Liu, Shixia and Wu, Yingcai and Wei, Enxun and Liu, Mengchen and Liu, Yang},
  journal={IEEE Transactions on Visualization and Computer Graphics},
  volume={19},
  number={12},
  pages={2436--2445},
  year={2013},
  publisher={IEEE}
}

@article{min2022rethinking,
  title={Rethinking the role of demonstrations: What makes in-context learning work?},
  author={Min, Sewon and Lyu, Xinxi and Holtzman, Ari and Artetxe, Mikel and Lewis, Mike and Hajishirzi, Hannaneh and Zettlemoyer, Luke},
  journal={arXiv preprint arXiv:2202.12837},
  year={2022}
}

@article{narechania2020nl4dv,
  title={NL4DV: A toolkit for generating analytic specifications for data visualization from natural language queries},
  author={Narechania, Arpit and Srinivasan, Arjun and Stasko, John},
  journal={IEEE Transactions on Visualization and Computer Graphics},
  volume={27},
  number={2},
  pages={369--379},
  year={2020},
  publisher={IEEE}
}

@misc{nichols_wang_2024, title={What is Tableau AI?}, url={https://www.tableau.com/blog/what-is-tableau-ai}, journal={www.tableau.com}, author={Nichols, Nate and Wang, Homer}, year={2024}, month={Feb} }

@article{ren2023re,
  title={Re-understanding of data storytelling tools from a narrative perspective},
  author={Ren, Pengkun and Wang, Yi and Zhao, Fan},
  journal={Visual Intelligence},
  volume={1},
  number={1},
  pages={11},
  year={2023},
  publisher={Springer}
}

@article{schwartz2023enhancing,
  title={Enhancing Trust in LLM-Based AI Automation Agents: New Considerations and Future Challenges},
  author={Schwartz, Sivan and Yaeli, Avi and Shlomov, Segev},
  journal={arXiv preprint arXiv:2308.05391},
  year={2023}
}

@article{shi2020calliope,
  title={Calliope: Automatic visual data story generation from a spreadsheet},
  author={Shi, Danqing and Xu, Xinyue and Sun, Fuling and Shi, Yang and Cao, Nan},
  journal={IEEE Transactions on Visualization and Computer Graphics},
  volume={27},
  number={2},
  pages={453--463},
  year={2020},
  publisher={IEEE}
}

@inproceedings{shi2021autoclips,
  title={Autoclips: An automatic approach to video generation from data facts},
  author={Shi, Danqing and Sun, Fuling and Xu, Xinyue and Lan, Xingyu and Gotz, David and Cao, Nan},
  booktitle={Computer Graphics Forum},
  volume={40},
  number={3},
  pages={495--505},
  year={2021},
  organization={Wiley Online Library}
}

@inproceedings{sultanum2023datatales,
  title={Datatales: Investigating the use of large language models for authoring data-driven articles},
  author={Sultanum, Nicole and Srinivasan, Arjun},
  booktitle={2023 IEEE Visualization and Visual Analytics (VIS)},
  pages={231--235},
  year={2023},
  organization={IEEE}
}

@article{tian2024chartgpt,
  title={Chartgpt: Leveraging llms to generate charts from abstract natural language},
  author={Tian, Yuan and Cui, Weiwei and Deng, Dazhen and Yi, Xinjing and Yang, Yurun and Zhang, Haidong and Wu, Yingcai},
  journal={IEEE Transactions on Visualization and Computer Graphics},
  year={2024},
  publisher={IEEE}
}

@INPROCEEDINGS{vizsmith,
  author={Bavishi, Rohan and Laddad, Shadaj and Yoshida, Hiroaki and Prasad, Mukul R. and Sen, Koushik},
  booktitle={2021 36th IEEE/ACM International Conference on Automated Software Engineering (ASE)}, 
  title={VizSmith: Automated Visualization Synthesis by Mining Data-Science Notebooks}, 
  year={2021},
  volume={},
  number={},
  pages={129-141},
  doi={10.1109/ASE51524.2021.9678696}}

@inproceedings{wang2018infonice,
  title={Infonice: Easy creation of information graphics},
  author={Wang, Yun and Zhang, Haidong and Huang, He and Chen, Xi and Yin, Qiufeng and Hou, Zhitao and Zhang, Dongmei and Luo, Qiong and Qu, Huamin},
  booktitle={Proceedings of the 2018 CHI Conference on Human Factors in Computing Systems},
  pages={1--12},
  year={2018}
}

@article{wang2019datashot,
  title={Datashot: Automatic generation of fact sheets from tabular data},
  author={Wang, Yun and Sun, Zhida and Zhang, Haidong and Cui, Weiwei and Xu, Ke and Ma, Xiaojuan and Zhang, Dongmei},
  journal={IEEE transactions on visualization and computer graphics},
  volume={26},
  number={1},
  pages={895--905},
  year={2019},
  publisher={IEEE}
}

@inproceedings{wang2021animated,
  title={Animated presentation of static infographics with infomotion},
  author={Wang, Yun and Gao, Yi and Huang, Ray and Cui, Weiwei and Zhang, Haidong and Zhang, Dongmei},
  booktitle={Computer Graphics Forum},
  volume={40},
  number={3},
  pages={507--518},
  year={2021},
  organization={Wiley Online Library}
}

@misc{wang2023llm4vis,
      title={LLM4Vis: Explainable Visualization Recommendation using ChatGPT}, 
      author={Lei Wang and Songheng Zhang and Yun Wang and Ee-Peng Lim and Yong Wang},
      year={2023},
      eprint={2310.07652},
      archivePrefix={arXiv},
      primaryClass={cs.HC}
}

@article{wongsuphasawat2015voyager,
  title={Voyager: Exploratory analysis via faceted browsing of visualization recommendations},
  author={Wongsuphasawat, Kanit and Moritz, Dominik and Anand, Anushka and Mackinlay, Jock and Howe, Bill and Heer, Jeffrey},
  journal={IEEE transactions on visualization and computer graphics},
  volume={22},
  number={1},
  pages={649--658},
  year={2015},
  publisher={IEEE}
}

@article{wu2021ai4vis,
  title={Ai4vis: Survey on artificial intelligence approaches for data visualization},
  author={Wu, Aoyu and Wang, Yun and Shu, Xinhuan and Moritz, Dominik and Cui, Weiwei and Zhang, Haidong and Zhang, Dongmei and Qu, Huamin},
  journal={IEEE Transactions on Visualization and Computer Graphics},
  year={2021},
  publisher={IEEE}
}

@inproceedings{wu2022ai,
  title={Ai chains: Transparent and controllable human-ai interaction by chaining large language model prompts},
  author={Wu, Tongshuang and Terry, Michael and Cai, Carrie Jun},
  booktitle={Proceedings of the 2022 CHI conference on human factors in computing systems},
  pages={1--22},
  year={2022}
}

@inproceedings{wu2022nl2viz,
  title={NL2Viz: natural language to visualization via constrained syntax-guided synthesis},
  author={Wu, Zhengkai and Le, Vu and Tiwari, Ashish and Gulwani, Sumit and Radhakrishna, Arjun and Radi{\v{c}}ek, Ivan and Soares, Gustavo and Wang, Xinyu and Li, Zhenwen and Xie, Tao},
  booktitle={Proceedings of the 30th ACM Joint European Software Engineering Conference and Symposium on the Foundations of Software Engineering},
  pages={972--983},
  year={2022}
}

@article{wu2023bloomberggpt,
  title={Bloomberggpt: A large language model for finance},
  author={Wu, Shijie and Irsoy, Ozan and Lu, Steven and Dabravolski, Vadim and Dredze, Mark and Gehrmann, Sebastian and Kambadur, Prabhanjan and Rosenberg, David and Mann, Gideon},
  journal={arXiv preprint arXiv:2303.17564},
  year={2023}
}

