% Use this file for citations not found in the ACL Anthology (contained in "anthology.bib").

@book{Aho:72,
    author  = {Alfred V. Aho and Jeffrey D. Ullman},
    title   = {The Theory of Parsing, Translation and Compiling},
    year    = "1972",
    volume  = "1",
    publisher = {Prentice-Hall},
    address = {Englewood Cliffs, NJ}
}

@book{APA:83,
    author  = {{American Psychological Association}},
    title   = {Publications Manual},
    year    = "1983",
    publisher = {American Psychological Association},
    address = {Washington, DC}
}

@article{Chandra:81,
	author = {Ashok K. Chandra and Dexter C. Kozen and Larry J. Stockmeyer},
	year = "1981",
	title = {Alternation},
	journal = {Journal of the Association for Computing Machinery},
	volume = "28",
	number = "1",
	pages = "114--133",
	doi = "10.1145/322234.322243",
}

@inproceedings{andrew2007scalable,
  title={Scalable training of {L1}-regularized log-linear models},
  author={Andrew, Galen and Gao, Jianfeng},
  booktitle={Proceedings of the 24th International Conference on Machine Learning},
  pages={33--40},
  year={2007},
}

@book{Gusfield:97,
    author  = {Dan Gusfield},
    title   = {Algorithms on Strings, Trees and Sequences},
    year    = "1997",
    publisher = {Cambridge University Press},
    address = {Cambridge, UK}
}

@article{rasooli-tetrault-2015,
    author    = {Mohammad Sadegh Rasooli and Joel R. Tetreault},
    title     = {Yara Parser: {A} Fast and Accurate Dependency Parser},
    journal   = {Computing Research Repository},
    volume    = {arXiv:1503.06733},
    year      = {2015},
    url       = {http://arxiv.org/abs/1503.06733},
    note    = {version 2}
}

@article{Ando2005,
	Acmid = {1194905},
	Author = {Ando, Rie Kubota and Zhang, Tong},
	Issn = {1532-4435},
	Issue_Date = {12/1/2005},
	Journal = {Journal of Machine Learning Research},
	Month = dec,
	Numpages = {37},
	Pages = {1817--1853},
	Publisher = {JMLR.org},
	Title = {A Framework for Learning Predictive Structures from Multiple Tasks and Unlabeled Data},
	Volume = {6},
	Year = {2005}
}

@article{chen2023frugalgpt,
  title={Frugalgpt: How to use large language models while reducing cost and improving performance},
  author={Chen, Lingjiao and Zaharia, Matei and Zou, James},
  journal={arXiv preprint arXiv:2305.05176},
  year={2023}
}
@article{madaan2023automix,
  title={Automix: Automatically mixing language models},
  author={Madaan, Aman and Aggarwal, Pranjal and Anand, Ankit and Potharaju, Srividya Pranavi and Mishra, Swaroop and Zhou, Pei and Gupta, Aditya and Rajagopal, Dheeraj and Kappaganthu, Karthik and Yang, Yiming and others},
  journal={arXiv preprint arXiv:2310.12963},
  year={2023}
}
@article{ding2024hybrid,
  title={Hybrid LLM: Cost-efficient and quality-aware query routing},
  author={Ding, Dujian and Mallick, Ankur and Wang, Chi and Sim, Robert and Mukherjee, Subhabrata and Ruhle, Victor and Lakshmanan, Laks VS and Awadallah, Ahmed Hassan},
  journal={arXiv preprint arXiv:2404.14618},
  year={2024}
}
@article{shnitzer2023large,
  title={Large language model routing with benchmark datasets},
  author={Shnitzer, Tal and Ou, Anthony and Silva, M{\'\i}rian and Soule, Kate and Sun, Yuekai and Solomon, Justin and Thompson, Neil and Yurochkin, Mikhail},
  journal={arXiv preprint arXiv:2309.15789},
  year={2023}
}
@inproceedings{vsakota2024fly,
  title={Fly-swat or cannon? cost-effective language model choice via meta-modeling},
  author={{\v{S}}akota, Marija and Peyrard, Maxime and West, Robert},
  booktitle={Proceedings of the 17th ACM International Conference on Web Search and Data Mining},
  pages={606--615},
  year={2024}
}
@article{hu2024routerbench,
  title={ROUTERBENCH: A Benchmark for Multi-LLM Routing System},
  author={Hu, Qitian Jason and Bieker, Jacob and Li, Xiuyu and Jiang, Nan and Keigwin, Benjamin and Ranganath, Gaurav and Keutzer, Kurt and Upadhyay, Shriyash Kaustubh},
  journal={arXiv preprint arXiv:2403.12031},
  year={2024}
}
@article{lu2023routing,
  title={Routing to the expert: Efficient reward-guided ensemble of large language models},
  author={Lu, Keming and Yuan, Hongyi and Lin, Runji and Lin, Junyang and Yuan, Zheng and Zhou, Chang and Zhou, Jingren},
  journal={arXiv preprint arXiv:2311.08692},
  year={2023}
}
@article{vaswani2017attention,
  title={Attention is all you need},
  author={Vaswani, Ashish and Shazeer, Noam and Parmar, Niki and Uszkoreit, Jakob and Jones, Llion and Gomez, Aidan N and Kaiser, {\L}ukasz and Polosukhin, Illia},
  journal={Advances in neural information processing systems},
  volume={30},
  year={2017}
}
@article{devlin2018bert,
  title={Bert: Pre-training of deep bidirectional transformers for language understanding},
  author={Devlin, Jacob and Chang, Ming-Wei and Lee, Kenton and Toutanova, Kristina},
  journal={arXiv preprint arXiv:1810.04805},
  year={2018}
}
@article{achiam2023gpt,
  title={Gpt-4 technical report},
  author={Achiam, Josh and Adler, Steven and Agarwal, Sandhini and Ahmad, Lama and Akkaya, Ilge and Aleman, Florencia Leoni and Almeida, Diogo and Altenschmidt, Janko and Altman, Sam and Anadkat, Shyamal and others},
  journal={arXiv preprint arXiv:2303.08774},
  year={2023}
}
@inproceedings{lu2023instag,
  title={\# instag: Instruction tagging for analyzing supervised fine-tuning of large language models},
  author={Lu, Keming and Yuan, Hongyi and Yuan, Zheng and Lin, Runji and Lin, Junyang and Tan, Chuanqi and Zhou, Chang and Zhou, Jingren},
  booktitle={The Twelfth International Conference on Learning Representations},
  year={2023}
}
@article{brown2020language,
  title={Language models are few-shot learners},
  author={Brown, Tom and Mann, Benjamin and Ryder, Nick and Subbiah, Melanie and Kaplan, Jared D and Dhariwal, Prafulla and Neelakantan, Arvind and Shyam, Pranav and Sastry, Girish and Askell, Amanda and others},
  journal={Advances in neural information processing systems},
  volume={33},
  pages={1877--1901},
  year={2020}
}
@article{raffel2020exploring,
  title={Exploring the limits of transfer learning with a unified text-to-text transformer},
  author={Raffel, Colin and Shazeer, Noam and Roberts, Adam and Lee, Katherine and Narang, Sharan and Matena, Michael and Zhou, Yanqi and Li, Wei and Liu, Peter J},
  journal={Journal of machine learning research},
  volume={21},
  number={140},
  pages={1--67},
  year={2020}
}
@article{radford2018improving,
  title={Improving language understanding by generative pre-training},
  author={Radford, Alec and Narasimhan, Karthik and Salimans, Tim and Sutskever, Ilya and others},
  year={2018},
  publisher={San Francisco, CA, USA}
}
@article{radford2019language,
  title={Language models are unsupervised multitask learners},
  author={Radford, Alec and Wu, Jeffrey and Child, Rewon and Luan, David and Amodei, Dario and Sutskever, Ilya and others},
  journal={OpenAI blog},
  volume={1},
  number={8},
  pages={9},
  year={2019}
}
@article{chowdhery2023palm,
  title={Palm: Scaling language modeling with pathways},
  author={Chowdhery, Aakanksha and Narang, Sharan and Devlin, Jacob and Bosma, Maarten and Mishra, Gaurav and Roberts, Adam and Barham, Paul and Chung, Hyung Won and Sutton, Charles and Gehrmann, Sebastian and others},
  journal={Journal of Machine Learning Research},
  volume={24},
  number={240},
  pages={1--113},
  year={2023}
}
@article{touvron2023llama,
  title={Llama: Open and efficient foundation language models},
  author={Touvron, Hugo and Lavril, Thibaut and Izacard, Gautier and Martinet, Xavier and Lachaux, Marie-Anne and Lacroix, Timoth{\'e}e and Rozi{\`e}re, Baptiste and Goyal, Naman and Hambro, Eric and Azhar, Faisal and others},
  journal={arXiv preprint arXiv:2302.13971},
  year={2023}
}
@article{bommasani2021opportunities,
  title={On the opportunities and risks of foundation models},
  author={Bommasani, Rishi and Hudson, Drew A and Adeli, Ehsan and Altman, Russ and Arora, Simran and von Arx, Sydney and Bernstein, Michael S and Bohg, Jeannette and Bosselut, Antoine and Brunskill, Emma and others},
  journal={arXiv preprint arXiv:2108.07258},
  year={2021}
}
@article{wei2022emergent,
  title={Emergent abilities of large language models},
  author={Wei, Jason and Tay, Yi and Bommasani, Rishi and Raffel, Colin and Zoph, Barret and Borgeaud, Sebastian and Yogatama, Dani and Bosma, Maarten and Zhou, Denny and Metzler, Donald and others},
  journal={arXiv preprint arXiv:2206.07682},
  year={2022}
}
@article{tay2022transcending,
  title={Transcending scaling laws with 0.1\% extra compute},
  author={Tay, Yi and Wei, Jason and Chung, Hyung Won and Tran, Vinh Q and So, David R and Shakeri, Siamak and Garcia, Xavier and Zheng, Huaixiu Steven and Rao, Jinfeng and Chowdhery, Aakanksha and others},
  journal={arXiv preprint arXiv:2210.11399},
  year={2022}
}
@article{tay2022ul2,
  title={Ul2: Unifying language learning paradigms},
  author={Tay, Yi and Dehghani, Mostafa and Tran, Vinh Q and Garcia, Xavier and Wei, Jason and Wang, Xuezhi and Chung, Hyung Won and Shakeri, Siamak and Bahri, Dara and Schuster, Tal and others},
  journal={arXiv preprint arXiv:2205.05131},
  year={2022}
}
@article{ruan2024observational,
  title={Observational Scaling Laws and the Predictability of Language Model Performance},
  author={Ruan, Yangjun and Maddison, Chris J and Hashimoto, Tatsunori},
  journal={arXiv preprint arXiv:2405.10938},
  year={2024}
}
@article{dubey2024llama,
  title={The llama 3 herd of models},
  author={Dubey, Abhimanyu and Jauhri, Abhinav and Pandey, Abhinav and Kadian, Abhishek and Al-Dahle, Ahmad and Letman, Aiesha and Mathur, Akhil and Schelten, Alan and Yang, Amy and Fan, Angela and others},
  journal={arXiv preprint arXiv:2407.21783},
  year={2024}
}
@article{yang2024harnessing,
  title={Harnessing the power of llms in practice: A survey on chatgpt and beyond},
  author={Yang, Jingfeng and Jin, Hongye and Tang, Ruixiang and Han, Xiaotian and Feng, Qizhang and Jiang, Haoming and Zhong, Shaochen and Yin, Bing and Hu, Xia},
  journal={ACM Transactions on Knowledge Discovery from Data},
  volume={18},
  number={6},
  pages={1--32},
  year={2024},
  publisher={ACM New York, NY}
}
@article{birhane2023science,
  title={Science in the age of large language models},
  author={Birhane, Abeba and Kasirzadeh, Atoosa and Leslie, David and Wachter, Sandra},
  journal={Nature Reviews Physics},
  volume={5},
  number={5},
  pages={277--280},
  year={2023},
  publisher={Nature Publishing Group UK London}
}
@article{liu2024optllm,
  title={OptLLM: Optimal Assignment of Queries to Large Language Models},
  author={Liu, Yueyue and Zhang, Hongyu and Miao, Yuantian and Le, Van-Hoang and Li, Zhiqiang},
  journal={arXiv preprint arXiv:2405.15130},
  year={2024}
}
@article{liu2024me,
  title={ME-Switch: A Memory-Efficient Expert Switching Framework for Large Language Models},
  author={Liu, Jing and Gong, Ruihao and Zhang, Mingyang and He, Yefei and Cai, Jianfei and Zhuang, Bohan},
  journal={arXiv preprint arXiv:2406.09041},
  year={2024}
}
@article{nguyen2024metallm,
  title={MetaLLM: A High-performant and Cost-efficient Dynamic Framework for Wrapping LLMs},
  author={Nguyen, Quang H and Hoang, Duy C and Decugis, Juliette and Manchanda, Saurav and Chawla, Nitesh V and Doan, Khoa D},
  journal={arXiv preprint arXiv:2407.10834},
  year={2024}
}
@misc{artificialanalysis,
  author       = {Artificial Analysis},
  title        = {Artificial Analysis AI},
  year         = {2024},
  url          = {https://artificialanalysis.ai/},
  note         = {Accessed: 2024-09-15}
}
@inproceedings{li2010contextual,
  title={A contextual-bandit approach to personalized news article recommendation},
  author={Li, Lihong and Chu, Wei and Langford, John and Schapire, Robert E},
  booktitle={Proceedings of the 19th international conference on World wide web},
  pages={661--670},
  year={2010}
}
@article{ong2024routellm,
  title={Routellm: Learning to route llms with preference data},
  author={Ong, Isaac and Almahairi, Amjad and Wu, Vincent and Chiang, Wei-Lin and Wu, Tianhao and Gonzalez, Joseph E and Kadous, M Waleed and Stoica, Ion},
  journal={arXiv preprint arXiv:2406.18665},
  year={2024}
}
@inproceedings{ban2021multi,
  title={Multi-facet contextual bandits: A neural network perspective},
  author={Ban, Yikun and He, Jingrui and Cook, Curtiss B},
  booktitle={Proceedings of the 27th ACM SIGKDD Conference on Knowledge Discovery \& Data Mining},
  pages={35--45},
  year={2021}
}
@article{gong2024evolutionary,
  title={Evolutionary Large Language Model for Automated Feature Transformation},
  author={Gong, Nanxu and Reddy, Chandan K and Ying, Wangyang and Fu, Yanjie},
  journal={arXiv preprint arXiv:2405.16203},
  year={2024}
}
@article{jiang2024empowering,
  title={Empowering time series analysis with large language models: A survey},
  author={Jiang, Yushan and Pan, Zijie and Zhang, Xikun and Garg, Sahil and Schneider, Anderson and Nevmyvaka, Yuriy and Song, Dongjin},
  journal={arXiv preprint arXiv:2402.03182},
  year={2024}
}
@inproceedings{li2024sade,
  title={SADE: A Speaker-Aware Dual Encoding Model Based on Diagbert for Medical Triage and Pre-Diagnosis},
  author={Li, Haozhou and Wang, Xinyuan and Du, Hongkai and Sun, Wentong and Peng, Qinke},
  booktitle={ICASSP 2024-2024 IEEE International Conference on Acoustics, Speech and Signal Processing (ICASSP)},
  pages={12712--12716},
  year={2024},
  organization={IEEE}
}
@inproceedings{wang2022hierarchal,
  title={A Hierarchal BERT Structure for Native Speaker Writing Detection},
  author={Wang, Xinyuan and Peng, Qinke and Mou, Xu and Li, Haozhou and Wang, Ying},
  booktitle={2022 China Automation Congress (CAC)},
  pages={3705--3710},
  year={2022},
  organization={IEEE}
}
@article{wang2024llm,
  title={LLM-Enhanced User-Item Interactions: Leveraging Edge Information for Optimized Recommendations},
  author={Wang, Xinyuan and Wu, Liang and Hong, Liangjie and Liu, Hao and Fu, Yanjie},
  journal={arXiv preprint arXiv:2402.09617},
  year={2024}
}
@article{li2023sehf,
  title={SEHF: A Summary-Enhanced Hierarchical Framework for Financial Report Sentiment Analysis},
  author={Li, Haozhou and Peng, Qinke and Wang, Xinyuan and Mou, Xu and Wang, Yonghao},
  journal={IEEE Transactions on Computational Social Systems},
  year={2023},
  publisher={IEEE}
}
@article{wang2024lcmdc,
  title={LCMDC: Large-scale Chinese Medical Dialogue Corpora for Automatic Triage and Medical Consultation},
  author={Wang, Xinyuan and Li, Haozhou and Zheng, Dingfang and Peng, Qinke},
  journal={arXiv preprint arXiv:2410.03521},
  year={2024}
}
@inproceedings{xie2024spatio,
  title={Spatio-Temporal Transformer for Temperature Profiles Prediction in Large Format Additive Manufacturing},
  author={Xie, Haoyang and Hoskins, Dylan and Rowe, Kyle and Ju, Feng},
  booktitle={2024 IEEE 20th International Conference on Automation Science and Engineering (CASE)},
  pages={1331--1336},
  year={2024},
  organization={IEEE}
}
@article{xie2025transformer,
  title={Transformer-Based Offline Printing Strategy Design for Large Format Additive Manufacturing},
  author={Xie, Haoyang and Hoskins, Dylan and Rowe, Kyle and Ju, Feng},
  journal={Journal of Computing and Information Science in Engineering},
  volume={25},
  number={2},
  year={2025},
  publisher={American Society of Mechanical Engineers Digital Collection}
}
to be add
@article{liu2024calorie,
  title={Calorie restriction in mice impairs cortical but not trabecular peak bone mass by suppressing bone remodeling},
  author={Liu, Linyi and Le, Phuong T and Stohn, J Patrizia and Liu, Hanghang and Ying, Wangyang and Baron, Roland and Rosen, Clifford J},
  journal={Journal of Bone and Mineral Research},
  volume={39},
  number={8},
  pages={1188--1199},
  year={2024},
  publisher={Oxford University Press}
}
@article{liu2025calorie,
  title={Calorie restriction induces mandible bone loss by regulating mitochondrial function},
  author={Liu, Linyi and Le, Phuong T and DeMambro, Victoria E and Feng, Tiange and Liu, Hanghang and Ying, Wangyang and Baron, Roland and Rosen, Clifford J},
  journal={Bone},
  volume={190},
  pages={117326},
  year={2025},
  publisher={Elsevier}
}
@article{liu2024pth,
  title={PTH and the Regulation of Mesenchymal Cells within the Bone Marrow Niche},
  author={Liu, Hanghang and Liu, Linyi and Rosen, Clifford J},
  journal={Cells},
  volume={13},
  number={5},
  pages={406},
  year={2024},
  publisher={MDPI}
}

@inproceedings{ying2024revolutionizing,
  title={Revolutionizing Biomarker Discovery: Leveraging Generative AI for Bio-Knowledge-Embedded Continuous Space Exploration},
  author={Ying, Wangyang and Wang, Dongjie and Hu, Xuanming and Qiu, Ji and Park, Jin and Fu, Yanjie},
  booktitle={Proceedings of the 33rd ACM International Conference on Information and Knowledge Management},
  pages={5046--5053},
  year={2024}
}

@inproceedings{hu2024reinforcement,
  title={Reinforcement Feature Transformation for Polymer Property Performance Prediction},
  author={Hu, Xuanming and Wang, Dongjie and Ying, Wangyang and Fu, Yanjie},
  booktitle={Proceedings of the 33rd ACM International Conference on Information and Knowledge Management},
  pages={4538--4545},
  year={2024}
}