@article{chen2023frugalgpt,
  title={Frugalgpt: How to use large language models while reducing cost and improving performance},
  author={Chen, Lingjiao and Zaharia, Matei and Zou, James},
  journal={arXiv preprint arXiv:2305.05176},
  year={2023}
}

@article{ding2024hybrid,
  title={Hybrid LLM: Cost-efficient and quality-aware query routing},
  author={Ding, Dujian and Mallick, Ankur and Wang, Chi and Sim, Robert and Mukherjee, Subhabrata and Ruhle, Victor and Lakshmanan, Laks VS and Awadallah, Ahmed Hassan},
  journal={arXiv preprint arXiv:2404.14618},
  year={2024}
}

@inproceedings{hu2024reinforcement,
  title={Reinforcement Feature Transformation for Polymer Property Performance Prediction},
  author={Hu, Xuanming and Wang, Dongjie and Ying, Wangyang and Fu, Yanjie},
  booktitle={Proceedings of the 33rd ACM International Conference on Information and Knowledge Management},
  pages={4538--4545},
  year={2024}
}

@article{hu2024routerbench,
  title={ROUTERBENCH: A Benchmark for Multi-LLM Routing System},
  author={Hu, Qitian Jason and Bieker, Jacob and Li, Xiuyu and Jiang, Nan and Keigwin, Benjamin and Ranganath, Gaurav and Keutzer, Kurt and Upadhyay, Shriyash Kaustubh},
  journal={arXiv preprint arXiv:2403.12031},
  year={2024}
}

@article{liu2024calorie,
  title={Calorie restriction in mice impairs cortical but not trabecular peak bone mass by suppressing bone remodeling},
  author={Liu, Linyi and Le, Phuong T and Stohn, J Patrizia and Liu, Hanghang and Ying, Wangyang and Baron, Roland and Rosen, Clifford J},
  journal={Journal of Bone and Mineral Research},
  volume={39},
  number={8},
  pages={1188--1199},
  year={2024},
  publisher={Oxford University Press}
}

@article{liu2024me,
  title={ME-Switch: A Memory-Efficient Expert Switching Framework for Large Language Models},
  author={Liu, Jing and Gong, Ruihao and Zhang, Mingyang and He, Yefei and Cai, Jianfei and Zhuang, Bohan},
  journal={arXiv preprint arXiv:2406.09041},
  year={2024}
}

@article{liu2024optllm,
  title={OptLLM: Optimal Assignment of Queries to Large Language Models},
  author={Liu, Yueyue and Zhang, Hongyu and Miao, Yuantian and Le, Van-Hoang and Li, Zhiqiang},
  journal={arXiv preprint arXiv:2405.15130},
  year={2024}
}

@article{liu2024pth,
  title={PTH and the Regulation of Mesenchymal Cells within the Bone Marrow Niche},
  author={Liu, Hanghang and Liu, Linyi and Rosen, Clifford J},
  journal={Cells},
  volume={13},
  number={5},
  pages={406},
  year={2024},
  publisher={MDPI}
}

@article{liu2025calorie,
  title={Calorie restriction induces mandible bone loss by regulating mitochondrial function},
  author={Liu, Linyi and Le, Phuong T and DeMambro, Victoria E and Feng, Tiange and Liu, Hanghang and Ying, Wangyang and Baron, Roland and Rosen, Clifford J},
  journal={Bone},
  volume={190},
  pages={117326},
  year={2025},
  publisher={Elsevier}
}

@article{madaan2023automix,
  title={Automix: Automatically mixing language models},
  author={Madaan, Aman and Aggarwal, Pranjal and Anand, Ankit and Potharaju, Srividya Pranavi and Mishra, Swaroop and Zhou, Pei and Gupta, Aditya and Rajagopal, Dheeraj and Kappaganthu, Karthik and Yang, Yiming and others},
  journal={arXiv preprint arXiv:2310.12963},
  year={2023}
}

@article{nguyen2024metallm,
  title={MetaLLM: A High-performant and Cost-efficient Dynamic Framework for Wrapping LLMs},
  author={Nguyen, Quang H and Hoang, Duy C and Decugis, Juliette and Manchanda, Saurav and Chawla, Nitesh V and Doan, Khoa D},
  journal={arXiv preprint arXiv:2407.10834},
  year={2024}
}

@article{ong2024routellm,
  title={Routellm: Learning to route llms with preference data},
  author={Ong, Isaac and Almahairi, Amjad and Wu, Vincent and Chiang, Wei-Lin and Wu, Tianhao and Gonzalez, Joseph E and Kadous, M Waleed and Stoica, Ion},
  journal={arXiv preprint arXiv:2406.18665},
  year={2024}
}

@article{shnitzer2023large,
  title={Large language model routing with benchmark datasets},
  author={Shnitzer, Tal and Ou, Anthony and Silva, M{\'\i}rian and Soule, Kate and Sun, Yuekai and Solomon, Justin and Thompson, Neil and Yurochkin, Mikhail},
  journal={arXiv preprint arXiv:2309.15789},
  year={2023}
}

@inproceedings{vsakota2024fly,
  title={Fly-swat or cannon? cost-effective language model choice via meta-modeling},
  author={{\v{S}}akota, Marija and Peyrard, Maxime and West, Robert},
  booktitle={Proceedings of the 17th ACM International Conference on Web Search and Data Mining},
  pages={606--615},
  year={2024}
}

@inproceedings{xie2024spatio,
  title={Spatio-Temporal Transformer for Temperature Profiles Prediction in Large Format Additive Manufacturing},
  author={Xie, Haoyang and Hoskins, Dylan and Rowe, Kyle and Ju, Feng},
  booktitle={2024 IEEE 20th International Conference on Automation Science and Engineering (CASE)},
  pages={1331--1336},
  year={2024},
  organization={IEEE}
}

@article{xie2025transformer,
  title={Transformer-Based Offline Printing Strategy Design for Large Format Additive Manufacturing},
  author={Xie, Haoyang and Hoskins, Dylan and Rowe, Kyle and Ju, Feng},
  journal={Journal of Computing and Information Science in Engineering},
  volume={25},
  number={2},
  year={2025},
  publisher={American Society of Mechanical Engineers Digital Collection}
}

@inproceedings{ying2024revolutionizing,
  title={Revolutionizing Biomarker Discovery: Leveraging Generative AI for Bio-Knowledge-Embedded Continuous Space Exploration},
  author={Ying, Wangyang and Wang, Dongjie and Hu, Xuanming and Qiu, Ji and Park, Jin and Fu, Yanjie},
  booktitle={Proceedings of the 33rd ACM International Conference on Information and Knowledge Management},
  pages={5046--5053},
  year={2024}
}

