@article{10.1007/s10515-022-00337-x,
author = {Tambon, Florian and Laberge, Gabriel and An, Le and Nikanjam, Amin and Mindom, Paulina Stevia Nouwou and Pequignot, Yann and Khomh, Foutse and Antoniol, Giulio and Merlo, Ettore and Laviolette, Fran\c{c}ois},
title = {How to Certify Machine Learning Based Safety-Critical Systems? A Systematic Literature Review},
year = {2022},
journal = {Automated Software Engineering},
doi = {10.1007/s10515-022-00337-x},
}

@inproceedings{10.1145/3533767.3534392,
author = {Eniser, Hasan Ferit and Gros, Timo P. and W\"{u}stholz, Valentin and Hoffmann, J\"{o}rg and Christakis, Maria},
title = {Metamorphic Relations via Relaxations: An Approach to Obtain Oracles for Action-Policy Testing},
booktitle = {Proceedings of the 31st ACM SIGSOFT International Symposium on Software Testing and Analysis},
year = {2022},
doi = {10.1145/3533767.3534392}
}

@article{10.1613/jair.1.12716,
author = {Corso, Anthony and Moss, Robert and Koren, Mark and Lee, Ritchie and Kochenderfer, Mykel},
title = {A Survey of Algorithms for Black-Box Safety Validation of Cyber-Physical Systems},
year = {2022},
journal = {J. Artif. Int. Res.},
doi = {10.1613/jair.1.12716},
}

@INPROCEEDINGS{10172658,
  author={Ul Haq, Fitash and Shin, Donghwan and Briand, Lionel C.},
  booktitle={2023 IEEE/ACM 45th International Conference on Software Engineering (ICSE)}, 
  title={Many-Objective Reinforcement Learning for Online Testing of DNN-Enabled Systems}, 
  year={2023},
  volume={},
  number={},
  pages={1814-1826},
  doi={10.1109/ICSE48619.2023.00155}
}

@ARTICLE{9712397,
  author={Lu, Chengjie and Shi, Yize and Zhang, Huihui and Zhang, Man and Wang, Tiexin and Yue, Tao and Ali, Shaukat},
  journal={IEEE Transactions on Software Engineering}, 
  title={Learning Configurations of Operating Environment of Autonomous Vehicles to Maximize their Collisions}, 
  year={2023},
  doi={10.1109/TSE.2022.3150788}
}

@article{Steinmetz_Fišer_Eniser_Ferber_Gros_Heim_Höller_Schuler_Wüstholz_Christakis_Hoffmann_2022, 
title={Debugging a Policy: Automatic Action-Policy Testing in AI Planning}, 
author={Steinmetz, Marcel and Fišer, Daniel and Eniser, Hasan Ferit and Ferber, Patrick and Gros, Timo P. and Heim, Philippe and Höller, Daniel and Schuler, Xandra and Wüstholz, Valentin and Christakis, Maria and Hoffmann, Jörg}, 
 journal={Proceedings of the International Conference on Automated Planning and Scheduling},
year={2022},
DOI={10.1609/icaps.v32i1.19820}
}

@article{ZHANG2020106296,
title = {Testing and verification of neural-network-based safety-critical control software: A systematic literature review},
journal = {Information and Software Technology},
year = {2020},
author = {Jin Zhang and Jingyue Li},
doi = {https://doi.org/10.1016/j.infsof.2020.106296},
}

@inproceedings{ast2024,
  author = {Quentin Mazouni and Helge Spieker and Arnaud Gotlieb and Mathieu Acher},
  title = {Testing for Fault Diversity in Reinforcement Learning},
  year = {2024},
  volume = {},
  number = {},
  booktitle = {2024 IEEE/ACM International Conference on Automation of Software Test (AST)}, 
  url = {https://arxiv.org/abs/2403.15065},
  doi = {10.1145/3644032.3644458}
}

@inproceedings{henderson2018deep,
  title={Deep reinforcement learning that matters},
  author={Henderson, Peter and Islam, Riashat and Bachman, Philip and Pineau, Joelle and Precup, Doina and Meger, David},
  booktitle={Proceedings of the AAAI Conference on Artificial Intelligence},
  volume={32},
  number={1},
  year={2018}
}

@inproceedings{https://doi.org/10.48550/arxiv.2205.04887,
  author       = {Martin Tappler and
                  Filip Cano C{\'{o}}rdoba and
                  Bernhard K. Aichernig and
                  Bettina K{\"{o}}nighofer},
  editor       = {Luc De Raedt},
  title        = {Search-Based Testing of Reinforcement Learning},
  booktitle    = {Proceedings of the Thirty-First International Joint Conference on
                  Artificial Intelligence, {IJCAI} 2022, Vienna, Austria, 23-29 July
                  2022},
  pages        = {503--510},
  publisher    = {ijcai.org},
  year         = {2022},
  url          = {https://doi.org/10.24963/ijcai.2022/72},
  doi          = {10.24963/IJCAI.2022/72},
}

@misc{icse19keynote,
  title = {Building Reproducible, Reusable, and Robust Machine Learning Software},
  author = {Joelle Pineau},
  year = {ICSE'19 Keynote},
  note = {\url{https://2019.icse-conferences.org/details/icse-2019-Plenary-Sessions/20/Building-Reproducible-Reusable-and-Robust-Machine-Learning-Software}}
}

@inproceedings{mazouni2023,
  author = {Quentin Mazouni and Helge Spieker and Arnaud Gotlieb and Mathieu Acher},
  title = {A Review of Validation and Verification of Neural Network-based Policies for Sequential Decision Making},
  year = {2023},
  booktitle = {Rencontres des Jeunes Chercheurs en Intelligence Artificielle (RJCIA)},
  url = {https://pfia23.icube.unistra.fr/conferences/rjcia/Actes/RJCIA2023_paper_5.pdf},
}

@ARTICLE{zolfagharian2023searchbased,
  author={Zolfagharian, Amirhossein and Abdellatif, Manel and Briand, Lionel C. and Bagherzadeh, Mojtaba and S, Ramesh},
  journal={IEEE Transactions on Software Engineering}, 
  title={A Search-Based Testing Approach for Deep Reinforcement Learning Agents}, 
  year={2023},
  volume={49},
  number={7},
  pages={3715-3735},
  doi={10.1109/TSE.2023.3269804}
}

