@article{lee2023talkin,
      title={{Talkin' 'Bout AI Generation: Copyright and the Generative-AI Supply Chain}}, 
      author={Katherine Lee and A. Feder Cooper and James Grimmelmann},
      year={2023},
      journal={arXiv preprint arXiv:2309.08133}
}

@article{bai2024digirl,
  title={Digirl: Training in-the-wild device-control agents with autonomous reinforcement learning},
  author={Bai, Hao and Zhou, Yifei and Cemri, Mert and Pan, Jiayi and Suhr, Alane and Levine, Sergey and Kumar, Aviral},
  journal={arXiv preprint arXiv:2406.11896},
  year={2024}
}

@article{zhang2024large,
  title={Large language model-brained gui agents: A survey},
  author={Zhang, Chaoyun and He, Shilin and Qian, Jiaxu and Li, Bowen and Li, Liqun and Qin, Si and Kang, Yu and Ma, Minghua and Lin, Qingwei and Rajmohan, Saravan and others},
  journal={arXiv preprint arXiv:2411.18279},
  year={2024}
}

@article{wang2024gui,
  title={Gui agents with foundation models: A comprehensive survey},
  author={Wang, Shuai and Liu, Weiwen and Chen, Jingxuan and Gan, Weinan and Zeng, Xingshan and Yu, Shuai and Hao, Xinlong and Shao, Kun and Wang, Yasheng and Tang, Ruiming},
  journal={arXiv preprint arXiv:2411.04890},
  year={2024}
}

@article{nguyen2024gui,
  title={Gui agents: A survey},
  author={Nguyen, Dang and Chen, Jian and Wang, Yu and Wu, Gang and Park, Namyong and Hu, Zhengmian and Lyu, Hanjia and Wu, Junda and Aponte, Ryan and Xia, Yu and others},
  journal={arXiv preprint arXiv:2412.13501},
  year={2024}
}

@inproceedings{hong2024cogagent,
  title={Cogagent: A visual language model for gui agents},
  author={Hong, Wenyi and Wang, Weihan and Lv, Qingsong and Xu, Jiazheng and Yu, Wenmeng and Ji, Junhui and Wang, Yan and Wang, Zihan and Dong, Yuxiao and Ding, Ming and others},
  booktitle={Proceedings of the IEEE/CVF Conference on Computer Vision and Pattern Recognition},
  pages={14281--14290},
  year={2024}
}

@article{rawles2024androidinthewild,
  title={Androidinthewild: A large-scale dataset for android device control},
  author={Rawles, Christopher and Li, Alice and Rodriguez, Daniel and Riva, Oriana and Lillicrap, Timothy},
  journal={Advances in Neural Information Processing Systems},
  volume={36},
  year={2024}
}

@article{zhang2023you,
  title={You only look at screens: Multimodal chain-of-action agents},
  author={Zhang, Zhuosheng and Zhang, Aston},
  journal={arXiv preprint arXiv:2309.11436},
  year={2023}
}

@article{yan2023gpt,
  title={Gpt-4v in wonderland: Large multimodal models for zero-shot smartphone gui navigation},
  author={Yan, An and Yang, Zhengyuan and Zhu, Wanrong and Lin, Kevin and Li, Linjie and Wang, Jianfeng and Yang, Jianwei and Zhong, Yiwu and McAuley, Julian and Gao, Jianfeng and others},
  journal={arXiv preprint arXiv:2311.07562},
  year={2023}
}

@article{zhang2023appagent,
  title={Appagent: Multimodal agents as smartphone users},
  author={Zhang, Chi and Yang, Zhao and Liu, Jiaxuan and Han, Yucheng and Chen, Xin and Huang, Zebiao and Fu, Bin and Yu, Gang},
  journal={arXiv preprint arXiv:2312.13771},
  year={2023}
}

@article{zhang2024vision,
  title={Vision-language models for vision tasks: A survey},
  author={Zhang, Jingyi and Huang, Jiaxing and Jin, Sheng and Lu, Shijian},
  journal={IEEE Transactions on Pattern Analysis and Machine Intelligence},
  year={2024},
  publisher={IEEE}
}

@article{zhou2022learning,
  title={Learning to prompt for vision-language models},
  author={Zhou, Kaiyang and Yang, Jingkang and Loy, Chen Change and Liu, Ziwei},
  journal={International Journal of Computer Vision},
  volume={130},
  number={9},
  pages={2337--2348},
  year={2022},
  publisher={Springer}
}

@misc{GPT-4o,
  title = {GPT-4o},
  howpublished = {\url{https://openai.com/index/hello-gpt-4o/}},
  year = {2024},
  note = {Accessed: 2025-01-14},
author = {OpenAI}
}

@misc{qwen2vl,
  title = {Qwen2.5-VL},
  howpublished = {\url{https://github.com/QwenLM/Qwen2.5-VL}},
  year = {2024},
  note = {Accessed: 2025-01-14},
author = {QwenLM}
}

@misc{Gemini_1.5_Pro,
  title = {Gemini 1.5 Pro},
  howpublished = {\url{https://deepmind.google/technologies/gemini/pro/}},
  note = {Accessed: 2025-01-14},
  year = {2024},
author = {Google DeepMind}
}

@article{xie2024osworld,
  title={Osworld: Benchmarking multimodal agents for open-ended tasks in real computer environments},
  author={Xie, Tianbao and Zhang, Danyang and Chen, Jixuan and Li, Xiaochuan and Zhao, Siheng and Cao, Ruisheng and Hua, Toh Jing and Cheng, Zhoujun and Shin, Dongchan and Lei, Fangyu and others},
  journal={arXiv preprint arXiv:2404.07972},
  year={2024}
}

@article{zhang2024android,
  title={Android in the zoo: Chain-of-action-thought for gui agents},
  author={Zhang, Jiwen and Wu, Jihao and Teng, Yihua and Liao, Minghui and Xu, Nuo and Xiao, Xiao and Wei, Zhongyu and Tang, Duyu},
  journal={arXiv preprint arXiv:2403.02713},
  year={2024}
}

@article{zhang2024ufo,
  title={Ufo: A ui-focused agent for windows os interaction},
  author={Zhang, Chaoyun and Li, Liqun and He, Shilin and Zhang, Xu and Qiao, Bo and Qin, Si and Ma, Minghua and Kang, Yu and Lin, Qingwei and Rajmohan, Saravan and others},
  journal={arXiv preprint arXiv:2402.07939},
  year={2024}
}

@article{wang2024distrl,
  title={Distrl: An asynchronous distributed reinforcement learning framework for on-device control agents},
  author={Wang, Taiyi and Wu, Zhihao and Liu, Jianheng and Hao, Jianye and Wang, Jun and Shao, Kun},
  journal={arXiv preprint arXiv:2410.14803},
  year={2024}
}

@article{toyama2021androidenv,
  title={Androidenv: A reinforcement learning platform for android},
  author={Toyama, Daniel and Hamel, Philippe and Gergely, Anita and Comanici, Gheorghe and Glaese, Amelia and Ahmed, Zafarali and Jackson, Tyler and Mourad, Shibl and Precup, Doina},
  journal={arXiv preprint arXiv:2105.13231},
  year={2021}
}

@article{chae2024web,
  title={Web agents with world models: Learning and leveraging environment dynamics in web navigation},
  author={Chae, Hyungjoo and Kim, Namyoung and Ong, Kai Tzu-iunn and Gwak, Minju and Song, Gwanwoo and Kim, Jihoon and Kim, Sunghwan and Lee, Dongha and Yeo, Jinyoung},
  journal={arXiv preprint arXiv:2410.13232},
  year={2024}
}

@article{gu2024your,
  title={Is your llm secretly a world model of the internet? model-based planning for web agents},
  author={Gu, Yu and Zheng, Boyuan and Gou, Boyu and Zhang, Kai and Chang, Cheng and Srivastava, Sanjari and Xie, Yanan and Qi, Peng and Sun, Huan and Su, Yu},
  journal={arXiv preprint arXiv:2411.06559},
  year={2024}
}

@article{lai2024autowebglm,
  title={AutoWebGLM: Bootstrap And Reinforce A Large Language Model-based Web Navigating Agent},
  author={Lai, Hanyu and Liu, Xiao and Iong, Iat Long and Yao, Shuntian and Chen, Yuxuan and Shen, Pengbo and Yu, Hao and Zhang, Hanchen and Zhang, Xiaohan and Dong, Yuxiao and others},
  journal={arXiv preprint arXiv:2404.03648},
  year={2024}
}

@article{qi2024webrl,
  title={WebRL: Training LLM Web Agents via Self-Evolving Online Curriculum Reinforcement Learning},
  author={Qi, Zehan and Liu, Xiao and Iong, Iat Long and Lai, Hanyu and Sun, Xueqiao and Yang, Xinyue and Sun, Jiadai and Yang, Yu and Yao, Shuntian and Zhang, Tianjie and others},
  journal={arXiv preprint arXiv:2411.02337},
  year={2024}
}

@article{wang2024large,
  title={Large Action Models: From Inception to Implementation},
  author={Wang, Lu and Yang, Fangkai and Zhang, Chaoyun and Lu, Junting and Qian, Jiaxu and He, Shilin and Zhao, Pu and Qiao, Bo and Huang, Ray and Qin, Si and others},
  journal={arXiv preprint arXiv:2412.10047},
  year={2024}
}

@article{kaelbling1996reinforcement,
  title={Reinforcement learning: A survey},
  author={Kaelbling, Leslie Pack and Littman, Michael L and Moore, Andrew W},
  journal={Journal of artificial intelligence research},
  volume={4},
  pages={237--285},
  year={1996}
}

@article{sutton2018reinforcement,
  title={Reinforcement learning: An introduction},
  author={Sutton, Richard S},
  journal={A Bradford Book},
  year={2018}
}

@article{zhai2024fine,
  title={Fine-Tuning Large Vision-Language Models as Decision-Making Agents via Reinforcement Learning},
  author={Zhai, Yuexiang and Bai, Hao and Lin, Zipeng and Pan, Jiayi and Tong, Shengbang and Zhou, Yifei and Suhr, Alane and Xie, Saining and LeCun, Yann and Ma, Yi and others},
  journal={arXiv preprint arXiv:2405.10292},
  year={2024}
}

@article{sun2024llm,
  title={LLM-based Multi-Agent Reinforcement Learning: Current and Future Directions},
  author={Sun, Chuanneng and Huang, Songjun and Pompili, Dario},
  journal={arXiv preprint arXiv:2405.11106},
  year={2024}
}

@inproceedings{carta2023grounding,
  title={Grounding large language models in interactive environments with online reinforcement learning},
  author={Carta, Thomas and Romac, Cl{\'e}ment and Wolf, Thomas and Lamprier, Sylvain and Sigaud, Olivier and Oudeyer, Pierre-Yves},
  booktitle={International Conference on Machine Learning},
  pages={3676--3713},
  year={2023},
  organization={PMLR}
}

@article{hong2023zero,
  title={Zero-shot goal-directed dialogue via rl on imagined conversations},
  author={Hong, Joey and Levine, Sergey and Dragan, Anca},
  journal={arXiv preprint arXiv:2311.05584},
  year={2023}
}

@article{snell2022offline,
  title={Offline rl for natural language generation with implicit language q learning},
  author={Snell, Charlie and Kostrikov, Ilya and Su, Yi and Yang, Mengjiao and Levine, Sergey},
  journal={arXiv preprint arXiv:2206.11871},
  year={2022}
}

@article{berner2019dota,
  title={Dota 2 with large scale deep reinforcement learning},
  author={Berner, Christopher and Brockman, Greg and Chan, Brooke and Cheung, Vicki and D{\k{e}}biak, Przemys{\l}aw and Dennison, Christy and Farhi, David and Fischer, Quirin and Hashme, Shariq and Hesse, Chris and others},
  journal={arXiv preprint arXiv:1912.06680},
  year={2019}
}

@article{niu2022trust,
  title={When to trust your simulator: Dynamics-aware hybrid offline-and-online reinforcement learning},
  author={Niu, Haoyi and Qiu, Yiwen and Li, Ming and Zhou, Guyue and Hu, Jianming and Zhan, Xianyuan and others},
  journal={Advances in Neural Information Processing Systems},
  volume={35},
  pages={36599--36612},
  year={2022}
}

@article{prudencio2023survey,
  title={A survey on offline reinforcement learning: Taxonomy, review, and open problems},
  author={Prudencio, Rafael Figueiredo and Maximo, Marcos ROA and Colombini, Esther Luna},
  journal={IEEE Transactions on Neural Networks and Learning Systems},
  year={2023},
  publisher={IEEE}
}

@article{xie2021policy,
  title={Policy finetuning: Bridging sample-efficient offline and online reinforcement learning},
  author={Xie, Tengyang and Jiang, Nan and Wang, Huan and Xiong, Caiming and Bai, Yu},
  journal={Advances in neural information processing systems},
  volume={34},
  pages={27395--27407},
  year={2021}
}

@inproceedings{ge2024worldgpt,
  title={Worldgpt: Empowering llm as multimodal world model},
  author={Ge, Zhiqi and Huang, Hongzhe and Zhou, Mingze and Li, Juncheng and Wang, Guoming and Tang, Siliang and Zhuang, Yueting},
  booktitle={Proceedings of the 32nd ACM International Conference on Multimedia},
  pages={7346--7355},
  year={2024}
}

@article{zhang2024mme,
  title={MME-RealWorld: Could Your Multimodal LLM Challenge High-Resolution Real-World Scenarios that are Difficult for Humans?},
  author={Zhang, Yi-Fan and Zhang, Huanyu and Tian, Haochen and Fu, Chaoyou and Zhang, Shuangqing and Wu, Junfei and Li, Feng and Wang, Kun and Wen, Qingsong and Zhang, Zhang and others},
  journal={arXiv preprint arXiv:2408.13257},
  year={2024}
}

@article{guan2023leveraging,
  title={Leveraging pre-trained large language models to construct and utilize world models for model-based task planning},
  author={Guan, Lin and Valmeekam, Karthik and Sreedharan, Sarath and Kambhampati, Subbarao},
  journal={Advances in Neural Information Processing Systems},
  volume={36},
  pages={79081--79094},
  year={2023}
}

@article{stiennon2020learning,
  title={Learning to summarize with human feedback},
  author={Stiennon, Nisan and Ouyang, Long and Wu, Jeffrey and Ziegler, Daniel and Lowe, Ryan and Voss, Chelsea and Radford, Alec and Amodei, Dario and Christiano, Paul F},
  journal={Advances in Neural Information Processing Systems},
  volume={33},
  pages={3008--3021},
  year={2020}
}

@article{ouyang2022training,
  title={Training language models to follow instructions with human feedback},
  author={Ouyang, Long and Wu, Jeffrey and Jiang, Xu and Almeida, Diogo and Wainwright, Carroll and Mishkin, Pamela and Zhang, Chong and Agarwal, Sandhini and Slama, Katarina and Ray, Alex and others},
  journal={Advances in neural information processing systems},
  volume={35},
  pages={27730--27744},
  year={2022}
}

@article{hao2023reasoning,
  title={Reasoning with language model is planning with world model},
  author={Hao, Shibo and Gu, Yi and Ma, Haodi and Hong, Joshua Jiahua and Wang, Zhen and Wang, Daisy Zhe and Hu, Zhiting},
  journal={arXiv preprint arXiv:2305.14992},
  year={2023}
}

@article{bai2023qwen,
  title={Qwen-vl: A frontier large vision-language model with versatile abilities},
  author={Bai, Jinze and Bai, Shuai and Yang, Shusheng and Wang, Shijie and Tan, Sinan and Wang, Peng and Lin, Junyang and Zhou, Chang and Zhou, Jingren},
  journal={arXiv preprint arXiv:2308.12966},
  year={2023}
}

@article{chen2023minigpt,
  title={Minigpt-v2: large language model as a unified interface for vision-language multi-task learning},
  author={Chen, Jun and Zhu, Deyao and Shen, Xiaoqian and Li, Xiang and Liu, Zechun and Zhang, Pengchuan and Krishnamoorthi, Raghuraman and Chandra, Vikas and Xiong, Yunyang and Elhoseiny, Mohamed},
  journal={arXiv preprint arXiv:2310.09478},
  year={2023}
}

@article{levine2020offline,
  title={Offline reinforcement learning: Tutorial, review, and perspectives on open problems},
  author={Levine, Sergey and Kumar, Aviral and Tucker, George and Fu, Justin},
  journal={arXiv preprint arXiv:2005.01643},
  year={2020}
}

@article{cheng2024seeclick,
  title={Seeclick: Harnessing gui grounding for advanced visual gui agents},
  author={Cheng, Kanzhi and Sun, Qiushi and Chu, Yougang and Xu, Fangzhi and Li, Yantao and Zhang, Jianbing and Wu, Zhiyong},
  journal={arXiv preprint arXiv:2401.10935},
  year={2024}
}

@article{schulman2017proximal,
  title={Proximal policy optimization algorithms},
  author={Schulman, John and Wolski, Filip and Dhariwal, Prafulla and Radford, Alec and Klimov, Oleg},
  journal={arXiv preprint arXiv:1707.06347},
  year={2017}
}

@article{wei2022chain,
  title={Chain-of-thought prompting elicits reasoning in large language models},
  author={Wei, Jason and Wang, Xuezhi and Schuurmans, Dale and Bosma, Maarten and Xia, Fei and Chi, Ed and Le, Quoc V and Zhou, Denny and others},
  journal={Advances in neural information processing systems},
  volume={35},
  pages={24824--24837},
  year={2022}
}