@article{yang2024qwen2,
  title={Qwen2. 5 technical report},
  author={Yang, An and Yang, Baosong and Zhang, Beichen and Hui, Binyuan and Zheng, Bo and Yu, Bowen and Li, Chengyuan and Liu, Dayiheng and Huang, Fei and Wei, Haoran and others},
  journal={arXiv preprint arXiv:2412.15115},
  year={2024}
}

@article{claude,
  title={Introducing computer use, a new Claude 3.5 Sonnet, and Claude 3.5 Haiku},
  author={Anthropic},
  url={https://www.anthropic.com/news/3-5-models-and-computer-use},
  year={2024},
  month={October},
  journal={Anthropic Blog},
}

@article{llama3,
  author       = {Abhimanyu Dubey and
                  Abhinav Jauhri and
                  Abhinav Pandey and
                  Abhishek Kadian and
                  Ahmad Al{-}Dahle and
                  Aiesha Letman and
                  Akhil Mathur and
                  Alan Schelten and
                  Amy Yang and
                  Angela Fan and
                  Anirudh Goyal and
                  Anthony Hartshorn and
                  Aobo Yang and
                  Archi Mitra and
                  Archie Sravankumar and
                  Artem Korenev and
                  Arthur Hinsvark and
                  Arun Rao and
                  Aston Zhang and
                  Aur{\'{e}}lien Rodriguez and
                  Austen Gregerson and
                  Ava Spataru and
                  Baptiste Rozi{\`{e}}re and
                  Bethany Biron and
                  Binh Tang and
                  Bobbie Chern and
                  Charlotte Caucheteux and
                  Chaya Nayak and
                  Chloe Bi and
                  Chris Marra and
                  Chris McConnell and
                  Christian Keller and
                  Christophe Touret and
                  Chunyang Wu and
                  Corinne Wong and
                  Cristian Canton Ferrer and
                  Cyrus Nikolaidis and
                  Damien Allonsius and
                  Daniel Song and
                  Danielle Pintz and
                  Danny Livshits and
                  David Esiobu and
                  Dhruv Choudhary and
                  Dhruv Mahajan and
                  Diego Garcia{-}Olano and
                  Diego Perino and
                  Dieuwke Hupkes and
                  Egor Lakomkin and
                  Ehab AlBadawy and
                  Elina Lobanova and
                  Emily Dinan and
                  Eric Michael Smith and
                  Filip Radenovic and
                  Frank Zhang and
                  Gabriel Synnaeve and
                  Gabrielle Lee and
                  Georgia Lewis Anderson and
                  Graeme Nail and
                  Gr{\'{e}}goire Mialon and
                  Guan Pang and
                  Guillem Cucurell and
                  Hailey Nguyen and
                  Hannah Korevaar and
                  Hu Xu and
                  Hugo Touvron and
                  Iliyan Zarov and
                  Imanol Arrieta Ibarra and
                  Isabel M. Kloumann and
                  Ishan Misra and
                  Ivan Evtimov and
                  Jade Copet and
                  Jaewon Lee and
                  Jan Geffert and
                  Jana Vranes and
                  Jason Park and
                  Jay Mahadeokar and
                  Jeet Shah and
                  Jelmer van der Linde and
                  Jennifer Billock and
                  Jenny Hong and
                  Jenya Lee and
                  Jeremy Fu and
                  Jianfeng Chi and
                  Jianyu Huang and
                  Jiawen Liu and
                  Jie Wang and
                  Jiecao Yu and
                  Joanna Bitton and
                  Joe Spisak and
                  Jongsoo Park and
                  Joseph Rocca and
                  Joshua Johnstun and
                  Joshua Saxe and
                  Junteng Jia and
                  Kalyan Vasuden Alwala and
                  Kartikeya Upasani and
                  Kate Plawiak and
                  Ke Li and
                  Kenneth Heafield and
                  Kevin Stone and
                  et al.},
  title        = {The Llama 3 Herd of Models},
  journal      = {CoRR},
  volume       = {abs/2407.21783},
  year         = {2024},
  doi          = {10.48550/ARXIV.2407.21783},
  eprinttype    = {arXiv},
  eprint       = {2407.21783},
  timestamp    = {Wed, 11 Dec 2024 17:20:48 +0100},
  biburl       = {https://dblp.org/rec/journals/corr/abs-2407-21783.bib},
  bibsource    = {dblp computer science bibliography, https://dblp.org}
}

@article{gpt_4o,
  author       = {Aaron Hurst and
                  Adam Lerer and
                  Adam P. Goucher and
                  Adam Perelman and
                  Aditya Ramesh and
                  Aidan Clark and
                  AJ Ostrow and
                  Akila Welihinda and
                  Alan Hayes and
                  Alec Radford and
                  Aleksander Madry and
                  Alex Baker{-}Whitcomb and
                  Alex Beutel and
                  Alex Borzunov and
                  Alex Carney and
                  Alex Chow and
                  Alex Kirillov and
                  Alex Nichol and
                  Alex Paino and
                  Alex Renzin and
                  Alex Tachard Passos and
                  Alexander Kirillov and
                  Alexi Christakis and
                  Alexis Conneau and
                  Ali Kamali and
                  Allan Jabri and
                  Allison Moyer and
                  Allison Tam and
                  Amadou Crookes and
                  Amin Tootoonchian and
                  Ananya Kumar and
                  Andrea Vallone and
                  Andrej Karpathy and
                  Andrew Braunstein and
                  Andrew Cann and
                  Andrew Codispoti and
                  Andrew Galu and
                  Andrew Kondrich and
                  Andrew Tulloch and
                  Andrey Mishchenko and
                  Angela Baek and
                  Angela Jiang and
                  Antoine Pelisse and
                  Antonia Woodford and
                  Anuj Gosalia and
                  Arka Dhar and
                  Ashley Pantuliano and
                  Avi Nayak and
                  Avital Oliver and
                  Barret Zoph and
                  Behrooz Ghorbani and
                  Ben Leimberger and
                  Ben Rossen and
                  Ben Sokolowsky and
                  Ben Wang and
                  Benjamin Zweig and
                  Beth Hoover and
                  Blake Samic and
                  Bob McGrew and
                  Bobby Spero and
                  Bogo Giertler and
                  Bowen Cheng and
                  Brad Lightcap and
                  Brandon Walkin and
                  Brendan Quinn and
                  Brian Guarraci and
                  Brian Hsu and
                  Bright Kellogg and
                  Brydon Eastman and
                  Camillo Lugaresi and
                  Carroll L. Wainwright and
                  Cary Bassin and
                  Cary Hudson and
                  Casey Chu and
                  Chad Nelson and
                  Chak Li and
                  Chan Jun Shern and
                  Channing Conger and
                  Charlotte Barette and
                  Chelsea Voss and
                  Chen Ding and
                  Cheng Lu and
                  Chong Zhang and
                  Chris Beaumont and
                  Chris Hallacy and
                  Chris Koch and
                  Christian Gibson and
                  Christina Kim and
                  Christine Choi and
                  Christine McLeavey and
                  Christopher Hesse and
                  Claudia Fischer and
                  Clemens Winter and
                  Coley Czarnecki and
                  Colin Jarvis and
                  Colin Wei and
                  Constantin Koumouzelis and
                  Dane Sherburn},
  title        = {GPT-4o System Card},
  journal      = {CoRR},
  volume       = {abs/2410.21276},
  year         = {2024},
  url          = {https://doi.org/10.48550/arXiv.2410.21276},
  doi          = {10.48550/ARXIV.2410.21276},
  eprinttype    = {arXiv},
  eprint       = {2410.21276},
  timestamp    = {Mon, 02 Dec 2024 10:22:59 +0100},
  biburl       = {https://dblp.org/rec/journals/corr/abs-2410-21276.bib},
  bibsource    = {dblp computer science bibliography, https://dblp.org}
}

@article{gemma,
  author       = {Thomas Mesnard and
                  Cassidy Hardin and
                  Robert Dadashi and
                  Surya Bhupatiraju and
                  Shreya Pathak and
                  Laurent Sifre and
                  Morgane Rivi{\`{e}}re and
                  Mihir Sanjay Kale and
                  Juliette Love and
                  Pouya Tafti and
                  L{\'{e}}onard Hussenot and
                  Aakanksha Chowdhery and
                  Adam Roberts and
                  Aditya Barua and
                  Alex Botev and
                  Alex Castro{-}Ros and
                  Ambrose Slone and
                  Am{\'{e}}lie H{\'{e}}liou and
                  Andrea Tacchetti and
                  Anna Bulanova and
                  Antonia Paterson and
                  Beth Tsai and
                  Bobak Shahriari and
                  Charline Le Lan and
                  Christopher A. Choquette{-}Choo and
                  Cl{\'{e}}ment Crepy and
                  Daniel Cer and
                  Daphne Ippolito and
                  David Reid and
                  Elena Buchatskaya and
                  Eric Ni and
                  Eric Noland and
                  Geng Yan and
                  George Tucker and
                  George{-}Cristian Muraru and
                  Grigory Rozhdestvenskiy and
                  Henryk Michalewski and
                  Ian Tenney and
                  Ivan Grishchenko and
                  Jacob Austin and
                  James Keeling and
                  Jane Labanowski and
                  Jean{-}Baptiste Lespiau and
                  Jeff Stanway and
                  Jenny Brennan and
                  Jeremy Chen and
                  Johan Ferret and
                  Justin Chiu and
                  et al.},
  title        = {Gemma: Open Models Based on Gemini Research and Technology},
  journal      = {CoRR},
  volume       = {abs/2403.08295},
  year         = {2024},
  url          = {https://doi.org/10.48550/arXiv.2403.08295},
  doi          = {10.48550/ARXIV.2403.08295},
  eprinttype    = {arXiv},
  eprint       = {2403.08295},
  timestamp    = {Tue, 21 May 2024 14:56:02 +0200},
  biburl       = {https://dblp.org/rec/journals/corr/abs-2403-08295.bib},
  bibsource    = {dblp computer science bibliography, https://dblp.org}
}

@inproceedings{chen-etal-2024-step,
    title = "Step-level Value Preference Optimization for Mathematical Reasoning",
    author = "Chen, Guoxin  and
      Liao, Minpeng  and
      Li, Chengxi  and
      Fan, Kai",
    editor = "Al-Onaizan, Yaser  and
      Bansal, Mohit  and
      Chen, Yun-Nung",
    booktitle = "Findings of the Association for Computational Linguistics: EMNLP 2024",
    month = nov,
    year = "2024",
    address = "Miami, Florida, USA",
    publisher = "Association for Computational Linguistics",
    url = "https://aclanthology.org/2024.findings-emnlp.463",
    doi = "10.18653/v1/2024.findings-emnlp.463",
    pages = "7889--7903",
}

@article{guo2025deepseek,
  title={Deepseek-r1: Incentivizing reasoning capability in llms via reinforcement learning},
  author={Guo, Daya and Yang, Dejian and Zhang, Haowei and Song, Junxiao and Zhang, Ruoyu and Xu, Runxin and Zhu, Qihao and Ma, Shirong and Wang, Peiyi and Bi, Xiao and others},
  journal={arXiv preprint arXiv:2501.12948},
  year={2025}
}

@inproceedings{alphamath,
      author = {Chen, Guoxin and Liao, Minpeng and Li, Chengxi and Fan, Kai},
      booktitle = {Advances in Neural Information Processing Systems},
      editor = {A. Globerson and L. Mackey and D. Belgrave and A. Fan and U. Paquet and J. Tomczak and C. Zhang},
      pages = {27689--27724},
      publisher = {Curran Associates, Inc.},
      title = {AlphaMath Almost Zero: Process Supervision without Process},
      url = {https://proceedings.neurips.cc/paper_files/paper/2024/file/30dfe47a3ccbee68cffa0c19ccb1bc00-Paper-Conference.pdf},
      volume = {37},
      year = {2024}
}

@article{yu2024natural,
  title={Natural language reasoning, a survey},
  author={Yu, Fei and Zhang, Hongbo and Tiwari, Prayag and Wang, Benyou},
  journal={ACM Computing Surveys},
  volume={56},
  number={12},
  pages={1--39},
  year={2024},
  publisher={ACM New York, NY}
}

@article{plaat2024reasoning,
  title={Reasoning with large language models, a survey},
  author={Plaat, Aske and Wong, Annie and Verberne, Suzan and Broekens, Joost and van Stein, Niki and Back, Thomas},
  journal={arXiv preprint arXiv:2407.11511},
  year={2024}
}

@article{zhang2025survey,
  title={A survey of table reasoning with large language models},
  author={Zhang, Xuanliang and Wang, Dingzirui and Dou, Longxu and Zhu, Qingfu and Che, Wanxiang},
  journal={Frontiers of Computer Science},
  volume={19},
  number={9},
  pages={199348},
  year={2025},
  publisher={Springer}
}

@inproceedings{chen2024tablerag,
  author       = {Si{-}An Chen and
                  Lesly Miculicich and
                  Julian Eisenschlos and
                  Zifeng Wang and
                  Zilong Wang and
                  Yanfei Chen and
                  Yasuhisa Fujii and
                  Hsuan{-}Tien Lin and
                  Chen{-}Yu Lee and
                  Tomas Pfister},
  editor       = {Amir Globersons and
                  Lester Mackey and
                  Danielle Belgrave and
                  Angela Fan and
                  Ulrich Paquet and
                  Jakub M. Tomczak and
                  Cheng Zhang},
  title        = {TableRAG: Million-Token Table Understanding with Language Models},
  booktitle    = {Advances in Neural Information Processing Systems 38: Annual Conference
                  on Neural Information Processing Systems 2024, NeurIPS 2024, Vancouver,
                  BC, Canada, December 10 - 15, 2024},
  year         = {2024},
  url          = {http://papers.nips.cc/paper\_files/paper/2024/hash/88dd7aa6979e352fda7c4952ca8eac59-Abstract-Conference.html},
  timestamp    = {Thu, 13 Feb 2025 16:56:44 +0100},
  biburl       = {https://dblp.org/rec/conf/nips/ChenME00CFLLP24.bib},
  bibsource    = {dblp computer science bibliography, https://dblp.org}
}

@inproceedings{zhao2024tapera,
  author       = {Yilun Zhao and
                  Lyuhao Chen and
                  Arman Cohan and
                  Chen Zhao},
  editor       = {Lun{-}Wei Ku and
                  Andre Martins and
                  Vivek Srikumar},
  title        = {TaPERA: Enhancing Faithfulness and Interpretability in Long-Form Table
                  {QA} by Content Planning and Execution-based Reasoning},
  booktitle    = {Proceedings of the 62nd Annual Meeting of the Association for Computational
                  Linguistics (Volume 1: Long Papers), {ACL} 2024, Bangkok, Thailand,
                  August 11-16, 2024},
  pages        = {12824--12840},
  publisher    = {Association for Computational Linguistics},
  year         = {2024},
  url          = {https://doi.org/10.18653/v1/2024.acl-long.692},
  doi          = {10.18653/V1/2024.ACL-LONG.692},
  timestamp    = {Tue, 24 Sep 2024 10:55:52 +0200},
  biburl       = {https://dblp.org/rec/conf/acl/0001CCZ24.bib},
  bibsource    = {dblp computer science bibliography, https://dblp.org}
}

@article{abs-2412-19513,
  author       = {Zhe Yang and
                  Yichang Zhang and
                  Yudong Wang and
                  Ziyao Xu and
                  Junyang Lin and
                  Zhifang Sui},
  title        = {Confidence v.s. Critique: {A} Decomposition of Self-Correction Capability
                  for LLMs},
  journal      = {CoRR},
  volume       = {abs/2412.19513},
  year         = {2024},
  url          = {https://doi.org/10.48550/arXiv.2412.19513},
  doi          = {10.48550/ARXIV.2412.19513},
  eprinttype    = {arXiv},
  eprint       = {2412.19513},
  timestamp    = {Sat, 25 Jan 2025 22:09:23 +0100},
  biburl       = {https://dblp.org/rec/journals/corr/abs-2412-19513.bib},
  bibsource    = {dblp computer science bibliography, https://dblp.org}
}

@inproceedings{
chen2025learning,
title={Learning Evolving Tools for Large Language Models},
author={Guoxin Chen and Zhong Zhang and Xin Cong and Fangda Guo and Yesai Wu and Yankai Lin and Wenzheng Feng and Yasheng Wang},
booktitle={The Thirteenth International Conference on Learning Representations},
year={2025},
url={https://openreview.net/forum?id=wtrDLMFU9v}
}

@inproceedings{MadaanTGHGW0DPY23,
  author       = {Aman Madaan and
                  Niket Tandon and
                  Prakhar Gupta and
                  Skyler Hallinan and
                  Luyu Gao and
                  Sarah Wiegreffe and
                  Uri Alon and
                  Nouha Dziri and
                  Shrimai Prabhumoye and
                  Yiming Yang and
                  Shashank Gupta and
                  Bodhisattwa Prasad Majumder and
                  Katherine Hermann and
                  Sean Welleck and
                  Amir Yazdanbakhsh and
                  Peter Clark},
  editor       = {Alice Oh and
                  Tristan Naumann and
                  Amir Globerson and
                  Kate Saenko and
                  Moritz Hardt and
                  Sergey Levine},
  title        = {Self-Refine: Iterative Refinement with Self-Feedback},
  booktitle    = {Advances in Neural Information Processing Systems 36: Annual Conference
                  on Neural Information Processing Systems 2023, NeurIPS 2023, New Orleans,
                  LA, USA, December 10 - 16, 2023},
  year         = {2023},
  url          = {http://papers.nips.cc/paper\_files/paper/2023/hash/91edff07232fb1b55a505a9e9f6c0ff3-Abstract-Conference.html},
  timestamp    = {Fri, 01 Mar 2024 16:26:20 +0100},
  biburl       = {https://dblp.org/rec/conf/nips/MadaanTGHGW0DPY23.bib},
  bibsource    = {dblp computer science bibliography, https://dblp.org}
}

@article{critic-cot,
  author       = {Xin Zheng and
                  Jie Lou and
                  Boxi Cao and
                  Xueru Wen and
                  Yuqiu Ji and
                  Hongyu Lin and
                  Yaojie Lu and
                  Xianpei Han and
                  Debing Zhang and
                  Le Sun},
  title        = {Critic-CoT: Boosting the reasoning abilities of large language model
                  via Chain-of-thoughts Critic},
  journal      = {CoRR},
  volume       = {abs/2408.16326},
  year         = {2024},
  url          = {https://doi.org/10.48550/arXiv.2408.16326},
  doi          = {10.48550/ARXIV.2408.16326},
  eprinttype    = {arXiv},
  eprint       = {2408.16326},
  timestamp    = {Sat, 28 Sep 2024 20:40:11 +0200},
  biburl       = {https://dblp.org/rec/journals/corr/abs-2408-16326.bib},
  bibsource    = {dblp computer science bibliography, https://dblp.org}
}


@article{wang2024chain,
  title={Chain-of-table: Evolving tables in the reasoning chain for table understanding},
  author={Wang, Zilong and Zhang, Hao and Li, Chun-Liang and Eisenschlos, Julian Martin and Perot, Vincent and Wang, Zifeng and Miculicich, Lesly and Fujii, Yasuhisa and Shang, Jingbo and Lee, Chen-Yu and others},
  journal={Proceedings of the 12th International Conference on Learning Representations,ICLR 2024.},
  year={2024}
}

@inproceedings{
wang2023selfconsistency,
title={Self-Consistency Improves Chain of Thought Reasoning in Language Models},
author={Xuezhi Wang and Jason Wei and Dale Schuurmans and Quoc V Le and Ed H. Chi and Sharan Narang and Aakanksha Chowdhery and Denny Zhou},
booktitle={The Eleventh International Conference on Learning Representations },
year={2023},
url={https://openreview.net/forum?id=1PL1NIMMrw}
}

@inproceedings{GuoCWCPCW024,
  author       = {Taicheng Guo and
                  Xiuying Chen and
                  Yaqi Wang and
                  Ruidi Chang and
                  Shichao Pei and
                  Nitesh V. Chawla and
                  Olaf Wiest and
                  Xiangliang Zhang},
  title        = {Large Language Model Based Multi-agents: {A} Survey of Progress and
                  Challenges},
  booktitle    = {Proceedings of the Thirty-Third International Joint Conference on
                  Artificial Intelligence, {IJCAI} 2024, Jeju, South Korea, August 3-9,
                  2024},
  pages        = {8048--8057},
  publisher    = {ijcai.org},
  year         = {2024},
  timestamp    = {Fri, 18 Oct 2024 20:55:24 +0200},
  biburl       = {https://dblp.org/rec/conf/ijcai/GuoCWCPCW024.bib},
  bibsource    = {dblp computer science bibliography, https://dblp.org}
}


@InProceedings{pmlr-v235-zhang24au,
  title = 	 {Sequential Asynchronous Action Coordination in Multi-Agent Systems: A Stackelberg Decision Transformer Approach},
  author =       {Zhang, Bin and Mao, Hangyu and Li, Lijuan and Xu, Zhiwei and Li, Dapeng and Zhao, Rui and Fan, Guoliang},
  booktitle = 	 {Proceedings of the 41st International Conference on Machine Learning},
  pages = 	 {59559--59575},
  year = 	 {2024},
  editor = 	 {Salakhutdinov, Ruslan and Kolter, Zico and Heller, Katherine and Weller, Adrian and Oliver, Nuria and Scarlett, Jonathan and Berkenkamp, Felix},
  volume = 	 {235},
  series = 	 {Proceedings of Machine Learning Research},
  month = 	 {21--27 Jul},
  publisher =    {PMLR},
}



@article{yin2020tabert,
  title={TaBERT: Pretraining for joint understanding of textual and tabular data},
  author={Yin, Pengcheng and Neubig, Graham and Yih, Wen-tau and Riedel, Sebastian},
  journal={arXiv preprint arXiv:2005.08314},
  year={2020}
}
@article{liu2021tapex,
  title={TAPEX: Table pre-training via learning a neural SQL executor},
  author={Liu, Qian and Chen, Bei and Guo, Jiaqi and Ziyadi, Morteza and Lin, Zeqi and Chen, Weizhu and Lou, Jian-Guang},
  journal={arXiv preprint arXiv:2107.07653},
  year={2021}
}
@inproceedings{gu2022pasta,
  author       = {Zihui Gu and
                  Ju Fan and
                  Nan Tang and
                  Preslav Nakov and
                  Xiaoman Zhao and
                  Xiaoyong Du},
  editor       = {Yoav Goldberg and
                  Zornitsa Kozareva and
                  Yue Zhang},
  title        = {{PASTA:} Table-Operations Aware Fact Verification via Sentence-Table
                  Cloze Pre-training},
  booktitle    = {Proceedings of the 2022 Conference on Empirical Methods in Natural
                  Language Processing, {EMNLP} 2022, Abu Dhabi, United Arab Emirates,
                  December 7-11, 2022},
  pages        = {4971--4983},
  publisher    = {Association for Computational Linguistics},
  year         = {2022},
  url          = {https://doi.org/10.18653/v1/2022.emnlp-main.331},
  doi          = {10.18653/V1/2022.EMNLP-MAIN.331},
  timestamp    = {Thu, 10 Aug 2023 12:35:28 +0200},
  biburl       = {https://dblp.org/rec/conf/emnlp/GuF0NZ022.bib},
  bibsource    = {dblp computer science bibliography, https://dblp.org}
}
@article{liu2023rethinking,
  title={Rethinking Tabular Data Understanding with Large Language Models},
  author={Liu, Tianyang and Wang, Fei and Chen, Muhao},
  journal={arXiv preprint arXiv:2312.16702},
  year={2023}
}

@article{cheng2022binding,
  title={Binding language models in symbolic languages},
  author={Cheng, Zhoujun and Xie, Tianbao and Shi, Peng and Li, Chengzu and Nadkarni, Rahul and Hu, Yushi and Xiong, Caiming and Radev, Dragomir and Ostendorf, Mari and Zettlemoyer, Luke and others},
  journal={arXiv preprint arXiv:2210.02875},
  year={2022}
}
@inproceedings{ni2023lever,
  title={Lever: Learning to verify language-to-code generation with execution},
  author={Ni, Ansong and Iyer, Srini and Radev, Dragomir and Stoyanov, Veselin and Yih, Wen-tau and Wang, Sida and Lin, Xi Victoria},
  booktitle={International Conference on Machine Learning},
  pages={26106--26128},
  year={2023},
  organization={PMLR}
}
@inproceedings{ye2023large,
  title={Large language models are versatile decomposers: Decomposing evidence and questions for table-based reasoning},
  author={Ye, Yunhu and Hui, Binyuan and Yang, Min and Li, Binhua and Huang, Fei and Li, Yongbin},
  booktitle={Proceedings of the 46th International ACM SIGIR Conference on Research and Development in Information Retrieval},
  pages={174--184},
  year={2023}
}

@article{abhyankar2024h,
  title={H-STAR: LLM-driven Hybrid SQL-Text Adaptive Reasoning on Tables},
  author={Abhyankar, Nikhil and Gupta, Vivek and Roth, Dan and Reddy, Chandan K},
  journal={arXiv preprint arXiv:2407.05952},
  year={2024}
}
@article{chen2022large,
  title={Large language models are few (1)-shot table reasoners},
  author={Chen, Wenhu},
  journal={arXiv preprint arXiv:2210.06710},
  year={2022}
}

@article{scheurer2023training,
  title={Training language models with language feedback at scale},
  author={Scheurer, J{\'e}r{\'e}my and Campos, Jon Ander and Korbak, Tomasz and Chan, Jun Shern and Chen, Angelica and Cho, Kyunghyun and Perez, Ethan},
  journal={arXiv preprint arXiv:2303.16755},
  year={2023}
}
@article{luo2023critique,
  title={Critique ability of large language models},
  author={Luo, Liangchen and Lin, Zi and Liu, Yinxiao and Shu, Lei and Zhu, Yun and Shang, Jingbo and Meng, Lei},
  journal={arXiv preprint arXiv:2310.04815},
  year={2023}
}
@article{zeng2023challenge,
  title={Challenge LLMs to Reason About Reasoning: A Benchmark to Unveil Cognitive Depth in LLMs},
  author={Zeng, Zhongshen and Chen, Pengguang and Jiang, Haiyun and Jia, Jiaya},
  journal={arXiv preprint arXiv:2312.17080},
  year={2023}
}
@article{renze2024self,
  title={Self-Reflection in LLM Agents: Effects on Problem-Solving Performance},
  author={Renze, Matthew and Guven, Erhan},
  journal={arXiv preprint arXiv:2405.06682},
  year={2024}
}
@article{zheng2023judging,
  title={Judging llm-as-a-judge with mt-bench and chatbot arena},
  author={Zheng, Lianmin and Chiang, Wei-Lin and Sheng, Ying and Zhuang, Siyuan and Wu, Zhanghao and Zhuang, Yonghao and Lin, Zi and Li, Zhuohan and Li, Dacheng and Xing, Eric and others},
  journal={Advances in Neural Information Processing Systems},
  volume={36},
  pages={46595--46623},
  year={2023}
}
@inproceedings{yan2024predicting,
  title={Predicting text preference via structured comparative reasoning},
  author={Yan, Jing Nathan and Liu, Tianqi and Chiu, Justin and Shen, Jiaming and Qin, Zhen and Yu, Yue and Lakshmanan, Charumathi and Kurzion, Yair and Rush, Alexander M and Liu, Jialu and others},
  booktitle={Proceedings of the 62nd Annual Meeting of the Association for Computational Linguistics (Volume 1: Long Papers)},
  pages={10040--10060},
  year={2024}
}
@article{xu2024perfect,
  title={The perfect blend: Redefining RLHF with mixture of judges},
  author={Xu, Tengyu and Helenowski, Eryk and Sankararaman, Karthik Abinav and Jin, Di and Peng, Kaiyan and Han, Eric and Nie, Shaoliang and Zhu, Chen and Zhang, Hejia and Zhou, Wenxuan and others},
  journal={arXiv preprint arXiv:2409.20370},
  year={2024}
}


@article{pasupat2015compositional,
  title={Compositional semantic parsing on semi-structured tables},
  author={Pasupat, Panupong and Liang, Percy},
  journal={arXiv preprint arXiv:1508.00305},
  year={2015}
}
@inproceedings{chen2019tabfact,
  author       = {Wenhu Chen and
                  Hongmin Wang and
                  Jianshu Chen and
                  Yunkai Zhang and
                  Hong Wang and
                  Shiyang Li and
                  Xiyou Zhou and
                  William Yang Wang},
  title        = {TabFact: {A} Large-scale Dataset for Table-based Fact Verification},
  booktitle    = {8th International Conference on Learning Representations, {ICLR} 2020,
                  Addis Ababa, Ethiopia, April 26-30, 2020},
  publisher    = {OpenReview.net},
  year         = {2020},
  url          = {https://openreview.net/forum?id=rkeJRhNYDH},
  timestamp    = {Mon, 03 Feb 2025 14:53:43 +0100},
  biburl       = {https://dblp.org/rec/conf/iclr/ChenWCZWLZW20.bib},
  bibsource    = {dblp computer science bibliography, https://dblp.org}
}

@article{wei2022chain,
  title={Chain-of-thought prompting elicits reasoning in large language models},
  author={Wei, Jason and Wang, Xuezhi and Schuurmans, Dale and Bosma, Maarten and Xia, Fei and Chi, Ed and Le, Quoc V and Zhou, Denny and others},
  journal={Advances in neural information processing systems},
  volume={35},
  pages={24824--24837},
  year={2022}
}
@article{lin2024criticbench,
  title={CriticBench: Benchmarking LLMs for Critique-Correct Reasoning},
  author={Lin, Zicheng and Gou, Zhibin and Liang, Tian and Luo, Ruilin and Liu, Haowei and Yang, Yujiu},
  journal={arXiv preprint arXiv:2402.14809},
  year={2024}
}

@article{chen2025c,
  title={C-3PO: Compact Plug-and-Play Proxy Optimization to Achieve Human-like Retrieval-Augmented Generation},
  author={Chen, Guoxin and Liao, Minpeng and Yu, Peiying and Wang, Dingmin and Qiao, Zile and Yang, Chao and Zhao, Xin and Fan, Kai},
  journal={arXiv preprint arXiv:2502.06205},
  year={2025}
}