@ARTICLE{10679228,
  author={Li, Jiahui and Sun, Geng and Wu, Qingqing and Niyato, Dusit and Kang, Jiawen and Jamalipour, Abbas and Leung, Victor C. M.},
  journal   = {IEEE J. Sel. Areas Commun.},
  title={Collaborative Ground-Space Communications via Evolutionary Multi-Objective Deep Reinforcement Learning}, 
  year={2024},
  volume={42},
  number={12},
  pages={3395-3411},
}

@Article{Bao2019astochastic,
  author  = {Xuecai Bao and Hao Liang and Yuan Liu and Fenghui Zhang},
  journal = {{IEEE} Internet Things J.},
  title   = {A Stochastic Game Approach for Collaborative Beamforming in SDN-Based Energy Harvesting Wireless Sensor Networks},
  year    = {2019},
  number  = {6},
  pages   = {9583--9595},
  volume  = {6},
}

@Article{Cui2020multi-agent,
  author  = {Jingjing Cui and Yuanwei Liu and Arumugam Nallanathan},
  journal = {{IEEE} Trans. Wirel. Commun.},
  title   = {Multi-Agent Reinforcement Learning-Based Resource Allocation for {UAV} Networks},
  year    = {2020},
  number  = {2},
  pages   = {729--743},
  volume  = {19},
}

@Article{Fu2021energy-efficient,
  author  = {Shu Fu and Yujie Tang and Yuan Wu and Ning Zhang and Huaxi Gu and Chen Chen and Min Liu},
  journal = {{IEEE} Internet Things J.},
  title   = {Energy-Efficient {UAV}-Enabled Data Collection via Wireless Charging: {A} Reinforcement Learning Approach},
  year    = {2021},
  number  = {12},
  pages   = {10209--10219},
  volume  = {8},
}

@Article{Gao2022coverage,
  author  = {Ning Gao and Le Liang and Donghong Cai and Xiao Li and Shi Jin},
  journal = {{IEEE} Internet Things J.},
  title   = {Coverage Control for {UAV} Swarm Communication Networks: {A} Distributed Learning Approach},
  year    = {2022},
  number  = {20},
  pages   = {19854--19867},
  volume  = {9},
}

@Article{Jung2022securityenergy,
  author  = {Haejoon Jung and In{-}Ho Lee and Jingon Joung},
  journal = {{IEEE} Trans. Veh. Technol.},
  title   = {Security Energy Efficiency Analysis of Analog Collaborative Beamforming With Stochastic Virtual Antenna Array of {UAV} Swarm},
  year    = {2022},
  number  = {8},
  pages   = {8381--8397},
  volume  = {71},
}

@Article{Lee2020aUAV-Mounted,
  author  = {Ju{-}Hyung Lee and Ki{-}Hong Park and Young{-}Chai Ko and Mohamed{-}Slim Alouini},
  journal = {{IEEE} Trans. Wirel. Commun.},
  title   = {A {UAV}-Mounted Free Space Optical Communication: Trajectory Optimization for Flight Time},
  year    = {2020},
  number  = {3},
  pages   = {1610--1621},
  volume  = {19},
}

@Article{Li2023multi-objective,
  author  = {Jiahui Li and Geng Sun and Lingjie Duan and Qingqing Wu},
  journal = {{IEEE} Trans. Mob. Comput.},
  title   = {Multi-Objective Optimization for {UAV} Swarm-Assisted IoT with Virtual Antenna Arrays},
  year    = {2023, early access, doi:10.1109/TMC.2023.3298888},
}

@Article{Liu2021resource,
  author  = {Lilan Liu and Zhizhong Zhang and Gonggui Chen and Haijun Zhang},
  journal = {{IEEE} Trans. Wirel. Commun.},
  title   = {Resource Management of Heterogeneous Cellular Networks With Hybrid Energy Supplies: {A} Multi-Objective Optimization Approach},
  year    = {2021},
  number  = {7},
  pages   = {4392--4405},
  volume  = {20},
}

@Article{Mozaffari2019communicationsandcontrol,
  author  = {Mohammad Mozaffari and Walid Saad and Mehdi Bennis and M{\'{e}}rouane Debbah},
  journal = {{IEEE} Trans. Commun.},
  title   = {Communications and Control for Wireless Drone-Based Antenna Array},
  year    = {2019},
  number  = {1},
  pages   = {820--834},
  volume  = {67},
}

@Article{Muhammad2021performance,
  author  = {Syed Muhammad Hashir and Arefe Mehrabi and Mohammad Robat Mili and Mohammad Javad Emadi and Derrick Wing Kwan Ng and Ioannis Krikidis},
  journal = {{IEEE} Trans. Veh. Technol.},
  title   = {Performance Trade-Off in {UAV}-Aided Wireless-Powered Communication Networks via Multi-Objective Optimization},
  year    = {2021},
  number  = {12},
  pages   = {13430--13435},
  volume  = {70},
}

@Article{Shafique2020end-to-end,
  author  = {Taniya Shafique and Hina Tabassum and Ekram Hossain},
  journal = {{IEEE} Trans. Commun.},
  title   = {End-to-End Energy-Efficiency and Reliability of {UAV}-Assisted Wireless Data Ferrying},
  year    = {2020},
  number  = {3},
  pages   = {1822--1837},
  volume  = {68},
}

@Article{Sun2021aoi-energy-aware,
  author  = {Mengying Sun and Xiaodong Xu and Xiaoqi Qin and Ping Zhang},
  journal = {{IEEE} Internet Things J.},
  title   = {AoI-Energy-Aware {UAV}-Assisted Data Collection for IoT Networks: {A} Deep Reinforcement Learning Method},
  year    = {2021},
  number  = {24},
  pages   = {17275--17289},
  volume  = {8},
}

@Article{Xu2020multiuser,
  author  = {Dongfang Xu and Yan Sun and Derrick Wing Kwan Ng and Robert Schober},
  journal = {{IEEE} Trans. Commun.},
  title   = {Multiuser {MISO} {UAV} Communications in Uncertain Environments With No-Fly Zones: Robust Trajectory and Resource Allocation Design},
  year    = {2020},
  number  = {5},
  pages   = {3153--3172},
  volume  = {68},
}

@Article{Yan2019agametheory,
  author  = {Shi Yan and Mugen Peng and Xueyan Cao},
  journal = {{IEEE} Internet Things J.},
  title   = {A Game Theory Approach for Joint Access Selection and Resource Allocation in {UAV} Assisted IoT Communication Networks},
  year    = {2019},
  number  = {2},
  pages   = {1663--1674},
  volume  = {6},
}

@Article{Zeng2021simultaneous,
  author  = {Yong Zeng and Xiaoli Xu and Shi Jin and Rui Zhang},
  journal = {{IEEE} Trans. Wirel. Commun.},
  title   = {Simultaneous Navigation and Radio Mapping for Cellular-Connected {UAV} With Deep Reinforcement Learning},
  year    = {2021},
  number  = {7},
  pages   = {4205--4220},
  volume  = {20},
}

@Article{Zhao2022multi-agent,
  author  = {Nan Zhao and Zhiyang Ye and Yiyang Pei and Ying{-}Chang Liang and Dusit Niyato},
  journal = {{IEEE} Trans. Wirel. Commun.},
  title   = {Multi-Agent Deep Reinforcement Learning for Task Offloading in {UAV}-Assisted Mobile Edge Computing},
  year    = {2022},
  number  = {9},
  pages   = {6949--6960},
  volume  = {21},
}

@Article{sun2022secure,
  author  = {Geng Sun and Jiahui Li and Aimin Wang and Qingqing Wu and Zemin Sun and Yanheng Liu},
  journal = {{IEEE} Trans. Commun.},
  title   = {Secure and Energy-Efficient {UAV} Relay Communications Exploiting Collaborative Beamforming},
  year    = {2022},
  number  = {8},
  pages   = {5401--5416},
  volume  = {70},
}

@Article{xu2021robust,
  author  = {Yongjun Xu and Zijian Liu and Chongwen Huang and Chau Yuen},
  journal = {{IEEE} Internet Things J.},
  title   = {Robust Resource Allocation Algorithm for Energy-Harvesting-Based {D2D} Communication Underlaying {UAV}-Assisted Networks},
  year    = {2021},
  number  = {23},
  pages   = {17161--17171},
  volume  = {8},
}

