@Article{mozaffari2019,
  author  = {Mohammad Mozaffari and Walid Saad and Mehdi Bennis and Young{-}Han Nam and M{\'{e}}rouane Debbah},
  journal = {{IEEE} Commun. Surv. Tutorials},
  title   = {A Tutorial on {UAV}s for Wireless Networks: Applications, Challenges, and Open Problems},
  year    = {2019},
  number  = {3},
  pages   = {2334--2360},
  volume  = {21},
}

@Article{azari2017,
  author  = {Mohammad Mahdi Azari and Fernando Rosas and Kwang{-}Cheng Chen and Sofie Pollin},
  journal = {{IEEE} Trans. Commun.},
  title   = {Ultra Reliable {UAV} Communication Using Altitude and Cooperation Diversity},
  year    = {2018},
  number  = {1},
  pages   = {330--344},
  volume  = {66},
}

@Article{zeng2019energy,
  author  = {Yong Zeng and Jie Xu and Rui Zhang},
  journal = {{IEEE} Trans. Wirel. Commun.},
  title   = {Energy Minimization for Wireless Communication With Rotary-Wing {UAV}},
  year    = {2019},
  number  = {4},
  pages   = {2329--2345},
  volume  = {18},
}

@Article{zeng2019accessing,
  author  = {Yong Zeng and Qingqing Wu and Rui Zhang},
  journal = {Proc. {IEEE}},
  title   = {Accessing From the Sky: {A} Tutorial on {UAV} Communications for 5G and Beyond},
  year    = {2019},
  number  = {12},
  pages   = {2327--2375},
  volume  = {107},
}

@InProceedings{xu2020prediction,
  author    = {Jie Xu and Yunsheng Tian and Pingchuan Ma and Daniela Rus and Shinjiro Sueda and Wojciech Matusik},
  booktitle = {Proc. {ICML}},
  title     = {Prediction-Guided Multi-Objective Reinforcement Learning for Continuous Robot Control},
  year      = {2020},
  pages     = {10607--10616},
  series    = {Proceedings of Machine Learning Research},
  volume    = {119},
}

@Article{Ferianimultiobjective,
  author  = {Amal Feriani and Di Wu and Yi Tian Xu and Jimmy Li and Seowoo Jang and Ekram Hossain and Xue Liu and Gregory Dudek},
  journal = {{IEEE} J. Sel. Areas Commun.},
  title   = {Multiobjective Load Balancing for Multiband Downlink Cellular Networks: {A} Meta- Reinforcement Learning Approach},
  year    = {2022},
  number  = {9},
  pages   = {2614--2629},
  volume  = {40},
}

@Article{schulman2017proximal,
  author  = {Schulman, John and Wolski, Filip and Dhariwal, Prafulla and Radford, Alec and Klimov, Oleg},
  journal = {arXiv preprint arXiv:1707.06347},
  title   = {Proximal policy optimization algorithms},
  year    = {2017},
}

@Article{song2022evolutionary,
  author  = {Song, Fuhong and Xing, Huanlai and Wang, Xinhan and Luo, Shouxi and Dai, Penglin and Xiao, Zhiwen and Zhao, Bowen},
  journal = {{IEEE} Trans. Mob. Comput.},
  title   = {Evolutionary Multi-Objective Reinforcement Learning Based Trajectory Control and Task Offloading in {UAV}-Assisted Mobile Edge Computing},
  year    = {2023, early access, doi:10.1109/TMC.2022.3208457},
}


@Article{tabassum2019fundamentals,
  author  = {Hina Tabassum and Mohammad Salehi and Ekram Hossain},
  journal = {{IEEE} Commun. Surv. Tutorials},
  title   = {Fundamentals of Mobility-Aware Performance Characterization of Cellular Networks: {A} Tutorial},
  year    = {2019},
  number  = {3},
  pages   = {2288--2308},
  volume  = {21},
}

@Article{schulz2018interactive,
  author  = {Schulz, Adriana and Wang, Harrison and Grinspun, Eitan and Solomon, Justin and Matusik, Wojciech},
  journal = {ACM Trans. Graph.},
  title   = {Interactive Exploration of Design Trade-Offs},
  year    = {2018},
  issn    = {0730-0301},
  number  = {4},
  pages   = {1--14},
  volume  = {37},
}

@Article{Cai2021AGrid-Based,
  author  = {Cai, Xinye and Xiao, Yushun and Li, Miqing and Hu, Han and Ishibuchi, Hisao and Li, Xiaoping},
  journal = {{IEEE} Trans. Evol. Comput.},
  title   = {A Grid-Based Inverted Generational Distance for Multi/Many-Objective Optimization},
  year    = {2021},
  number  = {1},
  pages   = {21-34},
  volume  = {25},
}

@Article{Shang2021ASurvey,
  author  = {Ke Shang and Hisao Ishibuchi and Linjun He and Lie Meng Pang},
  journal = {{IEEE} Trans. Evol. Comput.},
  title   = {A Survey on the Hypervolume Indicator in Evolutionary Multiobjective Optimization},
  year    = {2021},
  number  = {1},
  pages   = {1--20},
  volume  = {25},
}

@Article{Song2020AMultiobjective,
  author  = {Fuhong Song and Huanlai Xing and Shouxi Luo and Dawei Zhan and Penglin Dai and Rong Qu},
  journal = {{IEEE} Internet Things J.},
  title   = {A Multiobjective Computation Offloading Algorithm for Mobile-Edge Computing},
  year    = {2020},
  number  = {9},
  pages   = {8780--8799},
  volume  = {7},
}

@ARTICLE{liang2024multiobjective,
  author={Liang, Shuang and Yin, Minghao and Sun, Geng and Li, Jiahui},
  journal={{IEEE} Internet Things J.}, 
  title={Multiobjective Optimization Approach for Reducing Hovering and Motion Energy Consumptions in {UAV}-Assisted Collaborative Beamforming}, 
  year={2024},
  volume={11},
  number={4},
  pages={7198-7213},
}


@Article{liu2019distributed,
  author  = {Chi Harold Liu and Zipeng Dai and Yinuo Zhao and Jon Crowcroft and Dapeng Wu and Kin K. Leung},
  journal = {{IEEE} Trans. Mob. Comput.},
  title   = {Distributed and Energy-Efficient Mobile Crowdsensing with Charging Stations by Deep Reinforcement Learning},
  year    = {2021},
  number  = {1},
  pages   = {130--146},
  volume  = {20},
}

@Article{zhang2007moea,
  author  = {Qingfu Zhang and Hui Li},
  journal = {{IEEE} Trans. Evol. Comput.},
  title   = {{MOEA/D:} {A} Multiobjective Evolutionary Algorithm Based on Decomposition},
  year    = {2007},
  number  = {6},
  pages   = {712--731},
  volume  = {11},
}

@Article{xu2021robust,
  author  = {Yongjun Xu and Zijian Liu and Chongwen Huang and Chau Yuen},
  journal = {{IEEE} Internet Things J.},
  title   = {Robust Resource Allocation Algorithm for Energy-Harvesting-Based {D2D} Communication Underlaying {UAV}-Assisted Networks},
  year    = {2021},
  number  = {23},
  pages   = {17161--17171},
  volume  = {8},
}

@Article{Gao2022coverage,
  author  = {Ning Gao and Le Liang and Donghong Cai and Xiao Li and Shi Jin},
  journal = {{IEEE} Internet Things J.},
  title   = {Coverage Control for {UAV} Swarm Communication Networks: {A} Distributed Learning Approach},
  year    = {2022},
  number  = {20},
  pages   = {19854--19867},
  volume  = {9},
}

@Article{Lee2020aUAV-Mounted,
  author  = {Ju{-}Hyung Lee and Ki{-}Hong Park and Young{-}Chai Ko and Mohamed{-}Slim Alouini},
  journal = {{IEEE} Trans. Wirel. Commun.},
  title   = {A {UAV}-Mounted Free Space Optical Communication: Trajectory Optimization for Flight Time},
  year    = {2020},
  number  = {3},
  pages   = {1610--1621},
  volume  = {19},
}

@Article{Xu2020multiuser,
  author  = {Dongfang Xu and Yan Sun and Derrick Wing Kwan Ng and Robert Schober},
  journal = {{IEEE} Trans. Commun.},
  title   = {Multiuser {MISO} {UAV} Communications in Uncertain Environments With No-Fly Zones: Robust Trajectory and Resource Allocation Design},
  year    = {2020},
  number  = {5},
  pages   = {3153--3172},
  volume  = {68},
}

@Article{Yan2019agametheory,
  author  = {Shi Yan and Mugen Peng and Xueyan Cao},
  journal = {{IEEE} Internet Things J.},
  title   = {A Game Theory Approach for Joint Access Selection and Resource Allocation in {UAV} Assisted IoT Communication Networks},
  year    = {2019},
  number  = {2},
  pages   = {1663--1674},
  volume  = {6},
}

@Article{Mozaffari2019communicationsandcontrol,
  author  = {Mohammad Mozaffari and Walid Saad and Mehdi Bennis and M{\'{e}}rouane Debbah},
  journal = {{IEEE} Trans. Commun.},
  title   = {Communications and Control for Wireless Drone-Based Antenna Array},
  year    = {2019},
  number  = {1},
  pages   = {820--834},
  volume  = {67},
}

@Article{Bao2019astochastic,
  author  = {Xuecai Bao and Hao Liang and Yuan Liu and Fenghui Zhang},
  journal = {{IEEE} Internet Things J.},
  title   = {A Stochastic Game Approach for Collaborative Beamforming in SDN-Based Energy Harvesting Wireless Sensor Networks},
  year    = {2019},
  number  = {6},
  pages   = {9583--9595},
  volume  = {6},
}

@Article{Jung2022securityenergy,
  author  = {Haejoon Jung and In{-}Ho Lee and Jingon Joung},
  journal = {{IEEE} Trans. Veh. Technol.},
  title   = {Security Energy Efficiency Analysis of Analog Collaborative Beamforming With Stochastic Virtual Antenna Array of {UAV} Swarm},
  year    = {2022},
  number  = {8},
  pages   = {8381--8397},
  volume  = {71},
}

@Article{Muhammad2021performance,
  author  = {Syed Muhammad Hashir and Arefe Mehrabi and Mohammad Robat Mili and Mohammad Javad Emadi and Derrick Wing Kwan Ng and Ioannis Krikidis},
  journal = {{IEEE} Trans. Veh. Technol.},
  title   = {Performance Trade-Off in {UAV}-Aided Wireless-Powered Communication Networks via Multi-Objective Optimization},
  year    = {2021},
  number  = {12},
  pages   = {13430--13435},
  volume  = {70},
}

@Article{Liu2021resource,
  author  = {Lilan Liu and Zhizhong Zhang and Gonggui Chen and Haijun Zhang},
  journal = {{IEEE} Trans. Wirel. Commun.},
  title   = {Resource Management of Heterogeneous Cellular Networks With Hybrid Energy Supplies: {A} Multi-Objective Optimization Approach},
  year    = {2021},
  number  = {7},
  pages   = {4392--4405},
  volume  = {20},
}

@Article{Li2023multi-objective,
  author  = {Jiahui Li and Geng Sun and Lingjie Duan and Qingqing Wu},
  journal = {{IEEE} Trans. Mob. Comput.},
  title   = {Multi-Objective Optimization for {UAV} Swarm-Assisted IoT with Virtual Antenna Arrays},
  year    = {2023, early access, doi:10.1109/TMC.2023.3298888},
}

@Article{Shafique2020end-to-end,
  author  = {Taniya Shafique and Hina Tabassum and Ekram Hossain},
  journal = {{IEEE} Trans. Commun.},
  title   = {End-to-End Energy-Efficiency and Reliability of {UAV}-Assisted Wireless Data Ferrying},
  year    = {2020},
  number  = {3},
  pages   = {1822--1837},
  volume  = {68},
}

@Article{Sun2021aoi-energy-aware,
  author  = {Mengying Sun and Xiaodong Xu and Xiaoqi Qin and Ping Zhang},
  journal = {{IEEE} Internet Things J.},
  title   = {AoI-Energy-Aware {UAV}-Assisted Data Collection for IoT Networks: {A} Deep Reinforcement Learning Method},
  year    = {2021},
  number  = {24},
  pages   = {17275--17289},
  volume  = {8},
}

@Article{Cui2020multi-agent,
  author  = {Jingjing Cui and Yuanwei Liu and Arumugam Nallanathan},
  journal = {{IEEE} Trans. Wirel. Commun.},
  title   = {Multi-Agent Reinforcement Learning-Based Resource Allocation for {UAV} Networks},
  year    = {2020},
  number  = {2},
  pages   = {729--743},
  volume  = {19},
}

@Article{Fu2021energy-efficient,
  author  = {Shu Fu and Yujie Tang and Yuan Wu and Ning Zhang and Huaxi Gu and Chen Chen and Min Liu},
  journal = {{IEEE} Internet Things J.},
  title   = {Energy-Efficient {UAV}-Enabled Data Collection via Wireless Charging: {A} Reinforcement Learning Approach},
  year    = {2021},
  number  = {12},
  pages   = {10209--10219},
  volume  = {8},
}

@Article{Zeng2021simultaneous,
  author  = {Yong Zeng and Xiaoli Xu and Shi Jin and Rui Zhang},
  journal = {{IEEE} Trans. Wirel. Commun.},
  title   = {Simultaneous Navigation and Radio Mapping for Cellular-Connected {UAV} With Deep Reinforcement Learning},
  year    = {2021},
  number  = {7},
  pages   = {4205--4220},
  volume  = {20},
}

@Article{Zhao2022multi-agent,
  author  = {Nan Zhao and Zhiyang Ye and Yiyang Pei and Ying{-}Chang Liang and Dusit Niyato},
  journal = {{IEEE} Trans. Wirel. Commun.},
  title   = {Multi-Agent Deep Reinforcement Learning for Task Offloading in {UAV}-Assisted Mobile Edge Computing},
  year    = {2022},
  number  = {9},
  pages   = {6949--6960},
  volume  = {21},
}

@Article{9209079,
  author  = {Liang Wang and Kezhi Wang and Cunhua Pan and Wei Xu and Nauman Aslam and Lajos Hanzo},
  journal = {{IEEE} Trans. Cogn. Commun. Netw.},
  title   = {Multi-Agent Deep Reinforcement Learning-Based Trajectory Planning for Multi-{UAV} Assisted Mobile Edge Computing},
  year    = {2021},
  number  = {1},
  pages   = {73--84},
  volume  = {7},
}

@InProceedings{Coello2002MOPSO,
  author    = {Carlos A. Coello Coello and Maximino Salazar Lechuga},
  booktitle = {Proc. of the 2002 Congress on Evolutionary Computation, {CEC}},
  title     = {{MOPSO:} a proposal for multiple objective particle swarm optimization},
  year      = {2002},
  pages     = {1051--1056},
}

@Article{Yuan2021trajectory,
  author  = {Xiaopeng Yuan and Tianyu Yang and Yulin Hu and Jie Xu and Anke Schmeink},
  journal = {{IEEE} Trans. Wirel. Commun.},
  title   = {Trajectory Design for {UAV}-Enabled Multiuser Wireless Power Transfer With Nonlinear Energy Harvesting},
  year    = {2021},
  number  = {2},
  pages   = {1105--1121},
  volume  = {20},
}

@Article{Duo2020energy,
  author  = {Bin Duo and Qingqing Wu and Xiaojun Yuan and Rui Zhang},
  journal = {{IEEE} Trans. Veh. Technol.},
  title   = {Energy Efficiency Maximization for Full-Duplex {UAV} Secrecy Communication},
  year    = {2020},
  number  = {4},
  pages   = {4590--4595},
  volume  = {69},
}

@Article{Yao2020Joint3D,
  author  = {Jianping Yao and Jie Xu},
  journal = {{IEEE} Trans. Wirel. Commun.},
  title   = {Joint 3D Maneuver and Power Adaptation for Secure {UAV} Communication With CoMP Reception},
  year    = {2020},
  number  = {10},
  pages   = {6992--7006},
  volume  = {19},
}

@Article{li2023TON,
  author  = {Jiahui Li and Geng Sun and Hui Kang and Aimin Wang and Shuang Liang and Yanheng Liu and Ying Zhang},
  journal = {{IEEE/ACM} Trans. Netw.},
  title   = {Multi-Objective Optimization Approaches for Physical Layer Secure Communications Based on Collaborative Beamforming in {UAV} Networks},
  year    = {2023},
  number  = {4},
  pages   = {1902--1917},
  volume  = {31},
}

@Article{jayaprakasam2017,
  author    = {Suhanya Jayaprakasam and Sharul Kamal Abdul Rahim and Chee Yen Leow},
  journal   = {{IEEE} Commun. Surv. Tutorials},
  title     = {Distributed and Collaborative Beamforming in Wireless Sensor Networks: Classifications, Trends, and Research Directions},
  year      = {2017},
  number    = {4},
  pages     = {2092--2116},
  volume    = {19},
}

@Article{Chen2024information,
  author    = {Geng Chen and Shuhu Qi and Fei Shen and Qingtian Zeng and Yudong Zhang},
  journal   = {{IEEE} J. Sel. Areas Commun.},
  title     = {Information-Aware Driven Dynamic {LEO-RAN} Slicing Algorithm Joint With Communication, Computing, and Caching},
  year      = {2024},
  number    = {5},
  pages     = {1044--1062},
  volume    = {42},
}

@Article{Yoon2020rendezvous,
  author    = {JinYi Yoon and A.{-}Hyun Lee and HyungJune Lee},
  journal   = {{IEEE} Trans. Veh. Technol.},
  title     = {Rendezvous: Opportunistic Data Delivery to Mobile Users by UAVs Through Target Trajectory Prediction},
  year      = {2020},
  number    = {2},
  pages     = {2230--2245},
  volume    = {69},
}

@Article{Nikooroo2022optimal,
  author    = {Mohammadsaleh Nikooroo and Zdenek Becvar},
  journal   = {{IEEE} Trans. Wirel. Commun.},
  title     = {Optimal Positioning of Flying Base Stations and Transmission Power Allocation in {NOMA} Networks},
  year      = {2022},
  number    = {2},
  pages     = {1319--1334},
  volume    = {21},
}

@Article{Shang2024learning,
  author    = {Ke Shang and Tianye Shu and Hisao Ishibuchi},
  journal   = {{IEEE} Trans. Evol. Comput.},
  title     = {Learning to Approximate: Auto Direction Vector Set Generation for Hypervolume Contribution Approximation},
  year      = {2024},
  number    = {1},
  pages     = {105--116},
  volume    = {28},
}

@Article{Ferdowsi2021neural,
  author={Ferdowsi, Aidin and Abd-Elmagid, Mohamed A. and Saad, Walid and Dhillon, Harpreet S.},
  journal={{IEEE} J. Sel. Areas Commun.}, 
  title={Neural Combinatorial Deep Reinforcement Learning for Age-Optimal Joint Trajectory and Scheduling Design in UAV-Assisted Networks}, 
  year={2021},
  volume={39},
  number={5},
}

@ARTICLE{8682048,
  author={Shakhatreh, Hazim and Sawalmeh, Ahmad H. and Al-Fuqaha, Ala and Dou, Zuochao and Almaita, Eyad and Khalil, Issa and Othman, Noor Shamsiah and Khreishah, Abdallah and Guizani, Mohsen},
  journal={IEEE Access}, 
  title={Unmanned Aerial Vehicles {(UAVs)}: {A} Survey on Civil Applications and Key Research Challenges}, 
  year={2019},
  volume={7},
  number={},
  pages={48572-48634},
}

@InProceedings{Jayaweera2021,
  author    = {Herath M. P. C. Jayaweera and Samer Hanoun},
  title     = {Real-time Obstacle Avoidance for Unmanned Aerial Vehicles {(UAVs)}},
  booktitle = {2021 IEEE International Conference on Systems, Man, and Cybernetics (SMC)},
  year      = {2021},
  pages     = {2622--2627},
  address   = {Melbourne, Australia},
  month     = {October 17-20},
  publisher = {IEEE},
}

@Article{Falconer1995,
  author    = {David D. Falconer and Fumiyuki Adachi and Bj{\"{o}}rn Gudmundson},
  journal   = {{IEEE} Commun. Mag.},
  title     = {Time division multiple access methods for wireless personal communications},
  year      = {1995},
  number    = {1},
  pages     = {50--57},
  volume    = {33},
}

@Article{Dahrouj2010,
  author    = {Hayssam Dahrouj and Wei Yu},
  journal   = {{IEEE} Trans. Wirel. Commun.},
  title     = {Coordinated beamforming for the multicell multi-antenna wireless system},
  year      = {2010},
  number    = {5},
  pages     = {1748--1759},
  volume    = {9},
}

@Article{Javed2023,
  author    = {Muhammad Yasir Javed and Nuutti Tervo and Marko E. Leinonen and Aarno P{\"{a}}rssinen},
  journal   = {{IEEE} Trans. Veh. Technol.},
  title     = {Wideband Inter-Beam Interference Cancellation for {mmW/Sub-THz} Phased Arrays With Squint},
  year      = {2023},
  number    = {6},
  pages     = {7560--7572},
  volume    = {72},
}


@inproceedings{Nievergelt2000,
  author    = {J{\"u}rg Nievergelt},
  title     = {Exhaustive Search, Combinatorial Optimization and Enumeration: Exploring the Potential of Raw Computing Power},
  booktitle = {SOFSEM 2000: Theory and Practice of Informatics, 27th Conference on Current Trends in Theory and Practice of Informatics},
  address   = {Milovy, Czech Republic},
  month     = {November 25--December 2},
  pages     = {18--35},
  publisher = {Springer},
  volume    = {1963},
  year      = {2000},
}




@book{boyd2004convex,
  title={Convex optimization},
  author={Boyd, Stephen and Vandenberghe, Lieven},
  year={2004},
  publisher={Cambridge university press}
}

@Article{Bliss2014,
  author    = {Catherine A. Bliss and Morgan R. Frank and Christopher M. Danforth and Peter Sheridan Dodds},
  journal   = {J. Comput. Sci.},
  title     = {An evolutionary algorithm approach to link prediction in dynamic social networks},
  year      = {2014},
  number    = {5},
  pages     = {750--764},
  volume    = {5},
}

@article{nikolos2003evolutionary,
  title={Evolutionary algorithm based offline/online path planner for {UAV} navigation},
  author={Nikolos, Ioannis K and Valavanis, Kimon P and Tsourveloudis, Nikos C and Kostaras, Anargyros N},
  journal={IEEE Transactions on Systems, Man, and Cybernetics, Part B (Cybernetics)},
  volume={33},
  number={6},
  pages={898--912},
  year={2003},
  publisher={IEEE}
}

@Article{Nguyen2020,
  author    = {Thanh Thi Nguyen and Ngoc Duy Nguyen and Saeid Nahavandi},
  journal   = {{IEEE} Trans. Cybern.},
  title     = {Deep Reinforcement Learning for Multiagent Systems: {A} Review of Challenges, Solutions, and Applications},
  year      = {2020},
  number    = {9},
  pages     = {3826--3839},
  volume    = {50},
}

@article{guo2022real,
  title={Real-time optimal energy management of microgrid with uncertainties based on deep reinforcement learning},
  author={Guo, Chenyu and Wang, Xin and Zheng, Yihui and Zhang, Feng},
  journal={Energy},
  volume={238},
  pages={121873},
  year={2022},
  publisher={Elsevier}
}

@Article{Zhang2021,
  author    = {Wenqi Zhang and Qiang Wang and Xiao Liu and Yuanwei Liu and Yue Chen},
  journal   = {{IEEE} Trans. Veh. Technol.},
  title     = {Three-Dimension Trajectory Design for Multi-{UAV} Wireless Network With Deep Reinforcement Learning},
  year      = {2021},
  number    = {1},
  pages     = {600--612},
  volume    = {70},
}

@Article{Mei2022,
  author    = {Haibo Mei and Kun Yang and Qiang Liu and Kezhi Wang},
  journal   = {{IEEE} Trans. Veh. Technol.},
  title     = {{3D}-Trajectory and Phase-Shift Design for {RIS}-Assisted {UAV} Systems Using Deep Reinforcement Learning},
  year      = {2022},
  number    = {3},
  pages     = {3020--3029},
  volume    = {71},
}

@Article{Bayerlein2021,
  author    = {Harald Bayerlein and Mirco Theile and Marco Caccamo and David Gesbert},
  journal   = {{IEEE} Open J. Commun. Soc.},
  title     = {Multi-{UAV} Path Planning for Wireless Data Harvesting With Deep Reinforcement Learning},
  year      = {2021},
  pages     = {1171--1187},
  volume    = {2},
}

@Article{Li2020a,
  author    = {Bohao Li and Yunjie Wu},
  journal   = {{IEEE} Access},
  title     = {Path Planning for {UAV} Ground Target Tracking via Deep Reinforcement Learning},
  year      = {2020},
  pages     = {29064--29074},
  volume    = {8},
}

@ARTICLE{10629203,
  author={Wang, Pengfei and Yang, Hao and Han, Guangjie and Yu, Ruiyun and Yang, Leyou and Sun, Geng and Qi, Heng and Wei, Xiaopeng and Zhang, Qiang},
  journal={IEEE Transactions on Mobile Computing}, 
  title={Decentralized Navigation With Heterogeneous Federated Reinforcement Learning for {UAV}-Enabled Mobile Edge Computing}, 
  year={2024},
  volume={23},
  number={12},
  pages={13621-13638},
}

@ARTICLE{10574401,
  author={Liu, Saichao and Sun, Geng and Li, Jiahui and Liang, Shuang and Wu, Qingqing and Wang, Pengfei and Niyato, Dusit},
  journal={IEEE Transactions on Mobile Computing}, 
  title={{UAV}-Enabled Collaborative Beamforming via Multi-Agent Deep Reinforcement Learning}, 
  year={2024},
  volume={23},
  number={12},
  pages={13015-13032},
}

@ARTICLE{10275021,
  author={Ren, Zhe and Li, Xinghua and Miao, Yinbin and Li, Zhuowen and Wang, Zihao and Zhu, Mengyao and Liu, Ximeng and Deng, Robert H.},
  journal={IEEE Transactions on Mobile Computing}, 
  title={Intelligent Adaptive Gossip-Based Broadcast Protocol for {UAV-MEC} Using Multi-Agent Deep Reinforcement Learning}, 
  year={2024},
  volume={23},
  number={6},
  pages={6563-6578},
}

@Article{Zhuang2021,
  author    = {Fuzhen Zhuang and Zhiyuan Qi and Keyu Duan and Dongbo Xi and Yongchun Zhu and Hengshu Zhu and Hui Xiong and Qing He},
  journal   = {Proc. {IEEE}},
  title     = {A Comprehensive Survey on Transfer Learning},
  year      = {2021},
  number    = {1},
  pages     = {43--76},
  volume    = {109},
}

@ARTICLE{10679228,
  author={Li, Jiahui and Sun, Geng and Wu, Qingqing and Niyato, Dusit and Kang, Jiawen and Jamalipour, Abbas and Leung, Victor C. M.},
  journal   = {IEEE J. Sel. Areas Commun.},
  title={Collaborative Ground-Space Communications via Evolutionary Multi-Objective Deep Reinforcement Learning}, 
  year={2024},
  volume={42},
  number={12},
  pages={3395-3411},
}

@Article{Wang2018,
  author    = {Rui Wang and Zhongbao Zhou and Hisao Ishibuchi and Tianjun Liao and Tao Zhang},
  journal   = {{IEEE} Trans. Evol. Comput.},
  title     = {Localized Weighted Sum Method for Many-Objective Optimization},
  year      = {2018},
  number    = {1},
  pages     = {3--18},
  volume    = {22},
}

@article{pirouz2016computational,
  title={A computational approach based on the $\varepsilon$-constraint method in multi-objective optimization problems},
  author={Pirouz, Behzad and Khorram, Esmaile},
  journal={Adv. Appl. Stat},
  volume={49},
  number={6},
  pages={453--483},
  year={2016}
}

@Article{Xu2023,
  author    = {Zhe Xu and Xiangming Zheng and Jianjiang Zhou},
  journal   = {Phys. Commun.},
  title     = {Optimization design of collaborative beamforming for heterogeneous {UAV} swarm},
  year      = {2023},
  pages     = {102202},
  volume    = {61},
}

@Article{Sun2023,
  author    = {Jianfei Sun and Guowen Xu and Tianwei Zhang and Xuehuan Yang and Mamoun Alazab and Robert H. Deng},
  journal   = {{IEEE} Trans. Inf. Forensics Secur.},
  title     = {Privacy-Aware and Security-Enhanced Efficient Matchmaking Encryption},
  year      = {2023},
  pages     = {4345--4360},
  volume    = {18},
}

@ARTICLE{10607924,
  author={Sun, Jianfei and Bao, Yangyang and Qiu, Weidong and Lu, Rongxing and Zhang, Songnian and Guan, Yunguo and Cheng, Xiaochun},
  journal={IEEE Trans. Depend. Secure Comput.},
  title={Privacy-preserving Fine-grained Data Sharing with Dynamic Service for the Cloud-edge {IoT}},
  year={2024},
  note={Early Access, doi: 10.1109/TDSC.2024.3432650},
}

@Article{Guo2024,
  author    = {Delin Guo and Lan Tang and Xinggan Zhang and Ying{-}Chang Liang},
  journal   = {{IEEE} Trans. Mob. Comput.},
  title     = {Joint Optimization of Trajectory and Jamming Power for Multiple UAV-Aided Proactive Eavesdropping},
  year      = {2024},
  number    = {5},
  pages     = {5770--5785},
  volume    = {23},
}

@article{fasano2015radar,
  title={Radar/electro-optical data fusion for non-cooperative UAS sense and avoid},
  author={Fasano, Giancarmine and Accardo, Domenico and Tirri, Anna Elena and Moccia, Antonio and De Lellis, Ettore},
  journal={Aerospace Science and Technology},
  volume={46},
  pages={436--450},
  year={2015},
  publisher={Elsevier}
}

@InProceedings{Minturn2013,
  author    = {Andrew Minturn and Deepraj Vernekar and Yaoqing (Lamar) Yang and Hamid Sharif},
  booktitle = {Proc. {IEEE} {ICC}},
  title     = {Distributed beamforming with imperfect phase synchronization for cognitive radio networks},
  year      = {2013},
  pages     = {4936--4940},
}

@Article{Jung2021,
  author    = {Haejoon Jung and Seung{-}Woo Ko and In{-}Ho Lee},
  journal   = {{IEEE} Trans. Veh. Technol.},
  title     = {Secure Transmission Using Linearly Distributed Virtual Antenna Array With Element Position Perturbations},
  year      = {2021},
  number    = {1},
  pages     = {474--489},
}

@ARTICLE{Li2015Performance,
  author={Li, Xun and Zhou, Jinzhu and Duan, Baoyan and Yang, Yang and Zhang, Yiqun and Fan, Jianyu},
  journal={{IEEE} Antennas Wirel. Propag. Lett.}, 
  title={Performance of Planar Arrays for Microwave Power Transmission With Position Errors}, 
  year={2015},
  volume={14},
  pages={1794-1797},
}

@Article{sun2022secure,
  author  = {Geng Sun and Jiahui Li and Aimin Wang and Qingqing Wu and Zemin Sun and Yanheng Liu},
  journal = {{IEEE} Trans. Commun.},
  title   = {Secure and Energy-Efficient {UAV} Relay Communications Exploiting Collaborative Beamforming},
  year    = {2022},
  number  = {8},
  pages   = {5401--5416},
  volume  = {70},
}

@InProceedings{li2021physical,
  author    = {Li, Jiahui and Kang, Hui and Sun, Geng and Liang, Shuang and Liu, Yanheng and Zhang, Ying},
  booktitle = {Proc. {IEEE} {INFOCOM}},
  title     = {Physical Layer Secure Communications Based on Collaborative Beamforming for {UAV} Networks: A Multi-objective Optimization Approach},
  year      = {2021},
  pages     = {1-10},
}

@Article{Sun2024,
  author    = {Geng Sun and Xiaoya Zheng and Zemin Sun and Qingqing Wu and Jiahui Li and Yanheng Liu and Victor C. M. Leung},
  journal   = {{IEEE} Trans. Mob. Comput.},
  title     = {{UAV}-Enabled Secure Communications via Collaborative Beamforming With Imperfect Eavesdropper Information},
  year      = {2024},
  number    = {4},
  pages     = {3291--3308},
  volume    = {23},
}

@Article{Zhang2024,
  author    = {Chuang Zhang and Geng Sun and Qingqing Wu and Jiahui Li and Shuang Liang and Dusit Niyato and Victor C. M. Leung},
  journal   = {{IEEE} Trans. Mob. Comput.},
  title     = {{UAV} Swarm-Enabled Collaborative Secure Relay Communications With Time-Domain Colluding Eavesdropper},
  year      = {2024},
  number    = {9},
  pages     = {8601--8619},
  volume    = {23},
}

@ARTICLE{ZhangSurvey,
  author={Zhang, Jifa and Lu, Weidang and Xing, Chengwen and Zhao, Nan and Al-Dhahir, Naofal and  Karagiannidis, G. K.},
  journal={Sci. China Inf. Sci.},
  title={Intelligent integrated sensing and communication: a survey},
  year={Mar.~2025},
  volume={68},
  number={3},
  pages={Art. no. 131301}
}

@Comment{jabref-meta: databaseType:bibtex;}
