@electronic{ENTSO-E,
title     = "ENTSO-E's views on Offshore Development",
url       = "https://www.entsoe.eu/outlooks/offshore-development/",
year=2022
}

@ARTICLE{Misyris2022,
  author={Misyris, Georgios S. and Tosatto, Andrea and Chatzivasileiadis, Spyros and Weckesser, Tilman},
  journal=IEEE_J_PWRS, 
  title={Zero-Inertia Offshore Grids: N-1 Security and Active Power Sharing}, 
  year={2022},
  volume={37},
  number={3},
  pages={2052-2062},
  month=may}

@ARTICLE{Ludois2014,
  author={Ludois, Daniel C. and Venkataramanan, Giri},
  journal=IEEE_J_PWRE, 
  title={Simplified Terminal Behavioral Model for a Modular Multilevel Converter}, 
  year={2014},
  volume={29},
  number={4},
  pages={1622-1631},
  month=apr}

@Techreport{CIGRE575,
author={Kai Strunz and Ehsan Abbasi and Chad Abbey and Christophe Andrieu and
Udaya Annakkage and Stefano Barsali and Ryan C. Campbell and Robert Fletcher and Feng
Gao and Trevor Gaunt and Ani Gole and Nikos Hatziargyriou and Reza Iravani and Géza
Joos and Hiroo Konishi and Maren Kuschke and Erkki Lakervi and {Chen-Ching} Liu and Jean
Mahseredjian and Farid Mosallat and Dharshana Muthumuni and Antje Orths and Stavros
Papathanassiou and Krzysztof Rudion and Zbigniew Styczynski and Suresh C. Verma},
title={Benchmark Systems for Network Integration of Renewable and Distributed Energy Resources},
howpublished={Task Force C6.04},
institution={CIGRE},
address={Paris, France},
number={575},
type={Technical Brochure},
year=2014
}



@techreport{CIGRE,
author={Randy Wachal and Amit Jindal and Sebastien Dennetiere and Hani Saad and Oyvind Rui and Stijn Cole and Mike Barnes and Lidong Zhang and Ziming Song and Jose Jardini and Juan Carlos Garcia and Farid Mosallat and Hiranya Suriyaarachich and Phillipe Le-Huy and Anthony Totterdell and Lorenzo Zeni and Sameh Kodsi and Tiku Deepak and Pakorn Thepparat and Tony Beddard and Juan Velasquez and Salvatore D'Arco and Ana Morales and Yoshiyuki Kono and Til Kristian Vrana and Yongtao Yang},
title={Guide for the Development of Models for HVDC Converters in a HVDC Grid},
howpublished={Working Group B4.57},
institution={CIGRE},
number=604,
type={Technical Brochure},
year=2014,
month=dec
}

@ARTICLE{Dominic2022,
  author={Groß, Dominic and Sánchez-Sánchez, Enric and Prieto-Araujo, Eduardo and Gomis-Bellmunt, Oriol},
  journal=IEEE_J_PWRD, 
  title={Dual-Port Grid-Forming Control of MMCs and Its Applications to Grids of Grids}, 
  year={2022},
  volume={37},
  number={6},
  pages={4721-4735},
  month=dec}

  @ARTICLE{Soler2023,
  author={Arévalo Soler, Josep and Groß, Dominic and Araujo, Eduardo Prieto and Bellmunt, Oriol Gomis},
  journal=IEEE_J_PWRD, 
  title={Interconnecting power converter control role assignment in grids with multiple AC and DC subgrids}, 
  year={to be published},
  doi={10.1109/TPWRD.2023.3236977}}

@ARTICLE{Sanchez2020,
  author={Sánchez-Sánchez, Enric and Groß, Dominic and Prieto-Araujo, Eduardo and Dörfler, Florian and Gomis-Bellmunt, Oriol},
  journal=IEEE_J_PWRD,
  title={Optimal Multivariable MMC Energy-Based Control for DC Voltage Regulation in HVDC Applications}, 
  year={2020},
  volume={35},
  number={2},
  pages={999-1009},
  month=apr}



@ARTICLE{Lingwen2014,
  author={Gan, Lingwen and Low, Steven H.},
  journal=IEEE_J_PWRS, 
  title={Optimal Power Flow in Direct Current Networks}, 
  year={2014},
  volume={29},
  number={6},
  pages={2892-2904},
  month=nov}

  @ARTICLE{Kjetil2012,
  author={Haileselassie, Temesgen M. and Uhlen, Kjetil},
  journal=IEEE_J_PWRS, 
  title={Impact of DC Line Voltage Drops on Power Flow of MTDC Using Droop Control}, 
  year={2012},
  volume={27},
  number={3},
  pages={1441-1449},
  month=aug}
  
@ARTICLE{Beerten2013,
  author={Beerten, Jef and Belmans, Ronnie},
  journal=IEEE_J_PWRS, 
  title={Analysis of Power Sharing and Voltage Deviations in Droop-Controlled DC Grids}, 
  year={2013},
  volume={28},
  number={4},
  pages={4588-4597},
  month=nov}

  @ARTICLE{Jabr2021,
  author={Jabr, Rabih A.},
  journal=IEEE_J_PWRS, 
  title={Mixed-Integer Convex Optimization for DC Microgrid Droop Control}, 
  year={2021},
  volume={36},
  number={6},
  pages={5901-5908},
  month=nov}

  @ARTICLE{Abdelwahed2017,
  author={Abdelwahed, Mohamed Abdelaziz and El-Saadany, Ehab F.},
  journal=IEEE_J_STE, 
  title={Power Sharing Control Strategy of Multiterminal VSC-HVDC Transmission Systems Utilizing Adaptive Voltage Droop}, 
  year={2017},
  volume={8},
  number={2},
  pages={605-615},
  month=apr}

  @INPROCEEDINGS{Spiros2022,
  author={Chapaloglou, Spyridon and Abdolmaleki, Babak and Tedeschi, Elisabetta},
  booktitle={2022 Second International Conference on Sustainable Mobility Applications, Renewables and Technology (SMART)}, 
  title={Optimal Sizing and Placement of Droop-based Converters in DC Microgrids With ZIP Loads}, 
  year={2022},
  address={Cassino, Italy},
  month=nov}

  
@Article{Spiros2023,
AUTHOR = {Chapaloglou, Spyridon and Abdolmaleki, Babak and Tedeschi, Elisabetta},
TITLE = {Optimal Generation Capacity Allocation and Droop Control Design for Current Sharing in DC Microgrids},
JOURNAL = {Energies},
VOLUME = {16},
YEAR = {2023},
NUMBER = {12},
ARTICLE-NUMBER = {4583}
}





@article{Alvarez2015,
title = {Hierarchical power control of multiterminal HVDC grids},
journal = {Electric Power Systems Research},
volume = {121},
pages = {207-215},
year = {2015},
month=apr,
author = {Agustí Egea-Alvarez and Jef Beerten and Dirk {Van Hertem} and Oriol Gomis-Bellmunt},
}
%%%%%%%%% Literature %%%%%%%%%%%

@ARTICLE{Zhang2022,
  author={Zhang, Yuanshi and Shotorbani, Amin Mohammadpour and Wang, Liwei and Li, Wei},
  journal=IEEE_J_PWRD, 
  title={A Combined Hierarchical and Autonomous DC Grid Control for Proportional Power Sharing With Minimized Voltage Variation and Transmission Loss}, 
  year={2022},
  volume={37},
  number={4},
  pages={3213-3224},
  month=aug}

  @ARTICLE{Xie2023,
  author={Xie, Xingfeng and Quan, Xiang Jun and Wu, Zai Jun and Cao, Xiaoyong and Hu, Wenqiang and Dou, Xiaobo and Hu, Qinran},
  journal=IEEE_J_SG, 
  title={A Novel Peer-to-Peer Control Strategy for Multiterminal DC Distribution Systems}, 
  year={2023},
  volume={14},
  number={1},
  pages={785-797},
  month=jan}

    @ARTICLE{Papangelis2017,
  author={Papangelis, Lampros and Debry, Marie-Sophie and Panciatici, Patrick and Van Cutsem, Thierry},
  journal=IEEE_J_PWRS, 
  title={Coordinated Supervisory Control of Multi-Terminal HVDC Grids: A Model Predictive Control Approach}, 
  year={2017},
  volume={32},
  number={6},
  pages={4673-4683},
  month=nov}
  
  @ARTICLE{Eriksson2018,
  author={Eriksson, Robert},
  journal=IEEE_J_PWRS,  
  title={Current Sharing in Multiterminal DC Grids—The Analytical Approach}, 
  year={2018},
  volume={33},
  number={6},
  pages={6278-6288},
  month=nov}


    @ARTICLE{Gavriluta2015,
  author={Gavriluta, Catalin and Candela, Ignacio and Luna, Alvaro and Gomez-Exposito, Antonio and Rodriguez, Pedro},
  journal=IEEE_J_SG, 
  title={Hierarchical Control of HV-MTDC Systems With Droop-Based Primary and OPF-Based Secondary}, 
  year={2015},
  volume={6},
  number={3},
  pages={1502-1510},
  month=may}
  
  @ARTICLE{Li2018,
  author={Li, Xialin and Guo, Li and Hong, Chao and Zhang, Ye and Li, Yun Wei and Wang, Chengshan},
  journal=IEEE_J_STE, 
  title={Hierarchical Control of Multiterminal DC Grids for Large-Scale Renewable Energy Integration}, 
  year={2018},
  volume={9},
  number={3},
  pages={1448-1457},
  month=jul}

    @ARTICLE{Zhang2021,
  author={Zhang, Yuanshi and Meng, Xuekun and Shotorbani, Amin Mohammadpour and Wang, Liwei},
  journal=IEEE_J_PWRS, 
  title={Minimization of AC-DC Grid Transmission Loss and DC Voltage Deviation Using Adaptive Droop Control and Improved AC-DC Power Flow Algorithm}, 
  year={2021},
  volume={36},
  number={1},
  pages={744-756},
  month=jan}

    @ARTICLE{Shinoda2022,
  author={Shinoda, Kosei and Benchaib, Abdelkrim and Dai, Jing and Guillaud, Xavier},
  journal=IEEE_J_PWRD, 
  title={Over- and Under-Voltage Containment Reserves for Droop-Based Primary Voltage Control of MTDC Grids}, 
  year={2022},
  volume={37},
  number={1},
  pages={125-135},
  month=feb}

    @ARTICLE{CarmonSanchez2020,
  author={Carmona Sánchez, Jesús and Marjanovic, Ognjen and Barnes, Mike and Green, Peter R.},
  journal=IEEE_J_PWRD, 
  title={Secondary Model Predictive Control Architecture for VSC-HVDC Networks Interfacing Wind Power}, 
  year={2020},
  volume={35},
  number={5},
  pages={2329-2341},
  month=oct}

  @ARTICLE{Yogarathinam2019,
  author={Yogarathinam, Amirthagunaraj and Chaudhuri, Nilanjan Ray},
  journal=IEEE_J_PWRS, 
  title={Stability-Constrained Adaptive Droop for Power Sharing in AC-MTDC Grids}, 
  year={2019},
  volume={34},
  number={3},
  pages={1955-1965},
  month=may}

@ARTICLE{Song2021,
  author={Song, Sungyoon and McCann, Roy A. and Jang, Gilsoo},
  journal=IEEE_J_PWRS, 
  title={Cost-Based Adaptive Droop Control Strategy for VSC-MTDC system}, 
  year={2021},
  volume={36},
  number={1},
  pages={659-669},
  month=jan}


  @ARTICLE{Altun2021,
  author={Altun, Tuncay and Madani, Ramtin and Davoudi, Ali},
  journal=IEEE_J_PWRS, 
  title={Topology-Cognizant Optimal Power Flow in Multi-Terminal DC Grids}, 
  year={2021},
  volume={36},
  number={5},
  pages={4588-4598},
  month=sep}

  %%%%%%% Distributed Literature %%%%%
  
  
  @ARTICLE{Wang2021,
  author={Wang, Weiyu and Yin, Xin and Cao, Yijia and Jiang, Lin and Li, Yong},
  journal=IEEE_J_PWRS, 
  title={A Distributed Cooperative Control Based on Consensus Protocol for VSC-MTDC Systems}, 
  year={2021},
  volume={36},
  number={4},
  pages={2877-2890},
  month=jul}
  
  @ARTICLE{Aram2023,
  author={Kirakosyan, Aram and Ameli, Amir and El-Fouly, Tarek Hussein and El Moursi, Mohamed Shawky and Salama, Magdy and El-Saadany, Ehab Fahmy},
  journal=IEEE_J_PWRS, 
  title={A Novel Control Technique for Enhancing the Operation of MTDC Grids}, 
  year={2023},
  volume={38},
  number={1},
  pages={559-571},
  month=jan}
  
@ARTICLE{Wang2019,
  author={Wang, Yizhen and Wen, Weijie and Wang, Chengshan and Liu, Haitao and Zhan, Xin and Xiao, Xiaolong},
  journal=IEEE_J_PWRD, 
  title={Adaptive Voltage Droop Method of Multiterminal VSC-HVDC Systems for DC Voltage Deviation and Power Sharing}, 
  year={2019},
  volume={34},
  number={1},
  pages={169-176},
  month=feb}
  
  @ARTICLE{Aram2018,
  author={Kirakosyan, Aram and El-Saadany, Ehab F. and Moursi, Mohamed Shawky El and Acharya, Samrat and Hosani, Khalifa Al},
  journal=IEEE_J_PWRS, 
  title={Control Approach for the Multi-Terminal HVDC System for the Accurate Power Sharing}, 
  year={2018},
  volume={33},
  number={4},
  pages={4323-4334},
  month=jul}
  
  @ARTICLE{Qi2019,
  author={Qi, Chen and Wang, Keyou and Yang, Qinmin and Li, Guojie and Huang, Xin and Wu, Jidong and Crow, Mariesa L.},
  journal=IEEE_J_STE, 
  title={Decentralized DC Voltage and Power Sharing Control of the Parallel Grid Converters in Multi-Terminal DC Power Integration System}, 
  year={2019},
  volume={10},
  number={4},
  pages={1971-1980},
  month=oct}
  
  @ARTICLE{Wang2020,
  author={Wang, Zhenji and He, Jinghan and Xu, Yin and Zhang, Fang},
  journal=IEEE_J_PWRS, 
  title={Distributed Control of VSC-MTDC Systems Considering Tradeoff Between Voltage Regulation and Power Sharing}, 
  year={2020},
  volume={35},
  number={3},
  pages={1812-1821},
  month=may}
  
  @ARTICLE{Lotfifard2022,
  author={Lotfifard, Saeed and Nojavanzadeh, Donya and Liu, Zhenwei and Saberi, Ali and Stoorvogel, Anton A.},
  journal=IEEE_J_SYSTEM, 
  title={Distributed Cooperative Voltage Control of Multiterminal High-Voltage DC Systems}, 
  year={2022},
  volume={16},
  number={1},
  pages={176-184},
  month=mar} 

  
  @ARTICLE{Zhang2020,
  author={Zhang, Yuanshi and Shotorbani, Amin Mohammadpour and Wang, Liwei and Li, Wei},
  journal=IEEE_J_PWRS, 
  title={Distributed Voltage Regulation and Automatic Power Sharing in Multi-Terminal HVDC Grids}, 
  year={2020},
  volume={35},
  number={5},
  pages={3739-3752},
  month=sep}

  @ARTICLE{Yang2022,
  author={Yang, Qiufan and Chen, Yin and Lin, Yujun and Chen, Xia and Wen, Jinyu},
  journal=IEEE_J_PWRS, 
  title={PI Consensus-Based Integrated Distributed Control of MMC-MTDC Systems},
  year={to be published},
  note={doi: 10.1109/TPWRS.2022.3179530}}

%%%%%%%%%%% Online Optimization %%%%%%%%%%%%%%

@article{Krishnamoorthy2022,
title = {Real-Time optimization as a feedback control problem – A review},
journal = {Computers \& Chemical Engineering},
volume = {161},
pages = {107723},
year = {2022},
month=may,
author = {Dinesh Krishnamoorthy and Sigurd Skogestad}}

@ARTICLE{Emiliano2018,
  author={Dall’Anese, Emiliano and Simonetto, Andrea},
  journal=IEEE_J_SG, 
  title={Optimal Power Flow Pursuit}, 
  year={2018},
  volume={9},
  number={2},
  pages={942-952},
  month=mar}

@article{Ortman2020,
title = {Experimental validation of feedback optimization in power distribution grids},
journal = {Electric Power Systems Research},
volume = {189},
pages = {106782},
year = {2020},
author = {Lukas Ortmann and Adrian Hauswirth and Ivo Caduff and Florian Dörfler and Saverio Bolognani},
month=dec
}

@article{Ortman2022,
      title={Online Feedback Optimization for Transmission Grid Operation}, 
      author={Lukas Ortmann and Jean Maeght and Patrick Panciatici and Florian Dörfler and Saverio Bolognani},
      year={2022},
      journal={arXiv:2212.07795}
}

  @ARTICLE{Häberle2021,
  author={Häberle, Verena and Hauswirth, Adrian and Ortmann, Lukas and Bolognani, Saverio and Dörfler, Florian},
  journal={IEEE Control Systems Letters}, 
  title={Non-Convex Feedback Optimization With Input and Output Constraints}, 
  year={2021},
  volume={5},
  number={1},
  pages={343-348},
  month=jan}

  @article{Hauswirth2021,
      title={Optimization Algorithms as Robust Feedback Controllers}, 
      author={Adrian Hauswirth and Saverio Bolognani and Gabriela Hug and Florian Dörfler},
      year={2021},
      journal={arXiv:2103.11329}
}

%%%%%%% Event Triggered
@ARTICLE{Abdolmaleki2019,
  author={Abdolmaleki, Babak and Shafiee, Qobad and Arefi, Mohammad Mehdi and Dragičević, Tomislav},
  journal=IEEE_J_PWRS, 
  title={An Instantaneous Event-Triggered Hz–Watt Control for Microgrids}, 
  year={2019},
  volume={34},
  number={5},
  pages={3616-3625},
  month=sep}

%%%%%%%%%%%%%%%%% More Relevant Work

  @ARTICLE{Liu2022,
  author={Liu, Yun and Li, Yuanzheng and Wang, Yu and Zhu, Jizhong and Gooi, Hoay Beng and Xin, Huanhai},
  journal=IEEE_J_PWRD, 
  title={Distributed Real-Time Multi-Objective Control of a Virtual Power Plant in DC Distribution Systems}, 
  year={2022},
  volume={37},
  number={3},
  pages={1876-1887},
  month=jun}

 @ARTICLE{Abdolmaleki2023,
  author={Abdolmaleki, Babak and Bergna-Diaz, Gilbert},
  journal=IEEE_J_PWRS, 
  title={A Nonlinear Control Framework for Optimal Load-Sharing and Voltage Containment in DC Networks}, 
  year={2023},
  volume={38},
  number={1},
  pages={976-979},
  month=jan}

  
%%%%%%%%%% Contribtion %%%%%%%%%%



%%%%%%%%%% Modeling %%%%%%%%%

  @ARTICLE{Gilbert2018,
  author={Bergna-Diaz, Gilbert and Suul, Jon Are and D'Arco, Salvatore},
  journal=IEEE_J_PWRE, 
  title={Energy-Based State-Space Representation of Modular Multilevel Converters with a Constant Equilibrium Point in Steady-State Operation}, 
  year={2018},
  volume={33},
  number={6},
  pages={4832-4851},
  month=jun}

  @INPROCEEDINGS{Gilbert2015,
  author={Bergna Diaz, Gilbert and Suul, Jon Are and D'Arco, Salvatore},
  booktitle={2015 IEEE Energy Conversion Congress and Exposition (ECCE)}, 
  title={Small-signal state-space modeling of modular multilevel converters for system stability analysis}, 
  year={2015},
  month=sep,
  pages={5822-5829},
  address="Montreal, QC, Canada"}

  @ARTICLE{DorflerKR2013,
  author={D\"orfler, Florian and Bullo, Francesco},
  journal={IEEE Transactions on Circuits and Systems I: Regular Papers}, 
  title={Kron Reduction of Graphs With Applications to Electrical Networks}, 
  year={2013},
  volume={60},
  number={1},
  pages={150-163},
  month=jan,
  doi={10.1109/TCSI.2012.2215780}}

@book{Yazdani2010,
title={Voltage-Sourced Converters in Power Systems: Modeling, Control, and Applications},
author={Yazdani, Amirnaser and Iravani, Reza},
year={2010},
publisher={John Wiley \& Sons}
}


%%%%%%%%%% Proposed Method %%%

@Book{FB-LNS,
  author =    {F. Bullo},
  title =     {Lectures on Network Systems},
  year =      2022,
  edition =   {1.6},
  publisher = {Kindle Direct Publishing},
  ISBN =      {978-1986425643},
  url =       {http://motion.me.ucsb.edu/book-lns}
}

    @book{Boyd,
  title={Convex Optimization},
  author={Stephen Boyd and Lieven Vandenberghe},
  year={2004},
  publisher={Cambridge University Press},
  address={USA}
}

  
 @article{Cherukuri2016,
title = {Asymptotic convergence of constrained primal–dual dynamics},
journal = {Systems \& Control Letters},
volume = {87},
pages = {10-15},
year = {2016},
author = {Ashish Cherukuri and Enrique Mallada and Jorge Cortés},
month=jan
}


%%%%%%% Extra %%%%%%%%%

@ARTICLE{Ayalew2022,
  author={Ayalew, Biyadgie and Moursi, Mohamed Shawky El and El-Saadany, Ehab F.},
  journal=IEEE_J_PWRS, 
  title={Enhanced DC Voltage Regulation and Transient Response for Multi-Terminal VSC-HVDC System Using Direct Power Control},
  year={2022},
  volume={37},
  number={4},
  pages={2538-2548},
  month=jul}

 
  @ARTICLE{Li2022,
  author={Li, Quan and Zhao, Nan},
  journal=IEEE_J_STE, 
  title={General Power Flow Calculation for Multi-Terminal HVDC System Based on Sensitivity Analysis and Extended AC Grid}, 
  year={2022},
  volume={13},
  number={4},
  pages={1886-1899},
  month=oct}
  
  @ARTICLE{Belhaouane2022,
  author={Belhaouane, Mohamed Moez and Almaksour, Khaled and Papangelis, Lampros and Gomozov, Oleg and Colas, Frédéric and Prévost, Thibault and Guillaud, Xavier and Cutsem, Thierry Van},
  journal=IEEE_J_PWRD, 
  title={Implementation and Validation of a Model Predictive Controller on a Lab-Scale Three-Terminal MTDC Grid}, 
  year={2022},
  volume={37},
  number={3},
  pages={2209-2219},
  month=jun}




