@inproceedings{chen2022persformer,
  title={{PersFormer: 3D Lane Detection via Perspective Transformer and the OpenLane Benchmark}},
  author={Chen, Li and Sima, Chonghao and Li, Yang and Zheng, Zehan and Xu, Jiajie and Geng, Xiangwei and Li, Hongyang and He, Conghui and Shi, Jianping and Qiao, Yu and others},
  booktitle={European Conference on Computer Vision},
  pages={550--567},
  year={2022},
  organization={Springer}
}

@inproceedings{chen2024driving,
  title={{Driving with LLMs: Fusing Object-Level Vector Modality for Explainable Autonomous Driving}},
  author={Chen, Long and Sinavski, Oleg and H{\"u}nermann, Jan and Karnsund, Alice and Willmott, Andrew James and Birch, Danny and Maund, Daniel and Shotton, Jamie},
  booktitle={2024 IEEE International Conference on Robotics and Automation},
  pages={14093--14100},
  year={2024},
  organization={IEEE}
}

@article{chen2024vadv2,
  title={{VADv2: End-to-End Vectorized Autonomous Driving via Probabilistic Planning}},
  author={Chen, Shaoyu and Jiang, Bo and Gao, Hao and Liao, Bencheng and Xu, Qing and Zhang, Qian and Huang, Chang and Liu, Wenyu and Wang, Xinggang},
  journal={arXiv preprint arXiv:2402.13243},
  year={2024}
}

@inproceedings{chitta2021neat,
  title={{NEAT: Neural Attention Fields for End-to-End Autonomous Driving}},
  author={Chitta, Kashyap and Prakash, Aditya and Geiger, Andreas},
  booktitle={Proceedings of the IEEE/CVF International Conference on Computer Vision},
  pages={15793--15803},
  year={2021}
}

@article{chitta2022transfuser,
  title={{TransFuser: Imitation With Transformer-Based Sensor Fusion for Autonomous Driving}},
  author={Chitta, Kashyap and Prakash, Aditya and Jaeger, Bernhard and Yu, Zehao and Renz, Katrin and Geiger, Andreas},
  journal={IEEE Transactions on Pattern Analysis and Machine Intelligence},
  volume={45},
  number={11},
  pages={12878--12895},
  year={2022},
  publisher={IEEE}
}

@inproceedings{dosovitskiy2017carla,
  title={{CARLA: An Open Urban Driving Simulator}},
  author={Dosovitskiy, Alexey and Ros, German and Codevilla, Felipe and Lopez, Antonio and Koltun, Vladlen},
  booktitle={Conference on Robot Learning},
  pages={1--16},
  year={2017},
  organization={PMLR}
}

@article{han2022survey,
  title={{A Survey on Vision Transformer}},
  author={Han, Kai and Wang, Yunhe and Chen, Hanting and Chen, Xinghao and Guo, Jianyuan and Liu, Zhenhua and Tang, Yehui and Xiao, An and Xu, Chunjing and Xu, Yixing and others},
  journal={IEEE Transactions on Pattern Analysis and Machine Intelligence},
  volume={45},
  number={1},
  pages={87--110},
  year={2022},
  publisher={IEEE}
}

@inproceedings{hu2021fiery,
  title={{FIERY: Future Instance Prediction in Bird's-Eye View From Surround Monocular Cameras}},
  author={Hu, Anthony and Murez, Zak and Mohan, Nikhil and Dudas, Sof{\'\i}a and Hawke, Jeffrey and Badrinarayanan, Vijay and Cipolla, Roberto and Kendall, Alex},
  booktitle={Proceedings of the IEEE/CVF International Conference on Computer Vision},
  pages={15273--15282},
  year={2021}
}

@inproceedings{hu2022st,
  title={{ST-P3: End-to-End Vision-Based Autonomous Driving via Spatial-Temporal Feature Learning}},
  author={Hu, Shengchao and Chen, Li and Wu, Penghao and Li, Hongyang and Yan, Junchi and Tao, Dacheng},
  booktitle={European Conference on Computer Vision},
  pages={533--549},
  year={2022},
  organization={Springer}
}

@inproceedings{hu2023planning,
  title={{Planning-Oriented Autonomous Driving}},
  author={Hu, Yihan and Yang, Jiazhi and Chen, Li and Li, Keyu and Sima, Chonghao and Zhu, Xizhou and Chai, Siqi and Du, Senyao and Lin, Tianwei and Wang, Wenhai and others},
  booktitle={Proceedings of the IEEE/CVF Conference on Computer Vision and Pattern Recognition},
  pages={17853--17862},
  year={2023}
}

@article{huang2021bevdet,
  title={{BEVDet: High-performance Multi-camera 3D Object Detection in Bird-Eye-View}},
  author={Huang, Junjie and Huang, Guan and Zhu, Zheng and Ye, Yun and Du, Dalong},
  journal={arXiv preprint arXiv:2112.11790},
  year={2021}
}

@inproceedings{jiang2023vad,
  title={{VAD: Vectorized Scene Representation for Efficient Autonomous Driving}},
  author={Jiang, Bo and Chen, Shaoyu and Xu, Qing and Liao, Bencheng and Chen, Jiajie and Zhou, Helong and Zhang, Qian and Liu, Wenyu and Huang, Chang and Wang, Xinggang},
  booktitle={Proceedings of the IEEE/CVF International Conference on Computer Vision},
  pages={8340--8350},
  year={2023}
}

@article{jiang2024senna,
  title={{Senna: Bridging Large Vision-Language Models and End-to-End Autonomous Driving}},
  author={Jiang, Bo and Chen, Shaoyu and Liao, Bencheng and Zhang, Xingyu and Yin, Wei and Zhang, Qian and Huang, Chang and Liu, Wenyu and Wang, Xinggang},
  journal={arXiv preprint arXiv:2410.22313},
  year={2024}
}

@inproceedings{kim2018textual,
  title={{Textual Explanations for Self-Driving Vehicles}},
  author={Kim, Jinkyu and Rohrbach, Anna and Darrell, Trevor and Canny, John and Akata, Zeynep},
  booktitle={Proceedings of the European Conference on Computer Vision},
  pages={563--578},
  year={2018}
}

@inproceedings{kim2019deep,
  title={{Deep Learning based Vehicle Position and Orientation Estimation via Inverse Perspective Mapping Image}},
  author={Kim, Youngseok and Kum, Dongsuk},
  booktitle={2019 IEEE Intelligent Vehicles Symposium},
  pages={317--323},
  year={2019},
  organization={IEEE}
}

@misc{li2022bevformer,
  title={{BEVFormer: Learning Birdâ€™s-Eye-View Representation from Multi-Camera Images via Spatiotemporal Transformers}},
  author={Li, Z and Wang, W and Li, H and Xie, E and Sima, C and Lu, T and others},
  year={2022}
}

@inproceedings{li2024ego,
  title={{Is Ego Status All You Need for Open-Loop End-to-End Autonomous Driving?}},
  author={Li, Zhiqi and Yu, Zhiding and Lan, Shiyi and Li, Jiahan and Kautz, Jan and Lu, Tong and Alvarez, Jose M},
  booktitle={Proceedings of the IEEE/CVF Conference on Computer Vision and Pattern Recognition},
  pages={14864--14873},
  year={2024}
}

@article{liu2024cross,
  title={{Cross-Modal Object Tracking via Modality-Aware Fusion Network and a Large-Scale Dataset}},
  author={Liu, Lei and Zhang, Mengya and Li, Cheng and Li, Chenglong and Tang, Jin},
  journal={IEEE Transactions on Neural Networks and Learning Systems},
  year={2024},
  publisher={IEEE}
}

@inproceedings{loukkal2021driving,
  title={{Driving Among Flatmobiles: Bird-Eye-View Occupancy Grids From a Monocular Camera for Holistic Trajectory Planning}},
  author={Loukkal, Abdelhak and Grandvalet, Yves and Drummond, Tom and Li, You},
  booktitle={Proceedings of the IEEE/CVF Winter Conference on Applications of Computer Vision},
  pages={51--60},
  year={2021}
}

@inproceedings{mu2023inverse,
  title={{Inverse Perspective Mapping-Based Neural Occupancy Grid Map for Visual Parking}},
  author={Mu, Xiangru and Ye, Haoyang and Zhu, Daojun and Chen, Tongqing and Qin, Tong},
  booktitle={2023 IEEE International Conference on Robotics and Automation},
  pages={8400--8406},
  year={2023},
  organization={IEEE}
}

@article{ng2020bev,
  title={{BEV-Seg: Bird's Eye View Semantic Segmentation Using Geometry and Semantic Point Cloud}},
  author={Ng, Mong H and Radia, Kaahan and Chen, Jianfei and Wang, Dequan and Gog, Ionel and Gonzalez, Joseph E},
  journal={arXiv preprint arXiv:2006.11436},
  year={2020}
}

@article{pan2020cross,
  title={{Cross-View Semantic Segmentation for Sensing Surroundings}},
  author={Pan, Bowen and Sun, Jiankai and Leung, Ho Yin Tiga and Andonian, Alex and Zhou, Bolei},
  journal={IEEE Robotics and Automation Letters},
  volume={5},
  number={3},
  pages={4867--4873},
  year={2020},
  publisher={IEEE}
}

@inproceedings{philion2020lift,
  title={{Lift, Splat, Shoot: Encoding Images from Arbitrary Camera Rigs by Implicitly Unprojecting to 3D}},
  author={Philion, Jonah and Fidler, Sanja},
  booktitle={Computer Vision--ECCV 2020: 16th European Conference, Glasgow, UK, August 23--28, 2020, Proceedings, Part XIV 16},
  pages={194--210},
  year={2020},
  organization={Springer}
}

@inproceedings{qian2024nuscenes,
  title={{NuScenes-QA: A Multi-Modal Visual Question Answering Benchmark for Autonomous Driving Scenario}},
  author={Qian, Tianwen and Chen, Jingjing and Zhuo, Linhai and Jiao, Yang and Jiang, Yu-Gang},
  booktitle={Proceedings of the AAAI Conference on Artificial Intelligence},
  volume={38},
  number={5},
  pages={4542--4550},
  year={2024}
}

@inproceedings{sima2024drivelm,
  title={{DriveLM: Driving with Graph Visual Question Answering}},
  author={Sima, Chonghao and Renz, Katrin and Chitta, Kashyap and Chen, Li and Zhang, Hanxue and Xie, Chengen and Bei{\ss}wenger, Jens and Luo, Ping and Geiger, Andreas and Li, Hongyang},
  booktitle={European Conference on Computer Vision},
  pages={256--274},
  year={2024},
  organization={Springer}
}

@article{tian2024drivevlm,
  title={{DriveVLM: The Convergence of Autonomous Driving and Large Vision-Language Models}},
  author={Tian, Xiaoyu and Gu, Junru and Li, Bailin and Liu, Yicheng and Wang, Yang and Zhao, Zhiyong and Zhan, Kun and Jia, Peng and Lang, Xianpeng and Zhao, Hang},
  journal={arXiv preprint arXiv:2402.12289},
  year={2024}
}

@article{vaswani2017attention,
  title={{Attention is All you Need}},
  author={Vaswani, A},
  journal={Advances in Neural Information Processing Systems},
  year={2017}
}

@article{wang2023drivemlm,
  title={{DriveMLM: Aligning Multi-Modal Large Language Models with Behavioral Planning States for Autonomous Driving}},
  author={Wang, Wenhai and Xie, Jiangwei and Hu, ChuanYang and Zou, Haoming and Fan, Jianan and Tong, Wenwen and Wen, Yang and Wu, Silei and Deng, Hanming and Li, Zhiqi and others},
  journal={arXiv preprint arXiv:2312.09245},
  year={2023}
}

@inproceedings{weng2024drive,
  title={{PARA-Drive: Parallelized Architecture for Real-time Autonomous Driving}},
  author={Weng, Xinshuo and Ivanovic, Boris and Wang, Yan and Wang, Yue and Pavone, Marco},
  booktitle={Proceedings of the IEEE/CVF Conference on Computer Vision and Pattern Recognition},
  pages={15449--15458},
  year={2024}
}

@inproceedings{wu2023referring,
  title={{Referring Multi-Object Tracking}},
  author={Wu, Dongming and Han, Wencheng and Wang, Tiancai and Dong, Xingping and Zhang, Xiangyu and Shen, Jianbing},
  booktitle={Proceedings of the IEEE/CVF Conference on Computer Vision and Pattern Recognition},
  pages={14633--14642},
  year={2023}
}

@article{xu2020cross,
  title={{Cross-Modal Attention With Semantic Consistence for Imageâ€“Text Matching}},
  author={Xu, Xing and Wang, Tan and Yang, Yang and Zuo, Lin and Shen, Fumin and Shen, Heng Tao},
  journal={IEEE Transactions on Neural Networks and Learning Systems},
  volume={31},
  number={12},
  pages={5412--5425},
  year={2020},
  publisher={IEEE}
}

@article{xu2024drivegpt4,
  title={{DriveGPT4: Interpretable End-to-End Autonomous Driving Via Large Language Model}},
  author={Xu, Zhenhua and Zhang, Yujia and Xie, Enze and Zhao, Zhen and Guo, Yong and Wong, Kwan-Yee K and Li, Zhenguo and Zhao, Hengshuang},
  journal={IEEE Robotics and Automation Letters},
  year={2024},
  publisher={IEEE}
}

@article{xu2024vlm,
  title={{VLM-AD: End-to-End Autonomous Driving through Vision-Language Model Supervision}},
  author={Xu, Yi and Hu, Yuxin and Zhang, Zaiwei and Meyer, Gregory P and Mustikovela, Siva Karthik and Srinivasa, Siddhartha and Wolff, Eric M and Huang, Xin},
  journal={arXiv preprint arXiv:2412.14446},
  year={2024}
}

@inproceedings{xue2023dynamic,
  title={{Dynamic Multimodal Fusion}},
  author={Xue, Zihui and Marculescu, Radu},
  booktitle={Proceedings of the IEEE/CVF Conference on Computer Vision and Pattern Recognition},
  pages={2575--2584},
  year={2023}
}

@article{zhai2023rethinking,
  title={{Rethinking the Open-Loop Evaluation of End-to-End Autonomous Driving in nuScenes}},
  author={Zhai, Jiang-Tian and Feng, Ze and Du, Jinhao and Mao, Yongqiang and Liu, Jiang-Jiang and Tan, Zichang and Zhang, Yifu and Ye, Xiaoqing and Wang, Jingdong},
  journal={arXiv preprint arXiv:2305.10430},
  year={2023}
}

@inproceedings{zhang2021end,
  title={{End-to-End Urban Driving by Imitating a Reinforcement Learning Coach}},
  author={Zhang, Zhejun and Liniger, Alexander and Dai, Dengxin and Yu, Fisher and Van Gool, Luc},
  booktitle={Proceedings of the IEEE/CVF International Conference on Computer Vision},
  pages={15222--15232},
  year={2021}
}

@inproceedings{zhou2024embodied,
  title={{Embodied Understanding of Driving Scenarios}},
  author={Zhou, Yunsong and Huang, Linyan and Bu, Qingwen and Zeng, Jia and Li, Tianyu and Qiu, Hang and Zhu, Hongzi and Guo, Minyi and Qiao, Yu and Li, Hongyang},
  booktitle={European Conference on Computer Vision},
  pages={129--148},
  year={2024},
  organization={Springer}
}

@inproceedings{zhu2018generative,
  title={{Generative Adversarial Frontal View to Bird View Synthesis}},
  author={Zhu, Xinge and Yin, Zhichao and Shi, Jianping and Li, Hongsheng and Lin, Dahua},
  booktitle={2018 International Conference on 3D Vision},
  pages={454--463},
  year={2018},
  organization={IEEE}
}

@incollection{zhuravlev2023towards,
  title={{Towards Real-Time 3D Object Detection Through Inverse Perspective Mapping}},
  author={Zhuravlev, Dmitriy},
  booktitle={Proceedings of the Computational Methods in Systems and Software},
  pages={371--385},
  year={2023},
  publisher={Springer}
}

