@inproceedings{philion2020lift,
  title={{Lift, Splat, Shoot: Encoding Images from Arbitrary Camera Rigs by Implicitly Unprojecting to 3D}},
  author={Philion, Jonah and Fidler, Sanja},
  booktitle={Computer Vision--ECCV 2020: 16th European Conference, Glasgow, UK, August 23--28, 2020, Proceedings, Part XIV 16},
  pages={194--210},
  year={2020},
  organization={Springer}
}

@article{huang2021bevdet,
  title={{BEVDet: High-performance Multi-camera 3D Object Detection in Bird-Eye-View}},
  author={Huang, Junjie and Huang, Guan and Zhu, Zheng and Ye, Yun and Du, Dalong},
  journal={arXiv preprint arXiv:2112.11790},
  year={2021}
}

@misc{li2022bevformer,
  title={{BEVFormer: Learning Bird’s-Eye-View Representation from Multi-Camera Images via Spatiotemporal Transformers}},
  author={Li, Z and Wang, W and Li, H and Xie, E and Sima, C and Lu, T and others},
  year={2022}
}

@inproceedings{zhu2018generative,
  title={{Generative Adversarial Frontal View to Bird View Synthesis}},
  author={Zhu, Xinge and Yin, Zhichao and Shi, Jianping and Li, Hongsheng and Lin, Dahua},
  booktitle={2018 International Conference on 3D Vision},
  pages={454--463},
  year={2018},
  organization={IEEE}
}

@article{ng2020bev,
  title={{BEV-Seg: Bird's Eye View Semantic Segmentation Using Geometry and Semantic Point Cloud}},
  author={Ng, Mong H and Radia, Kaahan and Chen, Jianfei and Wang, Dequan and Gog, Ionel and Gonzalez, Joseph E},
  journal={arXiv preprint arXiv:2006.11436},
  year={2020}
}

@inproceedings{zhang2021end,
  title={{End-to-End Urban Driving by Imitating a Reinforcement Learning Coach}},
  author={Zhang, Zhejun and Liniger, Alexander and Dai, Dengxin and Yu, Fisher and Van Gool, Luc},
  booktitle={Proceedings of the IEEE/CVF International Conference on Computer Vision},
  pages={15222--15232},
  year={2021}
}

@article{xu2024vlm,
  title={{VLM-AD: End-to-End Autonomous Driving through Vision-Language Model Supervision}},
  author={Xu, Yi and Hu, Yuxin and Zhang, Zaiwei and Meyer, Gregory P and Mustikovela, Siva Karthik and Srinivasa, Siddhartha and Wolff, Eric M and Huang, Xin},
  journal={arXiv preprint arXiv:2412.14446},
  year={2024}
}

@inproceedings{chitta2021neat,
  title={{NEAT: Neural Attention Fields for End-to-End Autonomous Driving}},
  author={Chitta, Kashyap and Prakash, Aditya and Geiger, Andreas},
  booktitle={Proceedings of the IEEE/CVF International Conference on Computer Vision},
  pages={15793--15803},
  year={2021}
}

@incollection{zhuravlev2023towards,
  title={{Towards Real-Time 3D Object Detection Through Inverse Perspective Mapping}},
  author={Zhuravlev, Dmitriy},
  booktitle={Proceedings of the Computational Methods in Systems and Software},
  pages={371--385},
  year={2023},
  publisher={Springer}
}

@inproceedings{mu2023inverse,
  title={{Inverse Perspective Mapping-Based Neural Occupancy Grid Map for Visual Parking}},
  author={Mu, Xiangru and Ye, Haoyang and Zhu, Daojun and Chen, Tongqing and Qin, Tong},
  booktitle={2023 IEEE International Conference on Robotics and Automation},
  pages={8400--8406},
  year={2023},
  organization={IEEE}
}

@inproceedings{kim2019deep,
  title={{Deep Learning based Vehicle Position and Orientation Estimation via Inverse Perspective Mapping Image}},
  author={Kim, Youngseok and Kum, Dongsuk},
  booktitle={2019 IEEE Intelligent Vehicles Symposium},
  pages={317--323},
  year={2019},
  organization={IEEE}
}

@article{pan2020cross,
  title={{Cross-View Semantic Segmentation for Sensing Surroundings}},
  author={Pan, Bowen and Sun, Jiankai and Leung, Ho Yin Tiga and Andonian, Alex and Zhou, Bolei},
  journal={IEEE Robotics and Automation Letters},
  volume={5},
  number={3},
  pages={4867--4873},
  year={2020},
  publisher={IEEE}
}

@inproceedings{loukkal2021driving,
  title={{Driving Among Flatmobiles: Bird-Eye-View Occupancy Grids From a Monocular Camera for Holistic Trajectory Planning}},
  author={Loukkal, Abdelhak and Grandvalet, Yves and Drummond, Tom and Li, You},
  booktitle={Proceedings of the IEEE/CVF Winter Conference on Applications of Computer Vision},
  pages={51--60},
  year={2021}
}

@inproceedings{chen2022persformer,
  title={{PersFormer: 3D Lane Detection via Perspective Transformer and the OpenLane Benchmark}},
  author={Chen, Li and Sima, Chonghao and Li, Yang and Zheng, Zehan and Xu, Jiajie and Geng, Xiangwei and Li, Hongyang and He, Conghui and Shi, Jianping and Qiao, Yu and others},
  booktitle={European Conference on Computer Vision},
  pages={550--567},
  year={2022},
  organization={Springer}
}

@inproceedings{hu2021fiery,
  title={{FIERY: Future Instance Prediction in Bird's-Eye View From Surround Monocular Cameras}},
  author={Hu, Anthony and Murez, Zak and Mohan, Nikhil and Dudas, Sof{\'\i}a and Hawke, Jeffrey and Badrinarayanan, Vijay and Cipolla, Roberto and Kendall, Alex},
  booktitle={Proceedings of the IEEE/CVF International Conference on Computer Vision},
  pages={15273--15282},
  year={2021}
}

@article{vaswani2017attention,
  title={{Attention is All you Need}},
  author={Vaswani, A},
  journal={Advances in Neural Information Processing Systems},
  year={2017}
}

@article{chitta2022transfuser,
  title={{TransFuser: Imitation With Transformer-Based Sensor Fusion for Autonomous Driving}},
  author={Chitta, Kashyap and Prakash, Aditya and Jaeger, Bernhard and Yu, Zehao and Renz, Katrin and Geiger, Andreas},
  journal={IEEE Transactions on Pattern Analysis and Machine Intelligence},
  volume={45},
  number={11},
  pages={12878--12895},
  year={2022},
  publisher={IEEE}
}

@article{han2022survey,
  title={{A Survey on Vision Transformer}},
  author={Han, Kai and Wang, Yunhe and Chen, Hanting and Chen, Xinghao and Guo, Jianyuan and Liu, Zhenhua and Tang, Yehui and Xiao, An and Xu, Chunjing and Xu, Yixing and others},
  journal={IEEE Transactions on Pattern Analysis and Machine Intelligence},
  volume={45},
  number={1},
  pages={87--110},
  year={2022},
  publisher={IEEE}
}

@article{xu2020cross,
  title={{Cross-Modal Attention With Semantic Consistence for Image–Text Matching}},
  author={Xu, Xing and Wang, Tan and Yang, Yang and Zuo, Lin and Shen, Fumin and Shen, Heng Tao},
  journal={IEEE Transactions on Neural Networks and Learning Systems},
  volume={31},
  number={12},
  pages={5412--5425},
  year={2020},
  publisher={IEEE}
}

@article{liu2024cross,
  title={{Cross-Modal Object Tracking via Modality-Aware Fusion Network and a Large-Scale Dataset}},
  author={Liu, Lei and Zhang, Mengya and Li, Cheng and Li, Chenglong and Tang, Jin},
  journal={IEEE Transactions on Neural Networks and Learning Systems},
  year={2024},
  publisher={IEEE}
}

@inproceedings{xue2023dynamic,
  title={{Dynamic Multimodal Fusion}},
  author={Xue, Zihui and Marculescu, Radu},
  booktitle={Proceedings of the IEEE/CVF Conference on Computer Vision and Pattern Recognition},
  pages={2575--2584},
  year={2023}
}

@article{bojarski2016end,
  title={{End to End Learning for Self-Driving Cars}},
  author={Bojarski, Mariusz},
  journal={arXiv preprint arXiv:1604.07316},
  year={2016}
}

@inproceedings{hu2022st,
  title={{ST-P3: End-to-End Vision-Based Autonomous Driving via Spatial-Temporal Feature Learning}},
  author={Hu, Shengchao and Chen, Li and Wu, Penghao and Li, Hongyang and Yan, Junchi and Tao, Dacheng},
  booktitle={European Conference on Computer Vision},
  pages={533--549},
  year={2022},
  organization={Springer}
}

@inproceedings{hu2023planning,
  title={{Planning-Oriented Autonomous Driving}},
  author={Hu, Yihan and Yang, Jiazhi and Chen, Li and Li, Keyu and Sima, Chonghao and Zhu, Xizhou and Chai, Siqi and Du, Senyao and Lin, Tianwei and Wang, Wenhai and others},
  booktitle={Proceedings of the IEEE/CVF Conference on Computer Vision and Pattern Recognition},
  pages={17853--17862},
  year={2023}
}

@article{chen2024vadv2,
  title={{VADv2: End-to-End Vectorized Autonomous Driving via Probabilistic Planning}},
  author={Chen, Shaoyu and Jiang, Bo and Gao, Hao and Liao, Bencheng and Xu, Qing and Zhang, Qian and Huang, Chang and Liu, Wenyu and Wang, Xinggang},
  journal={arXiv preprint arXiv:2402.13243},
  year={2024}
}

@inproceedings{jiang2023vad,
  title={{VAD: Vectorized Scene Representation for Efficient Autonomous Driving}},
  author={Jiang, Bo and Chen, Shaoyu and Xu, Qing and Liao, Bencheng and Chen, Jiajie and Zhou, Helong and Zhang, Qian and Liu, Wenyu and Huang, Chang and Wang, Xinggang},
  booktitle={Proceedings of the IEEE/CVF International Conference on Computer Vision},
  pages={8340--8350},
  year={2023}
}

@article{zhai2023rethinking,
  title={{Rethinking the Open-Loop Evaluation of End-to-End Autonomous Driving in nuScenes}},
  author={Zhai, Jiang-Tian and Feng, Ze and Du, Jinhao and Mao, Yongqiang and Liu, Jiang-Jiang and Tan, Zichang and Zhang, Yifu and Ye, Xiaoqing and Wang, Jingdong},
  journal={arXiv preprint arXiv:2305.10430},
  year={2023}
}

@inproceedings{li2024ego,
  title={{Is Ego Status All You Need for Open-Loop End-to-End Autonomous Driving?}},
  author={Li, Zhiqi and Yu, Zhiding and Lan, Shiyi and Li, Jiahan and Kautz, Jan and Lu, Tong and Alvarez, Jose M},
  booktitle={Proceedings of the IEEE/CVF Conference on Computer Vision and Pattern Recognition},
  pages={14864--14873},
  year={2024}
}

@inproceedings{weng2024drive,
  title={{PARA-Drive: Parallelized Architecture for Real-time Autonomous Driving}},
  author={Weng, Xinshuo and Ivanovic, Boris and Wang, Yan and Wang, Yue and Pavone, Marco},
  booktitle={Proceedings of the IEEE/CVF Conference on Computer Vision and Pattern Recognition},
  pages={15449--15458},
  year={2024}
}

@inproceedings{casas2021mp3,
  title={{MP3: A Unified Model To Map, Perceive, Predict and Plan}},
  author={Casas, Sergio and Sadat, Abbas and Urtasun, Raquel},
  booktitle={Proceedings of the IEEE/CVF Conference on Computer Vision and Pattern Recognition},
  pages={14403--14412},
  year={2021}
}

@inproceedings{sadat2020perceive,
  title={{Perceive, Predict, and Plan: Safe Motion Planning Through Interpretable Semantic Representations}},
  author={Sadat, Abbas and Casas, Sergio and Ren, Mengye and Wu, Xinyu and Dhawan, Pranaab and Urtasun, Raquel},
  booktitle={Computer Vision--ECCV 2020: 16th European Conference, Glasgow, UK, August 23--28, 2020, Proceedings, Part XXIII 16},
  pages={414--430},
  year={2020},
  organization={Springer}
}

@inproceedings{zeng2019end,
  title={{End-To-End Interpretable Neural Motion Planner}},
  author={Zeng, Wenyuan and Luo, Wenjie and Suo, Simon and Sadat, Abbas and Yang, Bin and Casas, Sergio and Urtasun, Raquel},
  booktitle={Proceedings of the IEEE/CVF Conference on Computer Vision and Pattern Recognition},
  pages={8660--8669},
  year={2019}
}

@inproceedings{caesar2020nuscenes,
  title={{nuScenes: A Multimodal Dataset for Autonomous Driving}},
  author={Caesar, Holger and Bankiti, Varun and Lang, Alex H and Vora, Sourabh and Liong, Venice Erin and Xu, Qiang and Krishnan, Anush and Pan, Yu and Baldan, Giancarlo and Beijbom, Oscar},
  booktitle={Proceedings of the IEEE/CVF Conference on Computer Vision and Pattern Recognition},
  pages={11621--11631},
  year={2020}
}

@inproceedings{hu2020probabilistic,
  title={{Probabilistic Future Prediction for Video Scene Understanding}},
  author={Hu, Anthony and Cotter, Fergal and Mohan, Nikhil and Gurau, Corina and Kendall, Alex},
  booktitle={Computer Vision--ECCV 2020: 16th European Conference, Glasgow, UK, August 23--28, 2020, Proceedings, Part XVI 16},
  pages={767--785},
  year={2020},
  organization={Springer}
}}

@inproceedings{cheng2020panoptic,
  title={{Panoptic-DeepLab: A Simple, Strong, and Fast Baseline for Bottom-Up Panoptic Segmentation}},
  author={Cheng, Bowen and Collins, Maxwell D and Zhu, Yukun and Liu, Ting and Huang, Thomas S and Adam, Hartwig and Chen, Liang-Chieh},
  booktitle={Proceedings of the IEEE/CVF Conference on Computer Vision and Pattern Recognition},
  pages={12475--12485},
  year={2020}
}}

@article{kuhn1955hungarian,
  title={The Hungarian method for the assignment problem},
  author={Kuhn, Harold W},
  journal={Naval Research Logistics Quarterly},
  volume={2},
  number={1-2},
  pages={83--97},
  year={1955},
  publisher={Wiley Online Library}
}

@inproceedings{sadat2019jointly,
  title={{Jointly Learnable Behavior and Trajectory Planning for Self-Driving Vehicles}},
  author={Sadat, Abbas and Ren, Mengye and Pokrovsky, Andrei and Lin, Yen-Chen and Yumer, Ersin and Urtasun, Raquel},
  booktitle={2019 IEEE/RSJ International Conference on Intelligent Robots and Systems},
  pages={3949--3956},
  year={2019},
  organization={IEEE}
}

@inproceedings{werling2010optimal,
  title={Optimal trajectory generation for dynamic street scenarios in a fren x00e9; t frame},
  author={Werling, M and Ziegler, J and Kammel, S and Thrun, S},
  booktitle={2010 IEEE International Conference on Robotics and Automation},
  pages={987--993}
}

@inproceedings{wang2022detr3d,
  title={{DETR3D: 3D Object Detection from Multi-view Images via 3D-to-2D Queries}},
  author={Wang, Yue and Guizilini, Vitor Campagnolo and Zhang, Tianyuan and Wang, Yilun and Zhao, Hang and Solomon, Justin},
  booktitle={Conference on Robot Learning},
  pages={180--191},
  year={2022},
  organization={PMLR}
}

@article{liao2022maptr,
  title={{MapTR: Structured Modeling and Learning for Online Vectorized HD Map Construction}},
  author={Liao, Bencheng and Chen, Shaoyu and Wang, Xinggang and Cheng, Tianheng and Zhang, Qian and Liu, Wenyu and Huang, Chang},
  journal={arXiv preprint arXiv:2208.14437},
  year={2022}
}

@article{chai2019multipath,
  title={{MultiPath: Multiple Probabilistic Anchor Trajectory Hypotheses for Behavior Prediction}},
  author={Chai, Yuning and Sapp, Benjamin and Bansal, Mayank and Anguelov, Dragomir},
  journal={arXiv preprint arXiv:1910.05449},
  year={2019}
}

@inproceedings{gu2023vip3d,
  title={{ViP3D: End-to-End Visual Trajectory Prediction via 3D Agent Queries}},
  author={Gu, Junru and Hu, Chenxu and Zhang, Tianyuan and Chen, Xuanyao and Wang, Yilun and Wang, Yue and Zhao, Hang},
  booktitle={Proceedings of the IEEE/CVF Conference on Computer Vision and Pattern Recognition},
  pages={5496--5506},
  year={2023}
}

@article{jiang2022perceive,
  title={{Perceive, Interact, Predict: Learning Dynamic and Static Clues for End-to-End Motion Prediction}},
  author={Jiang, Bo and Chen, Shaoyu and Wang, Xinggang and Liao, Bencheng and Cheng, Tianheng and Chen, Jiajie and Zhou, Helong and Zhang, Qian and Liu, Wenyu and Huang, Chang},
  journal={arXiv preprint arXiv:2212.02181},
  year={2022}
}

@inproceedings{toromanoff2020end,
  title={{End-to-End Model-Free Reinforcement Learning for Urban Driving Using Implicit Affordances}},
  author={Toromanoff, Marin and Wirbel, Emilie and Moutarde, Fabien},
  booktitle={Proceedings of the IEEE/CVF Conference on Computer Vision and Pattern Recognition},
  pages={7153--7162},
  year={2020}
}

@inproceedings{prakash2021multi,
  title={{Multi-Modal Fusion Transformer for End-to-End Autonomous Driving}},
  author={Prakash, Aditya and Chitta, Kashyap and Geiger, Andreas},
  booktitle={Proceedings of the IEEE/CVF Conference on Computer Vision and Pattern Recognition},
  pages={7077--7087},
  year={2021}
}

@article{liu2023visual,
  title={{Visual Instruction Tuning}},
  author={Liu, Haotian and Li, Chunyuan and Wu, Qingyang and Lee, Yong Jae},
  journal={Advances in Neural Information Processing Systems},
  volume={36},
  pages={34892--34916},
  year={2023}
}

@article{bai2023qwen,
  title={{Qwen-VL: A frontier Large Vision-Language Model with Versatile Abilities}},
  author={Bai, Jinze and Bai, Shuai and Yang, Shusheng and Wang, Shijie and Tan, Sinan and Wang, Peng and Lin, Junyang and Zhou, Chang and Zhou, Jingren},
  journal={arXiv preprint arXiv:2308.12966},
  volume={1},
  number={2},
  pages={3},
  year={2023}
}

@article{wang2025cogvlm,
  title={{CogVLM: Visual Expert for Pretrained Language Models}},
  author={Wang, Weihan and Lv, Qingsong and Yu, Wenmeng and Hong, Wenyi and Qi, Ji and Wang, Yan and Ji, Junhui and Yang, Zhuoyi and Zhao, Lei and XiXuan, Song and others},
  journal={Advances in Neural Information Processing Systems},
  volume={37},
  pages={121475--121499},
  year={2025}
}

@inproceedings{chen2024internvl,
  title={{InternVL: Scaling up Vision Foundation Models and Aligning for Generic Visual-Linguistic Tasks}},
  author={Chen, Zhe and Wu, Jiannan and Wang, Wenhai and Su, Weijie and Chen, Guo and Xing, Sen and Zhong, Muyan and Zhang, Qinglong and Zhu, Xizhou and Lu, Lewei and others},
  booktitle={Proceedings of the IEEE/CVF Conference on Computer Vision and Pattern Recognition},
  pages={24185--24198},
  year={2024}
}

@article{achiam2023gpt,
  title={{Gpt-4 Technical Report}},
  author={Achiam, Josh and Adler, Steven and Agarwal, Sandhini and Ahmad, Lama and Akkaya, Ilge and Aleman, Florencia Leoni and Almeida, Diogo and Altenschmidt, Janko and Altman, Sam and Anadkat, Shyamal and others},
  journal={arXiv preprint arXiv:2303.08774},
  year={2023}
}

@article{botvinick2008hierarchical,
  title={Hierarchical models of behavior and prefrontal function},
  author={Botvinick, Matthew M},
  journal={Trends in Cognitive Sciences},
  volume={12},
  number={5},
  pages={201--208},
  year={2008},
  publisher={Elsevier}
}

@article{koechlin2003architecture,
  title={{The Architecture of Cognitive Control in the Human Prefrontal Cortex}},
  author={Koechlin, Etienne and Ody, Chrystele and Kouneiher, Fr{\'e}d{\'e}rique},
  journal={Science},
  volume={302},
  number={5648},
  pages={1181--1185},
  year={2003},
  publisher={American Association for the Advancement of Science}
}

@article{badre2008cognitive,
  title={Cognitive control, hierarchy, and the rostro--caudal organization of the frontal lobes},
  author={Badre, David},
  journal={Trends in Cognitive Sciences},
  volume={12},
  number={5},
  pages={193--200},
  year={2008},
  publisher={Elsevier}
}

@inproceedings{chen2024driving,
  title={{Driving with LLMs: Fusing Object-Level Vector Modality for Explainable Autonomous Driving}},
  author={Chen, Long and Sinavski, Oleg and H{\"u}nermann, Jan and Karnsund, Alice and Willmott, Andrew James and Birch, Danny and Maund, Daniel and Shotton, Jamie},
  booktitle={2024 IEEE International Conference on Robotics and Automation},
  pages={14093--14100},
  year={2024},
  organization={IEEE}
}

@article{xu2024drivegpt4,
  title={{DriveGPT4: Interpretable End-to-End Autonomous Driving Via Large Language Model}},
  author={Xu, Zhenhua and Zhang, Yujia and Xie, Enze and Zhao, Zhen and Guo, Yong and Wong, Kwan-Yee K and Li, Zhenguo and Zhao, Hengshuang},
  journal={IEEE Robotics and Automation Letters},
  year={2024},
  publisher={IEEE}
}

@article{wang2023drivemlm,
  title={{DriveMLM: Aligning Multi-Modal Large Language Models with Behavioral Planning States for Autonomous Driving}},
  author={Wang, Wenhai and Xie, Jiangwei and Hu, ChuanYang and Zou, Haoming and Fan, Jianan and Tong, Wenwen and Wen, Yang and Wu, Silei and Deng, Hanming and Li, Zhiqi and others},
  journal={arXiv preprint arXiv:2312.09245},
  year={2023}
}

@inproceedings{dosovitskiy2017carla,
  title={{CARLA: An Open Urban Driving Simulator}},
  author={Dosovitskiy, Alexey and Ros, German and Codevilla, Felipe and Lopez, Antonio and Koltun, Vladlen},
  booktitle={Conference on Robot Learning},
  pages={1--16},
  year={2017},
  organization={PMLR}
}

@inproceedings{zhou2024embodied,
  title={{Embodied Understanding of Driving Scenarios}},
  author={Zhou, Yunsong and Huang, Linyan and Bu, Qingwen and Zeng, Jia and Li, Tianyu and Qiu, Hang and Zhu, Hongzi and Guo, Minyi and Qiao, Yu and Li, Hongyang},
  booktitle={European Conference on Computer Vision},
  pages={129--148},
  year={2024},
  organization={Springer}
}

@inproceedings{sima2024drivelm,
  title={{DriveLM: Driving with Graph Visual Question Answering}},
  author={Sima, Chonghao and Renz, Katrin and Chitta, Kashyap and Chen, Li and Zhang, Hanxue and Xie, Chengen and Bei{\ss}wenger, Jens and Luo, Ping and Geiger, Andreas and Li, Hongyang},
  booktitle={European Conference on Computer Vision},
  pages={256--274},
  year={2024},
  organization={Springer}
}

@inproceedings{qian2024nuscenes,
  title={{NuScenes-QA: A Multi-Modal Visual Question Answering Benchmark for Autonomous Driving Scenario}},
  author={Qian, Tianwen and Chen, Jingjing and Zhuo, Linhai and Jiao, Yang and Jiang, Yu-Gang},
  booktitle={Proceedings of the AAAI Conference on Artificial Intelligence},
  volume={38},
  number={5},
  pages={4542--4550},
  year={2024}
}

@inproceedings{wu2023referring,
  title={{Referring Multi-Object Tracking}},
  author={Wu, Dongming and Han, Wencheng and Wang, Tiancai and Dong, Xingping and Zhang, Xiangyu and Shen, Jianbing},
  booktitle={Proceedings of the IEEE/CVF Conference on Computer Vision and Pattern Recognition},
  pages={14633--14642},
  year={2023}
}

@inproceedings{kim2018textual,
  title={{Textual Explanations for Self-Driving Vehicles}},
  author={Kim, Jinkyu and Rohrbach, Anna and Darrell, Trevor and Canny, John and Akata, Zeynep},
  booktitle={Proceedings of the European Conference on Computer Vision},
  pages={563--578},
  year={2018}
}

@article{tian2024drivevlm,
  title={{DriveVLM: The Convergence of Autonomous Driving and Large Vision-Language Models}},
  author={Tian, Xiaoyu and Gu, Junru and Li, Bailin and Liu, Yicheng and Wang, Yang and Zhao, Zhiyong and Zhan, Kun and Jia, Peng and Lang, Xianpeng and Zhao, Hang},
  journal={arXiv preprint arXiv:2402.12289},
  year={2024}
}

@article{lu2019monocular,
  title={{Monocular Semantic Occupancy Grid Mapping With Convolutional Variational Encoder–Decoder Networks}},
  author={Lu, Chenyang and Van De Molengraft, Marinus Jacobus Gerardus and Dubbelman, Gijs},
  journal={IEEE Robotics and Automation Letters},
  volume={4},
  number={2},
  pages={445--452},
  year={2019},
  publisher={IEEE}
}


@inproceedings{roddick2020predicting,
  title={{Predicting Semantic Map Representations From Images Using Pyramid Occupancy Networks}},
  author={Roddick, Thomas and Cipolla, Roberto},
  booktitle={Proceedings of the IEEE/CVF Conference on Computer Vision and Pattern Recognition},
  pages={11138--11147},
  year={2020}
}

@inproceedings{wang2021learning,
  title={{Learning Interpretable End-to-End Vision-Based Motion Planning for Autonomous Driving with Optical Flow Distillation}},
  author={Wang, Hengli and Cai, Peide and Sun, Yuxiang and Wang, Lujia and Liu, Ming},
  booktitle={2021 IEEE International Conference on Robotics and Automation},
  pages={13731--13737},
  year={2021},
  organization={IEEE}
}

@inproceedings{codevilla2019exploring,
  title={{Exploring the Limitations of Behavior Cloning for Autonomous Driving}},
  author={Codevilla, Felipe and Santana, Eder and L{\'o}pez, Antonio M and Gaidon, Adrien},
  booktitle={Proceedings of the IEEE/CVF International Conference on Computer Vision},
  pages={9329--9338},
  year={2019}
}

@inproceedings{chen2020learning,
  title={{Learning by Cheating}},
  author={Chen, Dian and Zhou, Brady and Koltun, Vladlen and Kr{\"a}henb{\"u}hl, Philipp},
  booktitle={Conference on Robot Learning},
  pages={66--75},
  year={2020},
  organization={PMLR}
}

@inproceedings{li2023blip,
  title={{BLIP-2: Bootstrapping Language-Image Pre-training with Frozen Image Encoders and Large Language Models}},
  author={Li, Junnan and Li, Dongxu and Savarese, Silvio and Hoi, Steven},
  booktitle={International Conference on Machine Learning},
  pages={19730--19742},
  year={2023},
  organization={PMLR}
}

@inproceedings{radford2021learning,
  title={{Learning Transferable Visual Models From Natural Language Supervision}},
  author={Radford, Alec and Kim, Jong Wook and Hallacy, Chris and Ramesh, Aditya and Goh, Gabriel and Agarwal, Sandhini and Sastry, Girish and Askell, Amanda and Mishkin, Pamela and Clark, Jack and others},
  booktitle={International Conference on Machine Learning},
  pages={8748--8763},
  year={2021},
  organization={PMLR}
}

@inproceedings{yi2024text,
  title={{Text-IF: Leveraging Semantic Text Guidance for Degradation-Aware and Interactive Image Fusion}},
  author={Yi, Xunpeng and Xu, Han and Zhang, Hao and Tang, Linfeng and Ma, Jiayi},
  booktitle={Proceedings of the IEEE/CVF Conference on Computer Vision and Pattern Recognition},
  pages={27026--27035},
  year={2024}
}

@article{jiang2024senna,
  title={{Senna: Bridging Large Vision-Language Models and End-to-End Autonomous Driving}},
  author={Jiang, Bo and Chen, Shaoyu and Liao, Bencheng and Zhang, Xingyu and Yin, Wei and Zhang, Qian and Huang, Chang and Liu, Wenyu and Wang, Xinggang},
  journal={arXiv preprint arXiv:2410.22313},
  year={2024}
}

@article{ma2025leapvad,
  title={{LeapVAD: A Leap in Autonomous Driving via Cognitive Perception and Dual-Process Thinking}},
  author={Ma, Yukai and Wei, Tiantian and Zhong, Naiting and Mei, Jianbiao and Hu, Tao and Wen, Licheng and Yang, Xuemeng and Shi, Botian and Liu, Yong},
  journal={arXiv preprint arXiv:2501.08168},
  year={2025}
}

@article{zhai2024world,
  title={{World knowledge-enhanced Reasoning Using Instruction-guided Interactor in Autonomous Driving}},
  author={Zhai, Mingliang and Li, Cheng and Guo, Zengyuan and Yang, Ningrui and Qin, Xiameng and Wu, Yuwei and Zhao, Sanyuan and Han, Junyu and Tao, Ji and Jia, Yunde},
  journal={arXiv preprint arXiv:2412.06324},
  year={2024}
}

@article{tan1905rethinking,
  title={rethinking model scaling for convolutional neural networks. 2019},
  author={Tan, Mingxing and Le Q V, EfficientNet},
  journal={arXiv preprint arXiv:1905.11946},
  year={1905},
  publisher={CoRR}
}