@inproceedings{bao2018IPGAN,
  title={Towards open-set identity preserving face synthesis},
  author={Bao, Jianmin and Chen, Dong and Wen, Fang and Li, Houqiang and Hua, Gang},
  booktitle={Proceedings of the IEEE conference on computer vision and pattern recognition},
  pages={6713--6722},
  year={2018}
}

@inproceedings{chen2020simswap,
  title={SimSwap: An Efficient Framework For High Fidelity Face Swapping},
  author={Chen, Renwang and Chen, Xuanhong and Ni, Bingbing and Ge, Yanhao},
  booktitle={Proceedings of the 28th ACM International Conference on Multimedia},
  pages={2003--2011},
  year={2020}
}

@inproceedings{choi2018stargan,
  title={Stargan: Unified generative adversarial networks for multi-domain image-to-image translation},
  author={Choi, Yunjey and Choi, Minje and Kim, Munyoung and Ha, Jung-Woo and Kim, Sunghun and Choo, Jaegul},
  booktitle={Proceedings of the IEEE conference on computer vision and pattern recognition},
  pages={8789--8797},
  year={2018}
}

@article{dong2023restricted,
  title={Restricted black-box adversarial attack against deepfake face swapping},
  author={Dong, Junhao and Wang, Yuan and Lai, Jianhuang and Xie, Xiaohua},
  journal={IEEE Transactions on Information Forensics and Security},
  year={2023},
  publisher={IEEE}
}

@inproceedings{gu2022delving,
  title={Delving into the local: Dynamic inconsistency learning for deepfake video detection},
  author={Gu, Zhihao and Chen, Yang and Yao, Taiping and Ding, Shouhong and Li, Jilin and Ma, Lizhuang},
  booktitle={Proceedings of the AAAI Conference on Artificial Intelligence},
  pages={744--752},
  year={2022}
}

@inproceedings{huang2021initiative,
  title={Initiative defense against facial manipulation},
  author={Huang, Qidong and Zhang, Jie and Zhou, Wenbo and Zhang, Weiming and Yu, Nenghai},
  booktitle={Proceedings of the AAAI Conference on Artificial Intelligence},
  volume={35},
  pages={1619--1627},
  year={2021}
}

@inproceedings{li2022seeing,
  title={Seeing is living? rethinking the security of facial liveness verification in the deepfake era},
  author={Li, Changjiang and Wang, Li and Ji, Shouling and Zhang, Xuhong and Xi, Zhaohan and Guo, Shanqing and Wang, Ting},
  booktitle={31st USENIX Security Symposium (USENIX Security 22)},
  pages={2673--2690},
  year={2022}
}

@article{masood2023trend1,
  title={Deepfakes generation and detection: State-of-the-art, open challenges, countermeasures, and way forward},
  author={Masood, Momina and Nawaz, Mariam and Malik, Khalid Mahmood and Javed, Ali and Irtaza, Aun and Malik, Hafiz},
  journal={Applied intelligence},
  volume={53},
  number={4},
  pages={3974--4026},
  year={2023},
  publisher={Springer}
}

@article{mirsky2021creation,
  title={The creation and detection of deepfakes: A survey},
  author={Mirsky, Yisroel and Lee, Wenke},
  journal={ACM Computing Surveys (CSUR)},
  volume={54},
  number={1},
  pages={1--41},
  year={2021},
  publisher={ACM New York, NY, USA}
}

@inproceedings{nirkin2018face,
  title={On face segmentation, face swapping, and face perception},
  author={Nirkin, Yuval and Masi, Iacopo and Tuan, Anh Tran and Hassner, Tal and Medioni, Gerard},
  booktitle={2018 13th IEEE International Conference on Automatic Face \& Gesture Recognition (FG 2018)},
  pages={98--105},
  year={2018},
  organization={IEEE}
}

@inproceedings{nirkin2019fsgan,
  title={FSGAN: Subject agnostic face swapping and reenactment},
  author={Nirkin, Yuval and Keller, Yosi and Hassner, Tal},
  booktitle={Proceedings of the IEEE international conference on computer vision},
  pages={7184--7193},
  year={2019}
}

@inproceedings{perez2003poisson,
  title={Poisson image editing},
  author={P{\'e}rez, Patrick and Gangnet, Michel and Blake, Andrew},
  booktitle={ACM SIGGRAPH 2003 Papers},
  pages={313--318},
  year={2003}
}

@inproceedings{pumarola2018ganimation,
  title={Ganimation: Anatomically-aware facial animation from a single image},
  author={Pumarola, Albert and Agudo, Antonio and Martinez, Aleix M and Sanfeliu, Alberto and Moreno-Noguer, Francesc},
  booktitle={Proceedings of the European conference on computer vision (ECCV)},
  pages={818--833},
  year={2018}
}

@inproceedings{ruiz2020disrupting,
  title={Disrupting deepfakes: Adversarial attacks against conditional image translation networks and facial manipulation systems},
  author={Ruiz, Nataniel and Bargal, Sarah Adel and Sclaroff, Stan},
  booktitle={Computer Vision--ECCV 2020 Workshops: Glasgow, UK, August 23--28, 2020, Proceedings, Part IV 16},
  pages={236--251},
  year={2020},
  organization={Springer}
}

@article{ruiz2020protecting,
  title={Protecting against image translation deepfakes by leaking universal perturbations from black-box neural networks},
  author={Ruiz, Nataniel and Bargal, Sarah Adel and Sclaroff, Stan},
  journal={arXiv preprint arXiv:2006.06493},
  year={2020}
}

@inproceedings{tan2024rethinking,
  title={Rethinking the up-sampling operations in cnn-based generative network for generalizable deepfake detection},
  author={Tan, Chuangchuang and Zhao, Yao and Wei, Shikui and Gu, Guanghua and Liu, Ping and Wei, Yunchao},
  booktitle={Proceedings of the IEEE/CVF Conference on Computer Vision and Pattern Recognition},
  pages={28130--28139},
  year={2024}
}

@inproceedings{tariq2022real,
  title={Am I a Real or Fake Celebrity? Evaluating Face Recognition and Verification APIs under Deepfake Impersonation Attack},
  author={Tariq, Shahroz and Jeon, Sowon and Woo, Simon S},
  booktitle={Proceedings of the ACM Web Conference 2022},
  pages={512--523},
  year={2022}
}

@article{tolosana2020deepfakes,
  title={Deepfakes and beyond: A survey of face manipulation and fake detection},
  author={Tolosana, Ruben and Vera-Rodriguez, Ruben and Fierrez, Julian and Morales, Aythami and Ortega-Garcia, Javier},
  journal={Information Fusion},
  volume={64},
  pages={131--148},
  year={2020},
  publisher={Elsevier}
}

@article{wang2024deepfake,
  title={Deepfake detection: A comprehensive survey from the reliability perspective},
  author={Wang, Tianyi and Liao, Xin and Chow, Kam Pui and Lin, Xiaodong and Wang, Yinglong},
  journal={ACM Computing Surveys},
  volume={57},
  number={3},
  pages={1--35},
  year={2024},
  publisher={ACM New York, NY}
}

@inproceedings{yeh2020disrupting,
  title={Disrupting image-translation-based deepfake algorithms with adversarial attacks},
  author={Yeh, Chin-Yuan and Chen, Hsi-Wen and Tsai, Shang-Lun and Wang, Sheng-De},
  booktitle={Proceedings of the IEEE/CVF Winter Conference on Applications of Computer Vision Workshops},
  pages={53--62},
  year={2020}
}

