@article{jovanovic2022generative,
  title={Generative artificial intelligence: Trends and prospects},
  author={Jovanovic, Mladan and Campbell, Mark},
  journal={Computer},
  volume={55},
  number={10},
  pages={107--112},
  year={2022},
  publisher={IEEE Computer Society}
}

@article{verdoliva2020media,
  title={Media forensics and deepfakes: an overview},
  author={Verdoliva, Luisa},
  journal={IEEE Journal of Selected Topics in Signal Processing},
  volume={14},
  number={5},
  pages={910--932},
  year={2020},
  publisher={IEEE}
}

@misc{new1,
  title = {{Chinese Man Nearly Loses \$600,000 To AI-Driven Scam In 10 Minutes}},
  author={Bharat Sharma},
  year = {2023},
  howpublished = {\url{https://www.indiatimes.com/technology/news/chinese-man-nearly-loses-600000-to-ai-driven-scam-603896.html}},
}

@misc{new2,
  title = {{AI deepfakes are getting better at spoofing KYC verification â€” Binance exec}},
  author={FELIX NG},
  year = {2023},
  howpublished = {\url{https://cointelegraph.com/news/binance-rise-in-deepfake-customer-checks-verification}},
}


@article{korshunov2018deepfakes,
  title={Deepfakes: a new threat to face recognition? assessment and detection},
  author={Korshunov, Pavel and Marcel, S{\'e}bastien},
  journal={arXiv preprint arXiv:1812.08685},
  year={2018}
}

@inproceedings{li2022seeing,
  title={Seeing is living? rethinking the security of facial liveness verification in the deepfake era},
  author={Li, Changjiang and Wang, Li and Ji, Shouling and Zhang, Xuhong and Xi, Zhaohan and Guo, Shanqing and Wang, Ting},
  booktitle={31st USENIX Security Symposium (USENIX Security 22)},
  pages={2673--2690},
  year={2022}
}

@inproceedings{bao2018IPGAN,
  title={Towards open-set identity preserving face synthesis},
  author={Bao, Jianmin and Chen, Dong and Wen, Fang and Li, Houqiang and Hua, Gang},
  booktitle={Proceedings of the IEEE conference on computer vision and pattern recognition},
  pages={6713--6722},
  year={2018}
}

@inproceedings{nirkin2018face,
  title={On face segmentation, face swapping, and face perception},
  author={Nirkin, Yuval and Masi, Iacopo and Tuan, Anh Tran and Hassner, Tal and Medioni, Gerard},
  booktitle={2018 13th IEEE International Conference on Automatic Face \& Gesture Recognition (FG 2018)},
  pages={98--105},
  year={2018},
  organization={IEEE}
}

@inproceedings{nirkin2019fsgan,
  title={FSGAN: Subject agnostic face swapping and reenactment},
  author={Nirkin, Yuval and Keller, Yosi and Hassner, Tal},
  booktitle={Proceedings of the IEEE international conference on computer vision},
  pages={7184--7193},
  year={2019}
}

@inproceedings{perez2003poisson,
  title={Poisson image editing},
  author={P{\'e}rez, Patrick and Gangnet, Michel and Blake, Andrew},
  booktitle={ACM SIGGRAPH 2003 Papers},
  pages={313--318},
  year={2003}
}

@article{li2019faceshifter,
  title={Faceshifter: Towards high fidelity and occlusion aware face swapping},
  author={Li, Lingzhi and Bao, Jianmin and Yang, Hao and Chen, Dong and Wen, Fang},
  journal={arXiv preprint arXiv:1912.13457},
  year={2019}
}

@inproceedings{chen2020simswap,
  title={SimSwap: An Efficient Framework For High Fidelity Face Swapping},
  author={Chen, Renwang and Chen, Xuanhong and Ni, Bingbing and Ge, Yanhao},
  booktitle={Proceedings of the 28th ACM International Conference on Multimedia},
  pages={2003--2011},
  year={2020}
}

@inproceedings{tripathy2020icface,
  title={Icface: Interpretable and controllable face reenactment using gans},
  author={Tripathy, Soumya and Kannala, Juho and Rahtu, Esa},
  booktitle={The IEEE Winter Conference on Applications of Computer Vision},
  pages={3385--3394},
  year={2020}
}

@inproceedings{siarohin2019first,
  title={First order motion model for image animation},
  author={Siarohin, Aliaksandr and Lathuili{\`e}re, St{\'e}phane and Tulyakov, Sergey and Ricci, Elisa and Sebe, Nicu},
  booktitle={Advances in Neural Information Processing Systems},
  pages={7137--7147},
  year={2019}
}

@inproceedings{siarohin2021motion,
  title={Motion Representations for Articulated Animation},
  author={Siarohin, Aliaksandr and Woodford, Oliver J and Ren, Jian and Chai, Menglei and Tulyakov, Sergey},
  booktitle={Proceedings of the IEEE/CVF Conference on Computer Vision and Pattern Recognition},
  pages={13653--13662},
  year={2021}
}

@inproceedings{choi2018stargan,
  title={Stargan: Unified generative adversarial networks for multi-domain image-to-image translation},
  author={Choi, Yunjey and Choi, Minje and Kim, Munyoung and Ha, Jung-Woo and Kim, Sunghun and Choo, Jaegul},
  booktitle={Proceedings of the IEEE conference on computer vision and pattern recognition},
  pages={8789--8797},
  year={2018}
}

@article{he2019attgan,
  title={Attgan: Facial attribute editing by only changing what you want},
  author={He, Zhenliang and Zuo, Wangmeng and Kan, Meina and Shan, Shiguang and Chen, Xilin},
  journal={IEEE transactions on image processing},
  volume={28},
  number={11},
  pages={5464--5478},
  year={2019},
  publisher={IEEE}
}

@inproceedings{pumarola2018ganimation,
  title={Ganimation: Anatomically-aware facial animation from a single image},
  author={Pumarola, Albert and Agudo, Antonio and Martinez, Aleix M and Sanfeliu, Alberto and Moreno-Noguer, Francesc},
  booktitle={Proceedings of the European conference on computer vision (ECCV)},
  pages={818--833},
  year={2018}
}


@inproceedings{li2021image,
  title={Image-to-image Translation via Hierarchical Style Disentanglement},
  author={Li, Xinyang and Zhang, Shengchuan and Hu, Jie and Cao, Liujuan and Hong, Xiaopeng and Mao, Xudong and Huang, Feiyue and Wu, Yongjian and Ji, Rongrong},
  booktitle={Proceedings of the IEEE/CVF Conference on Computer Vision and Pattern Recognition},
  pages={8639--8648},
  year={2021}
}

@book{jain2007handbook,
  title={Handbook of biometrics},
  author={Jain, Anil K and Flynn, Patrick and Ross, Arun A},
  year={2007},
  publisher={Springer Science \& Business Media}
}

@article{juefei2022countering,
  title={Countering malicious deepfakes: Survey, battleground, and horizon},
  author={Juefei-Xu, Felix and Wang, Run and Huang, Yihao and Guo, Qing and Ma, Lei and Liu, Yang},
  journal={International journal of computer vision},
  volume={130},
  number={7},
  pages={1678--1734},
  year={2022},
  publisher={Springer}
}

@inproceedings{tan2024rethinking,
  title={Rethinking the up-sampling operations in cnn-based generative network for generalizable deepfake detection},
  author={Tan, Chuangchuang and Zhao, Yao and Wei, Shikui and Gu, Guanghua and Liu, Ping and Wei, Yunchao},
  booktitle={Proceedings of the IEEE/CVF Conference on Computer Vision and Pattern Recognition},
  pages={28130--28139},
  year={2024}
}


@article{masood2023trend1,
  title={Deepfakes generation and detection: State-of-the-art, open challenges, countermeasures, and way forward},
  author={Masood, Momina and Nawaz, Mariam and Malik, Khalid Mahmood and Javed, Ali and Irtaza, Aun and Malik, Hafiz},
  journal={Applied intelligence},
  volume={53},
  number={4},
  pages={3974--4026},
  year={2023},
  publisher={Springer}
}

@article{mirsky2021creation,
  title={The creation and detection of deepfakes: A survey},
  author={Mirsky, Yisroel and Lee, Wenke},
  journal={ACM Computing Surveys (CSUR)},
  volume={54},
  number={1},
  pages={1--41},
  year={2021},
  publisher={ACM New York, NY, USA}
}

@article{tolosana2020deepfakes,
  title={Deepfakes and beyond: A survey of face manipulation and fake detection},
  author={Tolosana, Ruben and Vera-Rodriguez, Ruben and Fierrez, Julian and Morales, Aythami and Ortega-Garcia, Javier},
  journal={Information Fusion},
  volume={64},
  pages={131--148},
  year={2020},
  publisher={Elsevier}
}


@inproceedings{rossler2019faceforensics++,
  title={Faceforensics++: Learning to detect manipulated facial images},
  author={Rossler, Andreas and Cozzolino, Davide and Verdoliva, Luisa and Riess, Christian and Thies, Justus and Nie{\ss}ner, Matthias},
  booktitle={Proceedings of the IEEE/CVF International Conference on Computer Vision},
  pages={1--11},
  year={2019}
}

@inproceedings{wang2020cnndetection,
  title={CNN-generated images are surprisingly easy to spot... for now},
  author={Wang, Sheng-Yu and Wang, Oliver and Zhang, Richard and Owens, Andrew and Efros, Alexei A},
  booktitle={Proceedings of the IEEE/CVF Conference on Computer Vision and Pattern Recognition},
  pages={8695--8704},
  year={2020}
}
@inproceedings{chen2021defakehop,
  title={DefakeHop: A Light-Weight High-Performance Deepfake Detector},
  author={Chen, Hong-Shuo and Rouhsedaghat, Mozhdeh and Ghani, Hamza and Hu, Shuowen and You, Suya and Kuo, C-C Jay},
  booktitle={2021 IEEE International Conference on Multimedia and Expo (ICME)},
  pages={1--6},
  year={2021},
  organization={IEEE}
}

@article{wodajo2021cvit,
  title={Deepfake Video Detection Using Convolutional Vision Transformer},
  author={Wodajo, Deressa and Atnafu, Solomon},
  journal={arXiv preprint arXiv:2102.11126},
  year={2021}
}

@inproceedings{ruiz2020disrupting,
  title={Disrupting deepfakes: Adversarial attacks against conditional image translation networks and facial manipulation systems},
  author={Ruiz, Nataniel and Bargal, Sarah Adel and Sclaroff, Stan},
  booktitle={Computer Vision--ECCV 2020 Workshops: Glasgow, UK, August 23--28, 2020, Proceedings, Part IV 16},
  pages={236--251},
  year={2020},
  organization={Springer}
}

@inproceedings{yeh2020disrupting,
  title={Disrupting image-translation-based deepfake algorithms with adversarial attacks},
  author={Yeh, Chin-Yuan and Chen, Hsi-Wen and Tsai, Shang-Lun and Wang, Sheng-De},
  booktitle={Proceedings of the IEEE/CVF Winter Conference on Applications of Computer Vision Workshops},
  pages={53--62},
  year={2020}
}

@article{ruiz2020protecting,
  title={Protecting against image translation deepfakes by leaking universal perturbations from black-box neural networks},
  author={Ruiz, Nataniel and Bargal, Sarah Adel and Sclaroff, Stan},
  journal={arXiv preprint arXiv:2006.06493},
  year={2020}
}

@inproceedings{yang2021defending,
  title={Defending against gan-based deepfake attacks via transformation-aware adversarial faces},
  author={Yang, Chaofei and Ding, Leah and Chen, Yiran and Li, Hai},
  booktitle={2021 international joint conference on neural networks (IJCNN)},
  pages={1--8},
  year={2021},
  organization={IEEE}
}

@article{dong2023restricted,
  title={Restricted black-box adversarial attack against deepfake face swapping},
  author={Dong, Junhao and Wang, Yuan and Lai, Jianhuang and Xie, Xiaohua},
  journal={IEEE Transactions on Information Forensics and Security},
  year={2023},
  publisher={IEEE}
}

@inproceedings{huang2021initiative,
  title={Initiative defense against facial manipulation},
  author={Huang, Qidong and Zhang, Jie and Zhou, Wenbo and Zhang, Weiming and Yu, Nenghai},
  booktitle={Proceedings of the AAAI Conference on Artificial Intelligence},
  volume={35},
  pages={1619--1627},
  year={2021}
}


@inproceedings{wang2022deepfake,
  title={Deepfake disrupter: The detector of deepfake is my friend},
  author={Wang, Xueyu and Huang, Jiajun and Ma, Siqi and Nepal, Surya and Xu, Chang},
  booktitle={Proceedings of the IEEE/CVF Conference on Computer Vision and Pattern Recognition},
  pages={14920--14929},
  year={2022}
}


@article{madry2017pgd,
  title={Towards deep learning models resistant to adversarial attacks},
  author={Madry, Aleksander and Makelov, Aleksandar and Schmidt, Ludwig and Tsipras, Dimitris and Vladu, Adrian},
  journal={arXiv preprint arXiv:1706.06083},
  year={2017}
}

@article{karras2017celeb-hq,
  title={Progressive growing of gans for improved quality, stability, and variation},
  author={Karras, Tero and Aila, Timo and Laine, Samuli and Lehtinen, Jaakko},
  journal={arXiv preprint arXiv:1710.10196},
  year={2017}
}

@article{yang2020robfr,
  title={Robfr: Benchmarking adversarial robustness on face recognition},
  author={Yang, Xiao and Yang, Dingcheng and Dong, Yinpeng and Su, Hang and Yu, Wenjian and Zhu, Jun},
  journal={arXiv preprint arXiv:2007.04118},
  year={2020}
}
@inproceedings{deng2019arcface,
  title={Arcface: Additive angular margin loss for deep face recognition},
  author={Deng, Jiankang and Guo, Jia and Xue, Niannan and Zafeiriou, Stefanos},
  booktitle={Proceedings of the IEEE/CVF conference on computer vision and pattern recognition},
  pages={4690--4699},
  year={2019}
}
@inproceedings{schroff2015facenet,
  title={Facenet: A unified embedding for face recognition and clustering},
  author={Schroff, Florian and Kalenichenko, Dmitry and Philbin, James},
  booktitle={Proceedings of the IEEE conference on computer vision and pattern recognition},
  pages={815--823},
  year={2015}
}
@inproceedings{wang2018cosface,
  title={Cosface: Large margin cosine loss for deep face recognition},
  author={Wang, Hao and Wang, Yitong and Zhou, Zheng and Ji, Xing and Gong, Dihong and Zhou, Jingchao and Li, Zhifeng and Liu, Wei},
  booktitle={Proceedings of the IEEE conference on computer vision and pattern recognition},
  pages={5265--5274},
  year={2018}
}
@inproceedings{guo2016ms,
  title={Ms-celeb-1m: A dataset and benchmark for large-scale face recognition},
  author={Guo, Yandong and Zhang, Lei and Hu, Yuxiao and He, Xiaodong and Gao, Jianfeng},
  booktitle={Computer Vision--ECCV 2016: 14th European Conference, Amsterdam, The Netherlands, October 11-14, 2016, Proceedings, Part III 14},
  pages={87--102},
  year={2016},
  organization={Springer}
}
@inproceedings{cao2018vggface2,
  title={Vggface2: A dataset for recognising faces across pose and age},
  author={Cao, Qiong and Shen, Li and Xie, Weidi and Parkhi, Omkar M and Zisserman, Andrew},
  booktitle={2018 13th IEEE international conference on automatic face \& gesture recognition (FG 2018)},
  pages={67--74},
  year={2018},
  organization={IEEE}
}
@inproceedings{hu2022protecting,
  title={Protecting facial privacy: Generating adversarial identity masks via style-robust makeup transfer},
  author={Hu, Shengshan and Liu, Xiaogeng and Zhang, Yechao and Li, Minghui and Zhang, Leo Yu and Jin, Hai and Wu, Libing},
  booktitle={Proceedings of the IEEE/CVF Conference on Computer Vision and Pattern Recognition},
  pages={15014--15023},
  year={2022}
}

@inproceedings{zhang2018lpips,
  title={The unreasonable effectiveness of deep features as a perceptual metric},
  author={Zhang, Richard and Isola, Phillip and Efros, Alexei A and Shechtman, Eli and Wang, Oliver},
  booktitle={Proceedings of the IEEE conference on computer vision and pattern recognition},
  pages={586--595},
  year={2018}
}

@misc{kurakin2016adversarial,
  title={Adversarial examples in the physical world},
  author={Kurakin, Alexey and Goodfellow, Ian and Bengio, Samy and others},
  year={2016}
}

@article{goodfellow2014explaining,
  title={Explaining and harnessing adversarial examples},
  author={Goodfellow, Ian J and Shlens, Jonathon and Szegedy, Christian},
  journal={arXiv preprint arXiv:1412.6572},
  year={2014}
}
@article{goodfellow2014generative,
  title={Generative adversarial nets},
  author={Goodfellow, Ian and Pouget-Abadie, Jean and Mirza, Mehdi and Xu, Bing and Warde-Farley, David and Ozair, Sherjil and Courville, Aaron and Bengio, Yoshua},
  journal={Advances in neural information processing systems},
  volume={27},
  year={2014}
}

@inproceedings{wang2018high,
  title={High-resolution image synthesis and semantic manipulation with conditional gans},
  author={Wang, Ting-Chun and Liu, Ming-Yu and Zhu, Jun-Yan and Tao, Andrew and Kautz, Jan and Catanzaro, Bryan},
  booktitle={Proceedings of the IEEE conference on computer vision and pattern recognition},
  pages={8798--8807},
  year={2018}
}

@inproceedings{chen2021local,
  title={Local relation learning for face forgery detection},
  author={Chen, Shen and Yao, Taiping and Chen, Yang and Ding, Shouhong and Li, Jilin and Ji, Rongrong},
  booktitle={Proceedings of the AAAI conference on artificial intelligence},
  pages={1081--1088},
  year={2021}
}

@inproceedings{gu2022delving,
  title={Delving into the local: Dynamic inconsistency learning for deepfake video detection},
  author={Gu, Zhihao and Chen, Yang and Yao, Taiping and Ding, Shouhong and Li, Jilin and Ma, Lizhuang},
  booktitle={Proceedings of the AAAI Conference on Artificial Intelligence},
  pages={744--752},
  year={2022}
}

@article{wang2024deepfake,
  title={Deepfake detection: A comprehensive survey from the reliability perspective},
  author={Wang, Tianyi and Liao, Xin and Chow, Kam Pui and Lin, Xiaodong and Wang, Yinglong},
  journal={ACM Computing Surveys},
  volume={57},
  number={3},
  pages={1--35},
  year={2024},
  publisher={ACM New York, NY}
}

@article{wang2024deepfaker,
  title={DEEPFAKER: a unified evaluation platform for facial deepfake and detection models},
  author={Wang, Li and Meng, Xiangtao and Li, Dan and Zhang, Xuhong and Ji, Shouling and Guo, Shanqing},
  journal={ACM Transactions on Privacy and Security},
  volume={27},
  number={1},
  pages={1--34},
  year={2024},
  publisher={ACM New York, NY}
}


@article{meng2023ava,
  title={AVA: Inconspicuous Attribute Variation-based Adversarial Attack bypassing DeepFake Detection},
  author={Meng, Xiangtao and Wang, Li and Guo, Shanqing and Ju, Lei and Zhao, Qingchuan},
  journal={arXiv preprint arXiv:2312.08675},
  year={2023}
}

@inproceedings{tariq2022real,
  title={Am I a Real or Fake Celebrity? Evaluating Face Recognition and Verification APIs under Deepfake Impersonation Attack},
  author={Tariq, Shahroz and Jeon, Sowon and Woo, Simon S},
  booktitle={Proceedings of the ACM Web Conference 2022},
  pages={512--523},
  year={2022}
}

@inproceedings{ling2019deepsec,
  title={Deepsec: A uniform platform for security analysis of deep learning model},
  author={Ling, Xiang and Ji, Shouling and Zou, Jiaxu and Wang, Jiannan and Wu, Chunming and Li, Bo and Wang, Ting},
  booktitle={2019 IEEE Symposium on Security and Privacy (SP)},
  pages={673--690},
  year={2019},
  organization={IEEE}
}

@article{szegedy2013intriguing,
  title={Intriguing properties of neural networks},
  author={Szegedy, Christian and Zaremba, Wojciech and Sutskever, Ilya and Bruna, Joan and Erhan, Dumitru and Goodfellow, Ian and Fergus, Rob},
  journal={arXiv preprint arXiv:1312.6199},
  year={2013}
}

@inproceedings{moosavi2017uap,
  title={Universal adversarial perturbations},
  author={Moosavi-Dezfooli, Seyed-Mohsen and Fawzi, Alhussein and Fawzi, Omar and Frossard, Pascal},
  booktitle={Proceedings of the IEEE conference on computer vision and pattern recognition},
  pages={1765--1773},
  year={2017}
}

@article{goodfellow2014fgsm,
  title={Explaining and harnessing adversarial examples},
  author={Goodfellow, Ian J and Shlens, Jonathon and Szegedy, Christian},
  journal={arXiv preprint arXiv:1412.6572},
  year={2014}
}

@incollection{kurakin2018ifgsm,
  title={Adversarial examples in the physical world},
  author={Kurakin, Alexey and Goodfellow, Ian J and Bengio, Samy},
  booktitle={Artificial intelligence safety and security},
  pages={99--112},
  year={2018},
  publisher={Chapman and Hall/CRC}
}


@inproceedings{carlini2020evading,
  title={Evading deepfake-image detectors with white-and black-box attacks},
  author={Carlini, Nicholas and Farid, Hany},
  booktitle={Proceedings of the IEEE/CVF conference on computer vision and pattern recognition workshops},
  pages={658--659},
  year={2020}
}

@inproceedings{hussain2021adversarial,
  title={Adversarial deepfakes: Evaluating vulnerability of deepfake detectors to adversarial examples},
  author={Hussain, Shehzeen and Neekhara, Paarth and Jere, Malhar and Koushanfar, Farinaz and McAuley, Julian},
  booktitle={Proceedings of the IEEE/CVF winter conference on applications of computer vision},
  pages={3348--3357},
  year={2021}
}

@inproceedings{neekhara2021adversarial,
  title={Adversarial threats to deepfake detection: A practical perspective},
  author={Neekhara, Paarth and Dolhansky, Brian and Bitton, Joanna and Ferrer, Cristian Canton},
  booktitle={Proceedings of the IEEE/CVF conference on computer vision and pattern recognition},
  pages={923--932},
  year={2021}
}
@inproceedings{gandhi2020adversarial,
  title={Adversarial perturbations fool deepfake detectors},
  author={Gandhi, Apurva and Jain, Shomik},
  booktitle={2020 International joint conference on neural networks (IJCNN)},
  pages={1--8},
  year={2020},
  organization={IEEE}
}

@article{segalis2020ogan,
  title={OGAN: Disrupting deepfakes with an adversarial attack that survives training},
  author={Segalis, Eran and Galili, Eran},
  journal={arXiv preprint arXiv:2006.12247},
  year={2020}
}

@inproceedings{sun2020landmark,
  title={Landmark breaker: obstructing deepfake by disturbing landmark extraction},
  author={Sun, Pu and Li, Yuezun and Qi, Honggang and Lyu, Siwei},
  booktitle={2020 IEEE International Workshop on Information Forensics and Security (WIFS)},
  pages={1--6},
  year={2020},
  organization={IEEE}
}

@article{wang2022anti,
  title={Anti-forgery: Towards a stealthy and robust deepfake disruption attack via adversarial perceptual-aware perturbations},
  author={Wang, Run and Huang, Ziheng and Chen, Zhikai and Liu, Li and Chen, Jing and Wang, Lina},
  journal={arXiv preprint arXiv:2206.00477},
  year={2022}
}

@article{zhong2020towards,
  title={Towards transferable adversarial attack against deep face recognition},
  author={Zhong, Yaoyao and Deng, Weihong},
  journal={IEEE Transactions on Information Forensics and Security},
  volume={16},
  pages={1452--1466},
  year={2020},
  publisher={IEEE}
}

@inproceedings{xie2019improving,
  title={Improving transferability of adversarial examples with input diversity},
  author={Xie, Cihang and Zhang, Zhishuai and Zhou, Yuyin and Bai, Song and Wang, Jianyu and Ren, Zhou and Yuille, Alan L},
  booktitle={Proceedings of the IEEE/CVF conference on computer vision and pattern recognition},
  pages={2730--2739},
  year={2019}
}

@inproceedings{dong2019evading,
  title={Evading defenses to transferable adversarial examples by translation-invariant attacks},
  author={Dong, Yinpeng and Pang, Tianyu and Su, Hang and Zhu, Jun},
  booktitle={Proceedings of the IEEE/CVF conference on computer vision and pattern recognition},
  pages={4312--4321},
  year={2019}
}

@inproceedings{preechakul2022diffusion,
  title={Diffusion autoencoders: Toward a meaningful and decodable representation},
  author={Preechakul, Konpat and Chatthee, Nattanat and Wizadwongsa, Suttisak and Suwajanakorn, Supasorn},
  booktitle={Proceedings of the IEEE/CVF Conference on Computer Vision and Pattern Recognition},
  pages={10619--10629},
  year={2022}
}

@article{qu2024df,
  title={DF-RAP: A Robust Adversarial Perturbation for Defending against Deepfakes in Real-world Social Network Scenarios},
  author={Qu, Zuomin and Xi, Zuping and Lu, Wei and Luo, Xiangyang and Wang, Qian and Li, Bin},
  journal={IEEE Transactions on Information Forensics and Security},
  year={2024},
  publisher={IEEE}
}

@article{rosenberg2021adversarial,
  title={Adversarial machine learning attacks and defense methods in the cyber security domain},
  author={Rosenberg, Ishai and Shabtai, Asaf and Elovici, Yuval and Rokach, Lior},
  journal={ACM Computing Surveys (CSUR)},
  volume={54},
  number={5},
  pages={1--36},
  year={2021},
  publisher={ACM New York, NY, USA}
}

@inproceedings{kim2022diffusionclip,
  title={Diffusionclip: Text-guided diffusion models for robust image manipulation},
  author={Kim, Gwanghyun and Kwon, Taesung and Ye, Jong Chul},
  booktitle={Proceedings of the IEEE/CVF Conference on Computer Vision and Pattern Recognition},
  pages={2426--2435},
  year={2022}
}