@article{Agarwal1998,
  author = {Agarwal, R. and Prasad, J.},
  title = {The antecedents and consequents of user perceptions in information technology adoption},
  journal = {Decision Support Systems},
  volume = {22},
  number = {1},
  pages = {15--29},
  year = {1998},
  doi = {10.1016/S0167-9236(97)00006-7}
}

@article{Agrawal2024,
  author = {Agrawal, A. and Gans, J. S. and Goldfarb, A.},
  title = {Artificial intelligence adoption and system-wide change},
  journal = {Journal of Economics \& Management Strategy},
  volume = {33},
  number = {2},
  pages = {327--337},
  year = {2024},
  doi = {10.1111/jems.12521}
}

@techreport{Alekseeva2020,
  author = {Alekseeva, L. and Gine, M. and Samila, S. and Taska, B.},
  title = {AI Adoption and Firm Performance: Management versus IT},
  institution = {Social Science Research Network},
  type = {SSRN Scholarly Paper},
  number = {3677237},
  year = {2020},
  doi = {10.2139/ssrn.3677237}
}

@article{Aliman2021,
  author = {Aliman, N.-M. and Kester, L. and Yampolskiy, R.},
  title = {Transdisciplinary AI observatory—Retrospective analyses and future-oriented contradistinctions},
  journal = {Philosophies},
  volume = {6},
  number = {1},
  year = {2021},
  doi = {10.3390/philosophies6010006}
}

@misc{Allan2024,
  author = {Allan, K. and Azcona, J. and Sripada, Y. and Leontidis, G. and Sutherland, C. A. and Phillips, L. and Martin, D.},
  title = {Stereotypical Bias Amplification, and Reversal, in an Experimental Model of Human Interaction with Generative AI},
  year = {2024},
  note = {Available at \url{https://files.osf.io/v1/resources/r7vf5/providers/osfstorage/66cf11d43b765286af180a5f?format=pdf&action=download&direct&version=1}}
}

@article{Armenakis2002,
  author = {Armenakis, A. A. and Harris, S. G.},
  title = {Crafting a change message to create transformational readiness},
  journal = {Journal of Organizational Change Management},
  volume = {15},
  number = {2},
  pages = {169--183},
  year = {2002},
  doi = {10.1108/09534810210423080}
}

@incollection{Baker2012,
  author = {Baker, J.},
  title = {The Technology–Organization–Environment Framework},
  booktitle = {Information Systems Theory: Explaining and Predicting Our Digital Society, Vol. 1},
  editor = {Dwivedi, Y. K. and Wade, M. R. and Schneberger, S. L.},
  pages = {231--245},
  publisher = {Springer},
  year = {2012},
  doi = {10.1007/978-1-4419-6108-2_12}
}

@article{Balogun2005,
  author = {Balogun, J. and Johnson, G.},
  title = {From Intended Strategies to Unintended Outcomes: The Impact of Change Recipient Sensemaking},
  journal = {Organization Studies},
  volume = {26},
  number = {11},
  pages = {1573--1601},
  year = {2005},
  doi = {10.1177/0170840605054624},
  url = {https://doi.org/10.1177/0170840605054624}
}

@article{Biswas2023,
  author = {Biswas, S. and Dobaria, D. and Cohen, H. L.},
  title = {ChatGPT and the Future of Journal Reviews: A Feasibility Study},
  journal = {Yale Journal of Biology and Medicine},
  volume = {96},
  number = {3},
  pages = {415--420},
  year = {2023},
  doi = {10.59249/SKDH9286},
  url = {https://doi.org/10.59249/SKDH9286}
}

@techreport{Bommasani2022,
  author = {Bommasani, R. and Hudson, D. A. and Adeli, E. and Altman, R. and Arora, S. and von Arx, S. and Bernstein, M. S. and Bohg, J. and Bosselut, A. and Brunskill, E. and Brynjolfsson, E. and Buch, S. and Card, D. and Castellon, R. and Chatterji, N. and Chen, A. and Creel, K. and Davis, J. Q. and Demszky, D. and Liang, P.},
  title = {On the Opportunities and Risks of Foundation Models},
  institution = {arXiv},
  type = {Preprint},
  number = {arXiv:2108.07258},
  year = {2022},
  doi = {10.48550/arXiv.2108.07258},
  url = {https://doi.org/10.48550/arXiv.2108.07258}
}

@article{Boukhelifa2020,
  author = {Boukhelifa, N. and Bezerianos, A. and Chang, R. and Collins, C. and Drucker, S. and Endert, A. and Hullman, J. and North, C. and Sedlmair, M.},
  title = {Challenges in Evaluating Interactive Visual Machine Learning Systems},
  journal = {IEEE Computer Graphics and Applications},
  volume = {40},
  number = {6},
  pages = {88--96},
  year = {2020},
  doi = {10.1109/MCG.2020.3017064},
  url = {https://doi.org/10.1109/MCG.2020.3017064}
}

@article{Bryson2020,
  author = {Bryson, K. and Soligo, C. and Sommer, V.},
  title = {Interrogating Boundaries Against Animals and Machines: Human Speciesism in British Newspapers},
  journal = {Journal of Posthuman Studies: Philosophy Technology Media},
  volume = {4},
  number = {2},
  pages = {129--165},
  year = {2020},
  doi = {10.5325/jpoststud.4.2.0129},
  url = {https://doi.org/10.5325/jpoststud.4.2.0129}
}

@techreport{Bubeck2023,
  author = {Bubeck, S. and Chandrasekaran, V. and Eldan, R. and Gehrke, J. and Horvitz, E. and Kamar, E. and Lee, P. and Lee, Y. T. and Li, Y. and Lundberg, S. and Nori, H. and Palangi, H. and Ribeiro, M. T. and Zhang, Y.},
  title = {Sparks of Artificial General Intelligence: Early Experiments with GPT-4},
  institution = {arXiv},
  type = {Preprint},
  number = {arXiv:2303.12712},
  year = {2023},
  doi = {10.48550/arXiv.2303.12712},
  url = {https://doi.org/10.48550/arXiv.2303.12712}
}

@article{Bucinca2021,
  author = {Buçinca, Z. and Malaya, M. B. and Gajos, K. Z.},
  title = {To Trust or to Think: Cognitive Forcing Functions Can Reduce Overreliance on AI in AI-assisted Decision-making},
  journal = {Proceedings of the ACM on Human-Computer Interaction},
  volume = {5},
  number = {CSCW1},
  pages = {1--21},
  year = {2021},
  doi = {10.1145/3449287},
  url = {https://doi.org/10.1145/3449287}
}

@book{Charmaz2012,
  author = {Charmaz, K.},
  title = {Constructing Grounded Theory: A Practical Guide Through Qualitative Analysis},
  edition = {Reprint},
  publisher = {Sage},
  year = {2012}
}

@article{Chemaya2024,
  author = {Chemaya, N. and Martin, D.},
  title = {Perceptions and Detection of AI Use in Manuscript Preparation for Academic Journals},
  journal = {PLoS ONE},
  volume = {19},
  number = {7},
  pages = {e0304807},
  year = {2024},
  doi = {10.1371/journal.pone.0304807},
  url = {https://doi.org/10.1371/journal.pone.0304807}
}

@article{Choudhary2024,
  author = {Choudhary, S. and Kaushik, N. and Sivathanu, B. and Rana, N. P.},
  title = {Assessing Factors Influencing Customers’ Adoption of AI-Based Voice Assistants},
  journal = {Journal of Computer Information Systems},
  year = {2024},
  doi = {10.1080/08874417.2024.2312858},
  url = {https://doi.org/10.1080/08874417.2024.2312858}
}

@article{Cooper2024,
  author = {Cooper, R. G.},
  title = {Why AI Projects Fail: Lessons From New Product Development},
  journal = {IEEE Engineering Management Review},
  pages = {1--8},
  year = {2024},
  doi = {10.1109/EMR.2024.3419268},
  url = {https://doi.org/10.1109/EMR.2024.3419268}
}

@article{Crossan1999,
  author = {Crossan, M. M. and Lane, H. W. and White, R. E.},
  title = {An Organizational Learning Framework: From Intuition to Institution},
  journal = {The Academy of Management Review},
  volume = {24},
  number = {3},
  pages = {522--537},
  year = {1999},
  doi = {10.2307/259140},
  url = {https://doi.org/10.2307/259140}
}

@article{Cubric2020,
  author = {Cubric, M.},
  title = {Drivers, Barriers and Social Considerations for AI Adoption in Business and Management: A Tertiary Study},
  journal = {Technology in Society},
  volume = {62},
  pages = {101257},
  year = {2020},
  doi = {10.1016/j.techsoc.2020.101257},
  url = {https://doi.org/10.1016/j.techsoc.2020.101257}
}

@article{Davis1989,
  author = {Davis, F. D.},
  title = {Perceived Usefulness, Perceived Ease of Use, and User Acceptance of Information Technology},
  journal = {MIS Quarterly},
  volume = {13},
  number = {3},
  pages = {319--340},
  year = {1989},
  doi = {10.2307/249008},
  url = {https://doi.org/10.2307/249008}
}

@article{Edmondson2007,
  author = {Edmondson, A. C. and McManus, S. E.},
  title = {Methodological Fit in Management Field Research},
  journal = {Academy of Management Review},
  volume = {32},
  number = {4},
  pages = {1155--1179},
  year = {2007}
}

@article{Eisenhardt1989,
  author = {Eisenhardt, K. M.},
  title = {Building Theories from Case Study Research},
  journal = {The Academy of Management Review},
  volume = {14},
  number = {4},
  pages = {532--550},
  year = {1989},
  doi = {10.2307/258557},
  url = {https://doi.org/10.2307/258557}
}

@article{Etikan2016,
  author = {Etikan, I.},
  title = {Comparison of Convenience Sampling and Purposive Sampling},
  journal = {American Journal of Theoretical and Applied Statistics},
  volume = {5},
  number = {1},
  pages = {1},
  year = {2016},
  doi = {10.11648/j.ajtas.20160501.11},
  url = {https://doi.org/10.11648/j.ajtas.20160501.11}
}

@article{FakhrHosseini2024,
  author = {FakhrHosseini, S. and Chan, K. and Lee, C. and Jeon, M. and Son, H. and Rudnik, J. and Coughlin, J.},
  title = {User Adoption of Intelligent Environments: A Review of Technology Adoption Models, Challenges, and Prospects},
  journal = {International Journal of Human–Computer Interaction},
  volume = {40},
  number = {4},
  pages = {986--998},
  year = {2024},
  doi = {10.1080/10447318.2022.2118851},
  url = {https://doi.org/10.1080/10447318.2022.2118851}
}

@article{Fang2023,
  author = {Fang, X. and Ng, D. T. K. and Leung, J. K. L. and Chu, S. K. W.},
  title = {A Systematic Review of Artificial Intelligence Technologies Used for Story Writing},
  journal = {Education and Information Technologies},
  volume = {28},
  number = {11},
  pages = {14361--14397},
  year = {2023},
  doi = {10.1007/s10639-023-11741-5},
  url = {https://doi.org/10.1007/s10639-023-11741-5}
}

@article{Felemban2024,
  author = {Felemban, H. and Sohail, M. and Ruikar, K.},
  title = {Exploring the Readiness of Organisations to Adopt Artificial Intelligence},
  journal = {Buildings},
  volume = {14},
  number = {8},
  pages = {Article 8},
  year = {2024},
  doi = {10.3390/buildings14082460},
  url = {https://doi.org/10.3390/buildings14082460}
}

@article{Gioia2013,
  author = {Gioia, D. A. and Corley, K. G. and Hamilton, A. L.},
  title = {Seeking Qualitative Rigor in Inductive Research: Notes on the Gioia Methodology},
  journal = {Organizational Research Methods},
  volume = {16},
  number = {1},
  pages = {15--31},
  year = {2013},
  doi = {10.1177/1094428112452151},
  url = {https://doi.org/10.1177/1094428112452151}
}

@article{Glikson2020,
  author = {Glikson, E. and Woolley, A. W.},
  title = {Human Trust in Artificial Intelligence: Review of Empirical Research},
  journal = {Academy of Management Annals},
  volume = {14},
  number = {2},
  pages = {627--660},
  year = {2020},
  doi = {10.5465/annals.2018.0057},
  url = {https://doi.org/10.5465/annals.2018.0057}
}

@article{Guest2006,
  author = {Guest, G. and Bunce, A. and Johnson, L.},
  title = {How Many Interviews Are Enough?: An Experiment with Data Saturation and Variability},
  journal = {Field Methods},
  volume = {18},
  number = {1},
  pages = {59--82},
  year = {2006},
  doi = {10.1177/1525822X05279903},
  url = {https://doi.org/10.1177/1525822X05279903}
}

@article{Haenssgen2018,
  author = {Haenssgen, M. J. and Ariana, P.},
  title = {The Place of Technology in the Capability Approach},
  journal = {Oxford Development Studies},
  volume = {46},
  number = {1},
  pages = {98--112},
  year = {2018},
  doi = {10.1080/13600818.2017.1325456},
  url = {https://doi.org/10.1080/13600818.2017.1325456}
}

@article{Haxvig2024,
  author = {Haxvig, H. A.},
  title = {Concerns on Bias in Large Language Models when Creating Synthetic Personae},
  journal = {arXiv},
  year = {2024},
  archivePrefix = {arXiv},
  eprint = {2405.05080},
  url = {http://arxiv.org/abs/2405.05080}
}

@article{Heimberger2024,
  author = {Heimberger, H. and Horvat, D. and Schultmann, F.},
  title = {Exploring the Factors Driving AI Adoption in Production: A Systematic Literature Review and Future Research Agenda},
  journal = {Information Technology and Management},
  year = {2024},
  doi = {10.1007/s10799-024-00436-z},
  url = {https://doi.org/10.1007/s10799-024-00436-z}
}

@article{Henry2022,
  author = {Henry, K. E. and Kornfield, R. and Sridharan, A. and Linton, R. C. and Groh, C. and Wang, T. and Wu, A. and Mutlu, B. and Saria, S.},
  title = {Human–Machine Teaming is Key to AI Adoption: Clinicians’ Experiences with a Deployed Machine Learning System},
  journal = {NPJ Digital Medicine},
  volume = {5},
  number = {1},
  pages = {1--6},
  year = {2022},
  doi = {10.1038/s41746-022-00597-7},
  url = {https://doi.org/10.1038/s41746-022-00597-7}
}

@article{Holt2007,
  author = {Holt, D. T. and Armenakis, A. A. and Feild, H. S. and Harris, S. G.},
  title = {Readiness for Organizational Change: The Systematic Development of a Scale},
  journal = {The Journal of Applied Behavioral Science},
  volume = {43},
  number = {2},
  pages = {232--255},
  year = {2007},
  doi = {10.1177/0021886306295295},
  url = {https://doi.org/10.1177/0021886306295295}
}

@article{Hradecky2022,
  author = {Hradecky, D. and Kennell, J. and Cai, W. and Davidson, R.},
  title = {Organizational Readiness to Adopt Artificial Intelligence in the Exhibition Sector in Western Europe},
  journal = {International Journal of Information Management},
  volume = {65},
  pages = {102497},
  year = {2022},
  doi = {10.1016/j.ijinfomgt.2022.102497},
  url = {https://doi.org/10.1016/j.ijinfomgt.2022.102497}
}

@article{Johnk2021,
  author = {Jöhnk, J. and Weißert, M. and Wyrtki, K.},
  title = {Ready or Not, AI Comes—An Interview Study of Organizational AI Readiness Factors},
  journal = {Business \& Information Systems Engineering},
  volume = {63},
  number = {1},
  pages = {5--20},
  year = {2021},
  doi = {10.1007/s12599-020-00676-7},
  url = {https://doi.org/10.1007/s12599-020-00676-7}
}

@misc{Massey2024,
  author = {Karen Massey},
  title = {IDC’s Worldwide AI and Generative AI Spending – Industry Outlook},
  year = {2024},
  howpublished = {IDC Blog},
  url = {https://blogs.idc.com/2024/08/21/idcs-worldwide-ai-and-generative-ai-spending-industry-outlook/}
}

@article{Kelley2022,
  author = {Kelley, S.},
  title = {Employee Perceptions of the Effective Adoption of AI Principles},
  journal = {Journal of Business Ethics},
  volume = {178},
  number = {4},
  pages = {871--893},
  year = {2022},
  doi = {10.1007/s10551-022-05051-y},
  url = {https://doi.org/10.1007/s10551-022-05051-y}
}

@inproceedings{Lai2023,
  author = {Lai, V. and Zhang, Y. and Chen, C. and Liao, Q. V. and Tan, C.},
  title = {Selective Explanations: Leveraging Human Input to Align Explainable AI},
  booktitle = {Proceedings of the ACM on Human-Computer Interaction},
  volume = {7},
  number = {CSCW2},
  pages = {1--35},
  year = {2023},
  doi = {10.1145/3610206},
  url = {https://doi.org/10.1145/3610206}
}

@article{Li2023,
  author = {Li, C. and Gan, Z. and Yang, Z. and Yang, J. and Li, L. and Wang, L. and Gao, J.},
  title = {Multimodal Foundation Models: From Specialists to General-Purpose Assistants},
  journal = {arXiv},
  year = {2023},
  archivePrefix = {arXiv},
  eprint = {2309.10020},
  doi = {10.48550/arXiv.2309.10020},
  url = {https://doi.org/10.48550/arXiv.2309.10020}
}

@article{Lin2024,
  author = {Lin, J. and Tomlin, N. and Andreas, J. and Eisner, J.},
  title = {Decision-oriented Dialogue for Human-AI Collaboration},
  journal = {Transactions of the Association for Computational Linguistics},
  volume = {12},
  pages = {892--911},
  year = {2024}
}

@article{Maitlis2014,
  author = {Maitlis, S. and Christianson, M.},
  title = {Sensemaking in Organizations: Taking Stock and Moving Forward},
  journal = {The Academy of Management Annals},
  volume = {8},
  number = {1},
  pages = {57--125},
  year = {2014},
  doi = {10.1080/19416520.2014.873177},
  url = {https://doi.org/10.1080/19416520.2014.873177}
}

@misc{Maslej2024,
  author = {Maslej, N. and Fattorini, L. and Perrault, R. and Parli, V. and Reuel, A. and Brynjolfsson, E. and Etchemendy, J. and Ligett, K. and Lyons, T. and Manyika, J. and Niebles, J. C. and Shoham, Y. and Wald, R. and Clark, J.},
  title = {The AI Index 2024 Annual Report},
  year = {2024},
  institution = {AI Index Steering Committee, Institute for Human-Centered AI, Stanford University}
}

@article{MikelHong2024,
  author = {Mikel-Hong, K. and Li, N. and Yu, J. (Joya) and Chen, X.},
  title = {Resistance to Change: Unraveling the Roles of Change Strategists, Agents, and Recipients},
  journal = {Journal of Management},
  volume = {50},
  number = {6},
  pages = {1984--2011},
  year = {2024},
  doi = {10.1177/01492063231198189},
  url = {https://doi.org/10.1177/01492063231198189}
}

@article{Mills2006,
  author = {Mills, J. and Bonner, A. and Francis, K.},
  title = {The Development of Constructivist Grounded Theory},
  journal = {International Journal of Qualitative Methods},
  volume = {5},
  number = {1},
  pages = {25--35},
  year = {2006},
  doi = {10.1177/160940690600500103},
  url = {https://doi.org/10.1177/160940690600500103}
}

@article{Moore1991,
  author = {Moore, G. C. and Benbasat, I.},
  title = {Development of an Instrument to Measure the Perceptions of Adopting an Information Technology Innovation},
  journal = {Information Systems Research},
  volume = {2},
  number = {3},
  pages = {192--222},
  year = {1991},
  doi = {10.1287/isre.2.3.192},
  url = {https://doi.org/10.1287/isre.2.3.192}
}

@inproceedings{Morais2023,
  author = {Morais, F. L. D. and Garcia, A. C. B. and Dos Santos, P. S. M. and Ribeiro, L. A. P. A.},
  title = {Do Explainable AI Techniques Effectively Explain Their Rationale? A Case Study from the Domain Expert’s Perspective},
  booktitle = {2023 26th International Conference on Computer Supported Cooperative Work in Design (CSCWD)},
  pages = {1569--1574},
  year = {2023},
  doi = {10.1109/CSCWD57460.2023.10152722},
  url = {https://doi.org/10.1109/CSCWD57460.2023.10152722}
}

@inproceedings{Muller2022,
  author = {Muller, M. and Chilton, L. B. and Kantosalo, A. and Martin, C. P. and Walsh, G.},
  title = {GenAICHI: Generative AI and HCI},
  booktitle = {CHI Conference on Human Factors in Computing Systems Extended Abstracts},
  pages = {1--7},
  year = {2022},
  doi = {10.1145/3491101.3503719},
  url = {https://doi.org/10.1145/3491101.3503719}
}

@article{Nasarian2024,
  author = {Nasarian, E. and Alizadehsani, R. and Acharya, U. R. and Tsui, K.-L.},
  title = {Designing Interpretable ML System to Enhance Trust in Healthcare: A Systematic Review to Proposed Responsible Clinician-AI-Collaboration Framework},
  journal = {Information Fusion},
  volume = {108},
  year = {2024},
  doi = {10.1016/j.inffus.2024.102412},
  url = {https://doi.org/10.1016/j.inffus.2024.102412}
}

@incollection{Novak2022,
  author = {Novak, J. and Maljur, T. and Drenska, K.},
  title = {Transferring AI Explainability to User-Centered Explanations of Complex COVID-19 Information},
  booktitle = {HCI INTERNATIONAL 2022—LATE BREAKING PAPERS: INTERACTING WITH EXTENDED REALITY AND ARTIFICIAL INTELLIGENCE},
  series = {Lecture Notes in Computer Science},
  volume = {13518},
  pages = {441--460},
  year = {2022},
  editor = {Chen, J. Y. C. and Fragomeni, G. and Degen, H. and Ntoa, S.},
  publisher = {Springer International Publishing Ag},
  doi = {10.1007/978-3-031-21707-4_31},
  url = {https://doi.org/10.1007/978-3-031-21707-4\_31}
}

@article{Orlikowski1994,
  author = {Orlikowski, W. J. and Gash, D. C.},
  title = {Technological Frames: Making Sense of Information Technology in Organizations},
  journal = {ACM Transactions on Information Systems},
  volume = {12},
  number = {2},
  pages = {174--207},
  year = {1994},
  doi = {10.1145/196734.196745},
  url = {https://doi.org/10.1145/196734.196745}
}

@book{Patton2002,
  author = {Patton, M. Q.},
  title = {Qualitative Research and Evaluation Methods},
  edition = {3},
  publisher = {Sage Publications},
  year = {2002}
}

@article{Peters2022,
  author = {Peters, U.},
  title = {What Is the Function of Confirmation Bias?},
  journal = {Erkenntnis},
  volume = {87},
  number = {3},
  pages = {1351--1376},
  year = {2022},
  doi = {10.1007/s10670-020-00252-1},
  url = {https://doi.org/10.1007/s10670-020-00252-1}
}

@inproceedings{Pinto2024,
  author = {Pinto, G. and De Souza, C. and Rocha, T. and Steinmacher, I. and Souza, A. and Monteiro, E.},
  title = {Developer Experiences with a Contextualized AI Coding Assistant: Usability, Expectations, and Outcomes},
  booktitle = {Proceedings of the IEEE/ACM International Conference on AI Engineering - Software Engineering AI (CAIN)},
  pages = {81--91},
  year = {2024},
  doi = {10.1145/3644815.3644949},
  url = {https://doi.org/10.1145/3644815.3644949}
}

@inproceedings{Qian2024,
  author = {Qian, C. and Wexler, J.},
  title = {Take It, Leave It, or Fix It: Measuring Productivity and Trust in Human-AI Collaboration},
  booktitle = {Proceedings of the 2024 29th Annual Conference on Intelligent User Interfaces (IUI 2024)},
  pages = {370--384},
  year = {2024},
  doi = {10.1145/3640543.3645198},
  url = {https://doi.org/10.1145/3640543.3645198}
}

@article{Sadeck2022,
  author = {Sadeck, O.},
  title = {Technology Adoption Model: Is Use/Non-Use a Case of Technological Affordances or Psychological Disposition or Pedagogical Reasoning in the Context of Teaching During the COVID-19 Pandemic Period?},
  journal = {Frontiers in Education},
  volume = {7},
  year = {2022},
  doi = {10.3389/feduc.2022.906195},
  url = {https://doi.org/10.3389/feduc.2022.906195}
}

@article{Siau2018,
  author = {Siau, K. and Wang, W.},
  title = {Building Trust in Artificial Intelligence, Machine Learning, and Robotics},
  journal = {Cutter Business Technology Journal},
  volume = {31},
  pages = {47--53},
  year = {2018}
}

@inproceedings{Singh2023,
  author = {Singh, B. and Rahim, M. A. B. U. and Hussain, S. and Rizwan, M. A. and Zhao, J.},
  title = {AI Ethics in Healthcare-A Survey},
  booktitle = {Proceedings of the IEEE International Conference on Software Quality, Reliability, and Security Companion (QRS-C)},
  pages = {826--833},
  year = {2023},
  doi = {10.1109/QRS-C60940.2023.00086},
  url = {https://doi.org/10.1109/QRS-C60940.2023.00086}
}

@article{Sunny2019,
  author = {Sunny, S. and Patrick, L. and Rob, L.},
  title = {Impact of Cultural Values on Technology Acceptance and Technology Readiness},
  journal = {International Journal of Hospitality Management},
  volume = {77},
  pages = {89--96},
  year = {2019},
  doi = {10.1016/j.ijhm.2018.06.017},
  url = {https://doi.org/10.1016/j.ijhm.2018.06.017}
}

@article{Thiebes2021,
  author = {Thiebes, S. and Lins, S. and Sunyaev, A.},
  title = {Trustworthy Artificial Intelligence},
  journal = {Electronic Markets},
  volume = {31},
  number = {2},
  pages = {447--464},
  year = {2021},
  doi = {10.1007/s12525-020-00441-4},
  url = {https://doi.org/10.1007/s12525-020-00441-4}
}

@article{Trenerry2021,
  author = {Trenerry, B. and Chng, S. and Wang, Y. and Suhaila, Z. S. and Lim, S. S. and Lu, H. Y. and Oh, P. H.},
  title = {Preparing Workplaces for Digital Transformation: An Integrative Review and Framework of Multi-Level Factors},
  journal = {Frontiers in Psychology},
  volume = {12},
  pages = {620766},
  year = {2021},
  doi = {10.3389/fpsyg.2021.620766},
  url = {https://doi.org/10.3389/fpsyg.2021.620766}
}

@article{Tursunbayeva2024,
  author = {Tursunbayeva, A. and Chalutz-Ben Gal, H.},
  title = {Adoption of Artificial Intelligence: A TOP Framework-Based Checklist for Digital Leaders},
  journal = {Business Horizons},
  volume = {67},
  number = {4},
  pages = {357--368},
  year = {2024},
  doi = {10.1016/j.bushor.2024.04.006},
  url = {https://doi.org/10.1016/j.bushor.2024.04.006}
}

@article{Venkatesh2003,
  author = {Venkatesh, V. and Morris, M. G. and Davis, G. B. and Davis, F. D.},
  title = {User Acceptance of Information Technology: Toward a Unified View},
  journal = {MIS Quarterly},
  volume = {27},
  number = {3},
  pages = {425--478},
  year = {2003},
  doi = {10.2307/30036540},
  url = {https://doi.org/10.2307/30036540}
}

@article{vonSchenk2023,
  author = {von Schenk, A. and Klockmann, V. and Koebis, N.},
  title = {Social Preferences Toward Humans and Machines: A Systematic Experiment on the Role of Machine Payoffs},
  journal = {Perspectives on Psychological Science},
  year = {2023},
  doi = {10.1177/17456916231194949},
  url = {https://doi.org/10.1177/17456916231194949}
}

@article{Weber2023,
  author = {Weber, M. and Engert, M. and Schaffer, N. and Weking, J. and Krcmar, H.},
  title = {Organizational Capabilities for AI Implementation—Coping with Inscrutability and Data Dependency in AI},
  journal = {Information Systems Frontiers},
  volume = {25},
  number = {4},
  pages = {1549--1569},
  year = {2023},
  doi = {10.1007/s10796-022-10297-y},
  url = {https://doi.org/10.1007/s10796-022-10297-y}
}

@book{Weick1995,
  author = {Weick, K. E.},
  title = {Sensemaking in Organizations},
  volume = {3},
  publisher = {SAGE Publications, Inc.},
  year = {1995}
}

@article{Weick2005,
  author = {Weick, K. E. and Sutcliffe, K. M. and Obstfeld, D.},
  title = {Organizing and the Process of Sensemaking},
  journal = {Organization Science},
  volume = {16},
  number = {4},
  pages = {409--421},
  year = {2005},
  doi = {10.1287/orsc.1050.0133},
  url = {https://doi.org/10.1287/orsc.1050.0133}
}

@article{Weiner2009,
  author = {Weiner, B. J.},
  title = {A Theory of Organizational Readiness for Change},
  journal = {Implementation Science},
  volume = {4},
  number = {1},
  pages = {67},
  year = {2009},
  doi = {10.1186/1748-5908-4-67},
  url = {https://doi.org/10.1186/1748-5908-4-67}
}

@article{Westenberger2022,
  author = {Westenberger, J. and Schuler, K. and Schlegel, D.},
  title = {Failure of AI Projects: Understanding the Critical Factors},
  journal = {Procedia Computer Science},
  volume = {196},
  pages = {69--76},
  year = {2022},
  doi = {10.1016/j.procs.2021.11.074},
  url = {https://doi.org/10.1016/j.procs.2021.11.074}
}

@inproceedings{Whittle2021,
  author = {Whittle, J. and Hussain, W.},
  title = {Human Values in Requirements Engineering: RRE’21 Tutorial},
  booktitle = {Proc. Int. Conf. Requir. Eng.},
  pages = {514--515},
  publisher = {IEEE Computer Society},
  year = {2021},
  doi = {10.1109/RE51729.2021.00081},
  url = {https://doi.org/10.1109/RE51729.2021.00081}
}

@article{Xiangwei2022,
  author = {Xiangwei, K. and Ziming, W. and Mingzheng, W. and Xiangpei, H.},
  title = {Trustworthy Decision-Making in Artificial Intelligence-Enabled Systems: Progress and Challenges},
  journal = {Journal of Industrial Engineering and Engineering Management},
  volume = {36},
  number = {6},
  pages = {1--14},
  year = {2022},
  doi = {10.13587/j.cnki.jieem.2022.06.001},
  url = {https://doi.org/10.13587/j.cnki.jieem.2022.06.001}
}

@article{Yang2024,
  author = {Yang, J. and Blount, Y. and Amrollahi, A.},
  title = {Artificial Intelligence Adoption in a Professional Service Industry: A Multiple Case Study},
  journal = {Technological Forecasting and Social Change},
  volume = {201},
  pages = {123251},
  year = {2024},
  doi = {10.1016/j.techfore.2024.123251},
  url = {https://doi.org/10.1016/j.techfore.2024.123251}
}

@article{Yin2024,
  author = {Yin, Y. and Mueller, J. and Wakslak, C.},
  title = {Understanding How People React to Change: A Domain of Uncertainty Approach},
  journal = {Academy of Management Annals},
  volume = {18},
  number = {2},
  pages = {712--754},
  year = {2024},
  doi = {10.5465/annals.2022.0033},
  url = {https://doi.org/10.5465/annals.2022.0033}
}

@article{Young2004,
  author = {Young, R. A. and Collin, A.},
  title = {Introduction: Constructivism and Social Constructionism in the Career Field},
  journal = {Journal of Vocational Behavior},
  volume = {64},
  number = {3},
  pages = {373--388},
  year = {2004},
  doi = {10.1016/j.jvb.2003.12.005},
  url = {https://doi.org/10.1016/j.jvb.2003.12.005}
}

@article{zhang2023human,
  author = {Zhang, Y. and Gosline, R.},
  title = {Human favoritism, not AI aversion: People’s perceptions (and bias) toward generative AI, human experts, and human–GAI collaboration in persuasive content generation},
  journal = {Judgment and Decision Making},
  volume = {18},
  pages = {e41},
  year = {2023}
}

@inproceedings{zhang2024symlearn,
  author = {Zhang, Y. and Zong, R. and Shang, L. and Zeng, H. and Yue, Z. and Wang, D.},
  title = {SymLearn: A Symbiotic Crowd-AI Collective Learning Framework to Web-based Healthcare Policy Adherence Assessment},
  booktitle = {WWW - Proc. ACM Web Conf.},
  pages = {2497--2508},
  year = {2024},
  publisher = {Scopus},
  doi = {10.1145/3589334.3645519}
}

@article{zhou2023teaching,
  author = {Zhou, K. Z. and Cao, J. and Yuan, X. and Weissglass, D. E. and Kilhoffer, Z. and Sanfilippo, M. R. and Tong, X.},
  title = {‘I’m Not Confident in Debiasing AI Systems Since I Know Too Little’: Teaching AI Creators About Gender Bias Through Hands-on Tutorials},
  journal = {arXiv},
  year = {2023},
  note = {arXiv:2309.08121},
  url = {http://arxiv.org/abs/2309.08121}
}

