@article{chakraborty2023ranking,
  title={Ranking llm-generated loop invariants for program verification},
  author={Chakraborty, Saikat and Lahiri, Shuvendu K and Fakhoury, Sarah and Musuvathi, Madanlal and Lal, Akash and Rastogi, Aseem and Senthilnathan, Aditya and Sharma, Rahul and Swamy, Nikhil},
  journal={arXiv preprint arXiv:2310.09342},
  year={2023}
}

@inproceedings{chen2024reasoning,
	title={Reasoning Runtime Behavior of a Program with LLM: How Far Are We?},
	author={Chen, Junkai and Pan, Zhiyuan and Hu, Xing and Li, Zhenhao and Li, Ge and Xia, Xin},
	booktitle={Proceedings of the IEEE/ACM 47th International Conference on Software Engineering},
	year={2025},
}

@article{cobbe2021training,
  title={Training Verifiers to Solve Math Word Problems},
  author={Cobbe, Karl and Kosaraju, Vineet and Bavarian, Mohammad and Hilton, Jacob and Nakano, Reiichiro and Hesse, Christopher and Schulman, John},
  journal={arXiv preprint arXiv:2110.14168},
  year={2021}
}

@article{ernst2007daikon,
  title={The Daikon system for dynamic detection of likely invariants},
  author={Ernst, Michael D and Perkins, Jeff H and Guo, Philip J and McCamant, Stephen and Pacheco, Carlos and Tschantz, Matthew S and Xiao, Chen},
  journal={Science of computer programming},
  volume={69},
  number={1-3},
  pages={35--45},
  year={2007},
  publisher={Elsevier}
}

@inproceedings{flanagan2001houdini,
  title={Houdini, an annotation assistant for ESC/Java},
  author={Flanagan, Cormac and Leino, K Rustan M},
  booktitle={International Symposium of Formal Methods Europe},
  pages={500--517},
  year={2001},
  organization={Springer}
}

@inproceedings{hendrycks2021measuring,
  title={Measuring Mathematical Problem Solving With the MATH Dataset},
  author={Hendrycks, Dan and Burns, Collin and Kadavath, Saurav and Arora, Akul and Basart, Steven and Tang, Eric and Song, Dawn and Steinhardt, Jacob},
  booktitle={Thirty-fifth Conference on Neural Information Processing Systems Datasets and Benchmarks Track (Round 2)}
}

@inproceedings{hu2018deep,
  title={Deep code comment generation},
  author={Hu, Xing and Li, Ge and Xia, Xin and Lo, David and Jin, Zhi},
  booktitle={Proceedings of the 26th conference on program comprehension},
  pages={200--210},
  year={2018}
}

@article{husain2019codesearchnet,
  title={Codesearchnet challenge: Evaluating the state of semantic code search},
  author={Husain, Hamel and Wu, Ho-Hsiang and Gazit, Tiferet and Allamanis, Miltiadis and Brockschmidt, Marc},
  journal={arXiv preprint arXiv:1909.09436},
  year={2019}
}

@article{jain2024livecodebench,
  title={Livecodebench: Holistic and contamination free evaluation of large language models for code},
  author={Jain, Naman and Han, King and Gu, Alex and Li, Wen-Ding and Yan, Fanjia and Zhang, Tianjun and Wang, Sida and Solar-Lezama, Armando and Sen, Koushik and Stoica, Ion},
  journal={arXiv preprint arXiv:2403.07974},
  year={2024}
}

@article{jin2023can,
  title={Can large language models infer causation from correlation?},
  author={Jin, Zhijing and Liu, Jiarui and Lyu, Zhiheng and Poff, Spencer and Sachan, Mrinmaya and Mihalcea, Rada and Diab, Mona and Sch{\"o}lkopf, Bernhard},
  journal={arXiv preprint arXiv:2306.05836},
  year={2023}
}

@article{jin2024cladder,
  title={Cladder: A benchmark to assess causal reasoning capabilities of language models},
  author={Jin, Zhijing and Chen, Yuen and Leeb, Felix and Gresele, Luigi and Kamal, Ojasv and Lyu, Zhiheng and Blin, Kevin and Gonzalez Adauto, Fernando and Kleiman-Weiner, Max and Sachan, Mrinmaya and others},
  journal={Advances in Neural Information Processing Systems},
  volume={36},
  year={2024}
}

@inproceedings{liu2021logiqa,
  title={LogiQA: a challenge dataset for machine reading comprehension with logical reasoning},
  author={Liu, Jian and Cui, Leyang and Liu, Hanmeng and Huang, Dandan and Wang, Yile and Zhang, Yue},
  booktitle={Proceedings of the Twenty-Ninth International Conference on International Joint Conferences on Artificial Intelligence},
  pages={3622--3628},
  year={2021}
}

@article{ma2024specgen,
  title={SpecGen: Automated Generation of Formal Program Specifications via Large Language Models},
  author={Ma, Lezhi and Liu, Shangqing and Li, Yi and Xie, Xiaofei and Bu, Lei},
  journal={arXiv preprint arXiv:2401.08807},
  year={2024}
}

@article{nguyen2014dig,
  title={DIG: A dynamic invariant generator for polynomial and array invariants},
  author={Nguyen, Thanhvu and Kapur, Deepak and Weimer, Westley and Forrest, Stephanie},
  journal={ACM Transactions on Software Engineering and Methodology (TOSEM)},
  volume={23},
  number={4},
  pages={1--30},
  year={2014},
  publisher={ACM New York, NY, USA}
}

@inproceedings{nilizadeh2021exploring,
  title={Exploring true test overfitting in dynamic automated program repair using formal methods},
  author={Nilizadeh, Amirfarhad and Leavens, Gary T and Le, Xuan-Bach D and P{\u{a}}s{\u{a}}reanu, Corina S and Cok, David R},
  booktitle={2021 14th IEEE conference on software testing, verification and validation (ICST)},
  pages={229--240},
  year={2021},
  organization={IEEE}
}

@inproceedings{pei2023can,
  title={Can large language models reason about program invariants?},
  author={Pei, Kexin and Bieber, David and Shi, Kensen and Sutton, Charles and Yin, Pengcheng},
  booktitle={International Conference on Machine Learning},
  pages={27496--27520},
  year={2023},
  organization={PMLR}
}

@inproceedings{wen2024enchanting,
  title={Enchanting program specification synthesis by large language models using static analysis and program verification},
  author={Wen, Cheng and Cao, Jialun and Su, Jie and Xu, Zhiwu and Qin, Shengchao and He, Mengda and Li, Haokun and Cheung, Shing-Chi and Tian, Cong},
  booktitle={International Conference on Computer Aided Verification},
  pages={302--328},
  year={2024},
  organization={Springer}
}

@article{yang2022language,
  title={Language models as inductive reasoners},
  author={Yang, Zonglin and Dong, Li and Du, Xinya and Cheng, Hao and Cambria, Erik and Liu, Xiaodong and Gao, Jianfeng and Wei, Furu},
  journal={arXiv preprint arXiv:2212.10923},
  year={2022}
}

