@inproceedings{lamsweerde2000formal,
  title={Formal specification: a roadmap},
  author={Lamsweerde, Axel van},
  booktitle={Proceedings of the Conference on the Future of Software Engineering},
  pages={147--159},
  year={2000}
}

@article{klein2014comprehensive,
  title={Comprehensive formal verification of an OS microkernel},
  author={Klein, Gerwin and Andronick, June and Elphinstone, Kevin and Murray, Toby and Sewell, Thomas and Kolanski, Rafal and Heiser, Gernot},
  journal={ACM Transactions on Computer Systems (TOCS)},
  volume={32},
  number={1},
  pages={1--70},
  year={2014},
  publisher={ACM New York, NY, USA}
}

@article{baudin2008acsl,
  title={Acsl: Ansi c specification language},
  author={Baudin, Patrick and Filli{\^a}tre, Jean-Christophe and March{\'e}, Claude and Monate, Benjamin and Moy, Yannick and Prevosto, Virgile},
  journal={CEA-LIST, Saclay, France, Tech. Rep. v1},
  volume={2},
  year={2008}
}

@article{leavens2006preliminary,
  title={Preliminary design of JML: A behavioral interface specification language for Java},
  author={Leavens, Gary T and Baker, Albert L and Ruby, Clyde},
  journal={ACM SIGSOFT Software Engineering Notes},
  volume={31},
  number={3},
  pages={1--38},
  year={2006},
  publisher={ACM New York, NY, USA}
}

@article{hou2024large,
  title={Large language models for software engineering: A systematic literature review},
  author={Hou, Xinyi and Zhao, Yanjie and Liu, Yue and Yang, Zhou and Wang, Kailong and Li, Li and Luo, Xiapu and Lo, David and Grundy, John and Wang, Haoyu},
  journal={ACM Transactions on Software Engineering and Methodology},
  volume={33},
  number={8},
  pages={1--79},
  year={2024},
  publisher={ACM New York, NY}
}


@inproceedings{cok2011openjml,
  title={OpenJML: JML for Java 7 by extending OpenJDK},
  author={Cok, David R},
  booktitle={NASA Formal Methods: Third International Symposium, NFM 2011, Pasadena, CA, USA, April 18-20, 2011. Proceedings 3},
  pages={472--479},
  year={2011},
  organization={Springer}
}

@article{kirchner2015frama,
  title={Frama-C: A software analysis perspective},
  author={Kirchner, Florent and Kosmatov, Nikolai and Prevosto, Virgile and Signoles, Julien and Yakobowski, Boris},
  journal={Formal aspects of computing},
  volume={27},
  number={3},
  pages={573--609},
  year={2015},
  publisher={Springer}
}

@article{yang2024robustness,
  title={Robustness, security, privacy, explainability, efficiency, and usability of large language models for code},
  author={Yang, Zhou and Sun, Zhensu and Yue, Terry Zhuo and Devanbu, Premkumar and Lo, David},
  journal={arXiv preprint arXiv:2403.07506},
  year={2024}
}

@inproceedings{chen2024reasoning,
	title={Reasoning Runtime Behavior of a Program with LLM: How Far Are We?},
	author={Chen, Junkai and Pan, Zhiyuan and Hu, Xing and Li, Zhenhao and Li, Ge and Xia, Xin},
	booktitle={Proceedings of the IEEE/ACM 47th International Conference on Software Engineering},
	year={2025},
}

@article{d2008survey,
  title={A survey of automated techniques for formal software verification},
  author={D'silva, Vijay and Kroening, Daniel and Weissenbacher, Georg},
  journal={IEEE Transactions on Computer-Aided Design of Integrated Circuits and Systems},
  volume={27},
  number={7},
  pages={1165--1178},
  year={2008},
  publisher={IEEE}
}

@article{liu2024your,
  title={Is your code generated by chatgpt really correct? rigorous evaluation of large language models for code generation},
  author={Liu, Jiawei and Xia, Chunqiu Steven and Wang, Yuyao and Zhang, Lingming},
  journal={Advances in Neural Information Processing Systems},
  volume={36},
  year={2024}
}

@inproceedings{wen2024enchanting,
  title={Enchanting program specification synthesis by large language models using static analysis and program verification},
  author={Wen, Cheng and Cao, Jialun and Su, Jie and Xu, Zhiwu and Qin, Shengchao and He, Mengda and Li, Haokun and Cheung, Shing-Chi and Tian, Cong},
  booktitle={International Conference on Computer Aided Verification},
  pages={302--328},
  year={2024},
  organization={Springer}
}

@article{ma2024specgen,
  title={SpecGen: Automated Generation of Formal Program Specifications via Large Language Models},
  author={Ma, Lezhi and Liu, Shangqing and Li, Yi and Xie, Xiaofei and Bu, Lei},
  journal={arXiv preprint arXiv:2401.08807},
  year={2024}
}

@inproceedings{klein2009sel4,
  title={seL4: Formal verification of an OS kernel},
  author={Klein, Gerwin and Elphinstone, Kevin and Heiser, Gernot and Andronick, June and Cock, David and Derrin, Philip and Elkaduwe, Dhammika and Engelhardt, Kai and Kolanski, Rafal and Norrish, Michael and others},
  booktitle={Proceedings of the ACM SIGOPS 22nd symposium on Operating systems principles},
  pages={207--220},
  year={2009}
}

@article{chen2021evaluating,
  title={Evaluating large language models trained on code},
  author={Chen, Mark and Tworek, Jerry and Jun, Heewoo and Yuan, Qiming and Pinto, Henrique Ponde De Oliveira and Kaplan, Jared and Edwards, Harri and Burda, Yuri and Joseph, Nicholas and Brockman, Greg and others},
  journal={arXiv preprint arXiv:2107.03374},
  year={2021}
}

@article{liu2024refining,
  title={Refining chatgpt-generated code: Characterizing and mitigating code quality issues},
  author={Liu, Yue and Le-Cong, Thanh and Widyasari, Ratnadira and Tantithamthavorn, Chakkrit and Li, Li and Le, Xuan-Bach D and Lo, David},
  journal={ACM Transactions on Software Engineering and Methodology},
  volume={33},
  number={5},
  pages={1--26},
  year={2024},
  publisher={ACM New York, NY}
}

@inproceedings{puasuareanu2010symbolic,
  title={Symbolic PathFinder: symbolic execution of Java bytecode},
  author={P{\u{a}}s{\u{a}}reanu, Corina S and Rungta, Neha},
  booktitle={Proceedings of the 25th IEEE/ACM International Conference on Automated Software Engineering},
  pages={179--180},
  year={2010}
}

@inproceedings{chudnov2018continuous,
  title={Continuous formal verification of Amazon s2n},
  author={Chudnov, Andrey and Collins, Nathan and Cook, Byron and Dodds, Joey and Huffman, Brian and MacC{\'a}rthaigh, Colm and Magill, Stephen and Mertens, Eric and Mullen, Eric and Tasiran, Serdar and others},
  booktitle={Computer Aided Verification: 30th International Conference, CAV 2018, Held as Part of the Federated Logic Conference, FloC 2018, Oxford, UK, July 14-17, 2018, Proceedings, Part II 30},
  pages={430--446},
  year={2018},
  organization={Springer}
}

@inproceedings{souza2011coral,
  title={Coral: Solving complex constraints for symbolic pathfinder},
  author={Souza, Matheus and Borges, Mateus and dâ€™Amorim, Marcelo and P{\u{a}}s{\u{a}}reanu, Corina S},
  booktitle={NASA Formal Methods: Third International Symposium, NFM 2011, Pasadena, CA, USA, April 18-20, 2011. Proceedings 3},
  pages={359--374},
  year={2011},
  organization={Springer}
}

@article{nair2014extended,
  title={An extended systematic literature review on provision of evidence for safety certification},
  author={Nair, Sunil and De La Vara, Jose Luis and Sabetzadeh, Mehrdad and Briand, Lionel},
  journal={Information and Software Technology},
  volume={56},
  number={7},
  pages={689--717},
  year={2014},
  publisher={Elsevier}
}

@article{feo2016ready,
  title={Ready for testing: ensuring conformance to industrial standards through formal verification},
  author={Feo-Arenis, Sergio and Westphal, Bernd and Dietsch, Daniel and Mu{\~n}iz, Marco and Andisha, Siyar and Podelski, Andreas},
  journal={Formal Aspects of Computing},
  volume={28},
  pages={499--527},
  year={2016},
  publisher={Springer}
}

@inproceedings{muller2016viper,
  title={Viper: A verification infrastructure for permission-based reasoning},
  author={M{\"u}ller, Peter and Schwerhoff, Malte and Summers, Alexander J},
  booktitle={Verification, Model Checking, and Abstract Interpretation: 17th International Conference, VMCAI 2016, St. Petersburg, FL, USA, January 17-19, 2016. Proceedings 17},
  pages={41--62},
  year={2016},
  organization={Springer}
}

@inproceedings{pei2023can,
  title={Can large language models reason about program invariants?},
  author={Pei, Kexin and Bieber, David and Shi, Kensen and Sutton, Charles and Yin, Pengcheng},
  booktitle={International Conference on Machine Learning},
  pages={27496--27520},
  year={2023},
  organization={PMLR}
}

@article{chakraborty2023ranking,
  title={Ranking llm-generated loop invariants for program verification},
  author={Chakraborty, Saikat and Lahiri, Shuvendu K and Fakhoury, Sarah and Musuvathi, Madanlal and Lal, Akash and Rastogi, Aseem and Senthilnathan, Aditya and Sharma, Rahul and Swamy, Nikhil},
  journal={arXiv preprint arXiv:2310.09342},
  year={2023}
}

@article{feng2020codebert,
  title={Codebert: A pre-trained model for programming and natural languages},
  author={Feng, Zhangyin and Guo, Daya and Tang, Duyu and Duan, Nan and Feng, Xiaocheng and Gong, Ming and Shou, Linjun and Qin, Bing and Liu, Ting and Jiang, Daxin and others},
  journal={arXiv preprint arXiv:2002.08155},
  year={2020}
}
@article{zhang2023challenging,
  title={Challenging machine learning-based clone detectors via semantic-preserving code transformations},
  author={Zhang, Weiwei and Guo, Shengjian and Zhang, Hongyu and Sui, Yulei and Xue, Yinxing and Xu, Yun},
  journal={IEEE Transactions on Software Engineering},
  volume={49},
  number={5},
  pages={3052--3070},
  year={2023},
  publisher={IEEE}
}

@article{rabin2021generalizability,
  title={On the generalizability of neural program models with respect to semantic-preserving program transformations},
  author={Rabin, Md Rafiqul Islam and Bui, Nghi DQ and Wang, Ke and Yu, Yijun and Jiang, Lingxiao and Alipour, Mohammad Amin},
  journal={Information and Software Technology},
  volume={135},
  pages={106552},
  year={2021},
  publisher={Elsevier}
}

@misc{lecong2024reliableevaluationneuralprogram,
      title={Towards Reliable Evaluation of Neural Program Repair with Natural Robustness Testing}, 
      author={Thanh Le-Cong and Dat Nguyen and Bach Le and Toby Murray},
      year={2024},
      eprint={2402.11892},
      archivePrefix={arXiv},
      primaryClass={cs.SE},
      url={https://arxiv.org/abs/2402.11892}, 
}

@article{athiwaratkun2022multi,
  title={Multi-lingual evaluation of code generation models},
  author={Athiwaratkun, Ben and Gouda, Sanjay Krishna and Wang, Zijian and Li, Xiaopeng and Tian, Yuchen and Tan, Ming and Ahmad, Wasi Uddin and Wang, Shiqi and Sun, Qing and Shang, Mingyue and others},
  journal={arXiv preprint arXiv:2210.14868},
  year={2022}
}

@article{ernst2007daikon,
  title={The Daikon system for dynamic detection of likely invariants},
  author={Ernst, Michael D and Perkins, Jeff H and Guo, Philip J and McCamant, Stephen and Pacheco, Carlos and Tschantz, Matthew S and Xiao, Chen},
  journal={Science of computer programming},
  volume={69},
  number={1-3},
  pages={35--45},
  year={2007},
  publisher={Elsevier}
}

@inproceedings{flanagan2001houdini,
  title={Houdini, an annotation assistant for ESC/Java},
  author={Flanagan, Cormac and Leino, K Rustan M},
  booktitle={International Symposium of Formal Methods Europe},
  pages={500--517},
  year={2001},
  organization={Springer}
}

@article{nguyen2014dig,
  title={DIG: A dynamic invariant generator for polynomial and array invariants},
  author={Nguyen, Thanhvu and Kapur, Deepak and Weimer, Westley and Forrest, Stephanie},
  journal={ACM Transactions on Software Engineering and Methodology (TOSEM)},
  volume={23},
  number={4},
  pages={1--30},
  year={2014},
  publisher={ACM New York, NY, USA}
}


@inproceedings{flanagan2002extended,
  title={Extended static checking for Java},
  author={Flanagan, Cormac and Leino, K Rustan M and Lillibridge, Mark and Nelson, Greg and Saxe, James B and Stata, Raymie},
  booktitle={Proceedings of the ACM SIGPLAN 2002 Conference on Programming language design and implementation},
  pages={234--245},
  year={2002}
}

@inproceedings{just2014major,
  title={The Major mutation framework: Efficient and scalable mutation analysis for Java},
  author={Just, Ren{\'e}},
  booktitle={Proceedings of the 2014 international symposium on software testing and analysis},
  pages={433--436},
  year={2014}
}

@inproceedings{barrett2011cvc4,
  title={cvc4},
  author={Barrett, Clark and Conway, Christopher L and Deters, Morgan and Hadarean, Liana and Jovanovi{\'c}, Dejan and King, Tim and Reynolds, Andrew and Tinelli, Cesare},
  booktitle={Computer Aided Verification: 23rd International Conference, CAV 2011, Snowbird, UT, USA, July 14-20, 2011. Proceedings 23},
  pages={171--177},
  year={2011},
  organization={Springer}
}

@inproceedings{kushigian2024equivalent,
  title={Equivalent Mutants in the Wild: Identifying and Efficiently Suppressing Equivalent Mutants for Java Programs},
  author={Kushigian, Benjamin and Kaufman, Samuel J and Featherman, Ryan and Potter, Hannah and Madadi, Ardi and Just, Ren{\'e}},
  booktitle={Proceedings of the 33rd ACM SIGSOFT International Symposium on Software Testing and Analysis},
  pages={654--665},
  year={2024}
}

@article{hui2024qwen2,
      title={Qwen2. 5-Coder Technical Report},
      author={Hui, Binyuan and Yang, Jian and Cui, Zeyu and Yang, Jiaxi and Liu, Dayiheng and Zhang, Lei and Liu, Tianyu and Zhang, Jiajun and Yu, Bowen and Dang, Kai and others},
      journal={arXiv preprint arXiv:2409.12186},
      year={2024}
}
@article{qwen2,
      title={Qwen2 Technical Report}, 
      author={An Yang and Baosong Yang and Binyuan Hui and Bo Zheng and Bowen Yu and Chang Zhou and Chengpeng Li and Chengyuan Li and Dayiheng Liu and Fei Huang and Guanting Dong and Haoran Wei and Huan Lin and Jialong Tang and Jialin Wang and Jian Yang and Jianhong Tu and Jianwei Zhang and Jianxin Ma and Jin Xu and Jingren Zhou and Jinze Bai and Jinzheng He and Junyang Lin and Kai Dang and Keming Lu and Keqin Chen and Kexin Yang and Mei Li and Mingfeng Xue and Na Ni and Pei Zhang and Peng Wang and Ru Peng and Rui Men and Ruize Gao and Runji Lin and Shijie Wang and Shuai Bai and Sinan Tan and Tianhang Zhu and Tianhao Li and Tianyu Liu and Wenbin Ge and Xiaodong Deng and Xiaohuan Zhou and Xingzhang Ren and Xinyu Zhang and Xipin Wei and Xuancheng Ren and Yang Fan and Yang Yao and Yichang Zhang and Yu Wan and Yunfei Chu and Yuqiong Liu and Zeyu Cui and Zhenru Zhang and Zhihao Fan},
      journal={arXiv preprint arXiv:2407.10671},
      year={2024}
}

@article{roziere2023code,
  title={Code llama: Open foundation models for code},
  author={Roziere, Baptiste and Gehring, Jonas and Gloeckle, Fabian and Sootla, Sten and Gat, Itai and Tan, Xiaoqing Ellen and Adi, Yossi and Liu, Jingyu and Remez, Tal and Rapin, J{\'e}r{\'e}my and others},
  journal={arXiv preprint arXiv:2308.12950},
  year={2023}
}

@article{qwen,
  title={Qwen Technical Report},
  author={Jinze Bai and Shuai Bai and Yunfei Chu and Zeyu Cui and Kai Dang and Xiaodong Deng and Yang Fan and Wenbin Ge and Yu Han and Fei Huang and Binyuan Hui and Luo Ji and Mei Li and Junyang Lin and Runji Lin and Dayiheng Liu and Gao Liu and Chengqiang Lu and Keming Lu and Jianxin Ma and Rui Men and Xingzhang Ren and Xuancheng Ren and Chuanqi Tan and Sinan Tan and Jianhong Tu and Peng Wang and Shijie Wang and Wei Wang and Shengguang Wu and Benfeng Xu and Jin Xu and An Yang and Hao Yang and Jian Yang and Shusheng Yang and Yang Yao and Bowen Yu and Hongyi Yuan and Zheng Yuan and Jianwei Zhang and Xingxuan Zhang and Yichang Zhang and Zhenru Zhang and Chang Zhou and Jingren Zhou and Xiaohuan Zhou and Tianhang Zhu},
  journal={arXiv preprint arXiv:2309.16609},
  year={2023}
}

@article{liu2024deepseekv2,
  title={Deepseek-v2: A strong, economical, and efficient mixture-of-experts language model},
  author={Liu, Aixin and Feng, Bei and Wang, Bin and Wang, Bingxuan and Liu, Bo and Zhao, Chenggang and Dengr, Chengqi and Ruan, Chong and Dai, Damai and Guo, Daya and others},
  journal={arXiv preprint arXiv:2405.04434},
  year={2024}
}

@misc{openai_gpt35_turbo,
  author       = {OpenAI},
  title        = {GPT-3.5 Turbo},
  year         = 2023,
  note         = {\url{https://openai.com/chatgpt}},
}

@misc{openai_gpt4o,
  author       = {OpenAI},
  title        = {GPT-4o},
  year         = 2024,
  note         = {\url{https://openai.com/index/hello-gpt-4o/}},
}

@article{hindle2016naturalness,
  title={On the naturalness of software},
  author={Hindle, Abram and Barr, Earl T and Gabel, Mark and Su, Zhendong and Devanbu, Premkumar},
  journal={Communications of the ACM},
  volume={59},
  number={5},
  pages={122--131},
  year={2016},
  publisher={ACM New York, NY, USA}
}

@inproceedings{ray2016naturalness,
  title={On the" naturalness" of buggy code},
  author={Ray, Baishakhi and Hellendoorn, Vincent and Godhane, Saheel and Tu, Zhaopeng and Bacchelli, Alberto and Devanbu, Premkumar},
  booktitle={Proceedings of the 38th International Conference on Software Engineering},
  pages={428--439},
  year={2016}
}

@misc{claude,
  author       = {Anthropic},
  title        = {Claude-3.5-Sonnet},
  year         = 2024,
  note         = {\url{https://www.anthropic.com/news/claude-3-5-sonnet}},
}




@article{liu2024deepseekv3,
  title={Deepseek-v3 technical report},
  author={Liu, Aixin and Feng, Bei and Xue, Bing and Wang, Bingxuan and Wu, Bochao and Lu, Chengda and Zhao, Chenggang and Deng, Chengqi and Zhang, Chenyu and Ruan, Chong and others},
  journal={arXiv preprint arXiv:2412.19437},
  year={2024}
}

@article{cobbe2021training,
  title={Training Verifiers to Solve Math Word Problems},
  author={Cobbe, Karl and Kosaraju, Vineet and Bavarian, Mohammad and Hilton, Jacob and Nakano, Reiichiro and Hesse, Christopher and Schulman, John},
  journal={arXiv preprint arXiv:2110.14168},
  year={2021}
}

@inproceedings{hendrycks2021measuring,
  title={Measuring Mathematical Problem Solving With the MATH Dataset},
  author={Hendrycks, Dan and Burns, Collin and Kadavath, Saurav and Arora, Akul and Basart, Steven and Tang, Eric and Song, Dawn and Steinhardt, Jacob},
  booktitle={Thirty-fifth Conference on Neural Information Processing Systems Datasets and Benchmarks Track (Round 2)}
}

@article{zhou2022least,
  title={Least-to-most prompting enables complex reasoning in large language models},
  author={Zhou, Denny and Sch{\"a}rli, Nathanael and Hou, Le and Wei, Jason and Scales, Nathan and Wang, Xuezhi and Schuurmans, Dale and Cui, Claire and Bousquet, Olivier and Le, Quoc and others},
  journal={arXiv preprint arXiv:2205.10625},
  year={2022}
}

@inproceedings{andrews2005mutation,
  title={Is mutation an appropriate tool for testing experiments?},
  author={Andrews, James H and Briand, Lionel C and Labiche, Yvan},
  booktitle={Proceedings of the 27th international conference on Software engineering},
  pages={402--411},
  year={2005}
}

@article{kojima2022large,
  title={Large language models are zero-shot reasoners},
  author={Kojima, Takeshi and Gu, Shixiang Shane and Reid, Machel and Matsuo, Yutaka and Iwasawa, Yusuke},
  journal={Advances in neural information processing systems},
  volume={35},
  pages={22199--22213},
  year={2022}
}

@inproceedings{liu2021logiqa,
  title={LogiQA: a challenge dataset for machine reading comprehension with logical reasoning},
  author={Liu, Jian and Cui, Leyang and Liu, Hanmeng and Huang, Dandan and Wang, Yile and Zhang, Yue},
  booktitle={Proceedings of the Twenty-Ninth International Conference on International Joint Conferences on Artificial Intelligence},
  pages={3622--3628},
  year={2021}
}

@article{jin2023can,
  title={Can large language models infer causation from correlation?},
  author={Jin, Zhijing and Liu, Jiarui and Lyu, Zhiheng and Poff, Spencer and Sachan, Mrinmaya and Mihalcea, Rada and Diab, Mona and Sch{\"o}lkopf, Bernhard},
  journal={arXiv preprint arXiv:2306.05836},
  year={2023}
}

@article{yang2022language,
  title={Language models as inductive reasoners},
  author={Yang, Zonglin and Dong, Li and Du, Xinya and Cheng, Hao and Cambria, Erik and Liu, Xiaodong and Gao, Jianfeng and Wei, Furu},
  journal={arXiv preprint arXiv:2212.10923},
  year={2022}
}

@article{jin2024cladder,
  title={Cladder: A benchmark to assess causal reasoning capabilities of language models},
  author={Jin, Zhijing and Chen, Yuen and Leeb, Felix and Gresele, Luigi and Kamal, Ojasv and Lyu, Zhiheng and Blin, Kevin and Gonzalez Adauto, Fernando and Kleiman-Weiner, Max and Sachan, Mrinmaya and others},
  journal={Advances in Neural Information Processing Systems},
  volume={36},
  year={2024}
}

@article{husain2019codesearchnet,
  title={Codesearchnet challenge: Evaluating the state of semantic code search},
  author={Husain, Hamel and Wu, Ho-Hsiang and Gazit, Tiferet and Allamanis, Miltiadis and Brockschmidt, Marc},
  journal={arXiv preprint arXiv:1909.09436},
  year={2019}
}

@article{jain2024livecodebench,
  title={Livecodebench: Holistic and contamination free evaluation of large language models for code},
  author={Jain, Naman and Han, King and Gu, Alex and Li, Wen-Ding and Yan, Fanjia and Zhang, Tianjun and Wang, Sida and Solar-Lezama, Armando and Sen, Koushik and Stoica, Ion},
  journal={arXiv preprint arXiv:2403.07974},
  year={2024}
}

@inproceedings{hu2018deep,
  title={Deep code comment generation},
  author={Hu, Xing and Li, Ge and Xia, Xin and Lo, David and Jin, Zhi},
  booktitle={Proceedings of the 26th conference on program comprehension},
  pages={200--210},
  year={2018}
}

@inproceedings{nilizadeh2021exploring,
  title={Exploring true test overfitting in dynamic automated program repair using formal methods},
  author={Nilizadeh, Amirfarhad and Leavens, Gary T and Le, Xuan-Bach D and P{\u{a}}s{\u{a}}reanu, Corina S and Cok, David R},
  booktitle={2021 14th IEEE conference on software testing, verification and validation (ICST)},
  pages={229--240},
  year={2021},
  organization={IEEE}
}

@article{magar2022data,
  title={Data contamination: From memorization to exploitation},
  author={Magar, Inbal and Schwartz, Roy},
  journal={arXiv preprint arXiv:2203.08242},
  year={2022}
}

@article{le2022finding,
  title={Finding real bugs in big programs with incorrectness logic},
  author={Le, Quang Loc and Raad, Azalea and Villard, Jules and Berdine, Josh and Dreyer, Derek and O'Hearn, Peter W},
  journal={Proceedings of the ACM on Programming Languages},
  volume={6},
  number={OOPSLA1},
  pages={1--27},
  year={2022},
  publisher={ACM New York, NY, USA}
}

@inproceedings{beyer2023competition,
  title={Competition on software verification and witness validation: SV-COMP 2023},
  author={Beyer, Dirk},
  booktitle={International Conference on Tools and Algorithms for the Construction and Analysis of Systems},
  pages={495--522},
  year={2023},
  organization={Springer}
}