@misc{AutoGPT,
  author = {Significant-Gravitas},
  title = {AutoGPT},
  year = {2023},
  howpublished = {\url{https://github.com/Significant-Gravitas/AutoGPT}},
}

@article{Magentic,
  author       = {Adam Fourney and
                  Gagan Bansal and
                  Hussein Mozannar and
                  Cheng Tan and
                  Eduardo Salinas and
                  Erkang Zhu and
                  Friederike Niedtner and
                  Grace Proebsting and
                  Griffin Bassman and
                  Jack Gerrits and
                  Jacob Alber and
                  Peter Chang and
                  Ricky Loynd and
                  Robert West and
                  Victor Dibia and
                  Ahmed Awadallah and
                  Ece Kamar and
                  Rafah Hosn and
                  Saleema Amershi},
  title        = {Magentic-One: {A} Generalist Multi-Agent System for Solving Complex
                  Tasks},
  journal      = {CoRR},
  volume       = {abs/2411.04468},
  year         = {2024}
}

@misc{OpenAgents,
      title={OpenAgents: An Open Platform for Language Agents in the Wild}, 
      author={Tianbao Xie and Fan Zhou and Zhoujun Cheng and Peng Shi and Luoxuan Weng and Yitao Liu and Toh Jing Hua and Junning Zhao and Qian Liu and Che Liu and Leo Z. Liu and Yiheng Xu and Hongjin Su and Dongchan Shin and Caiming Xiong and Tao Yu},
      year={2023},
      eprint={2310.10634},
      archivePrefix={arXiv},
      primaryClass={cs.CL}
}

@misc{anthropic2023effectiveagents,
  author       = {Anthropic},
  title        = {Building Effective Agents},
  year         = {2024},
  url          = {https://www.anthropic.com/research/building-effective-agents},
  howpublished = {\url{https://www.anthropic.com/research/building-effective-agents}}
}

@article{autogen,
  author       = {Qingyun Wu and
                  Gagan Bansal and
                  Jieyu Zhang and
                  Yiran Wu and
                  Shaokun Zhang and
                  Erkang Zhu and
                  Beibin Li and
                  Li Jiang and
                  Xiaoyun Zhang and
                  Chi Wang},
  title        = {AutoGen: Enabling Next-Gen {LLM} Applications via Multi-Agent Conversation
                  Framework},
  journal      = {CoRR},
  volume       = {abs/2308.08155},
  year         = {2023}
}

@inproceedings{camel,
  author       = {Guohao Li and
                  Hasan Hammoud and
                  Hani Itani and
                  Dmitrii Khizbullin and
                  Bernard Ghanem},
  title        = {{CAMEL:} Communicative Agents for "Mind" Exploration of Large Language
                  Model Society},
  booktitle    = {NeurIPS},
  year         = {2023}
}

@inproceedings{cogagent,
  author       = {Wenyi Hong and
                  Weihan Wang and
                  Qingsong Lv and
                  Jiazheng Xu and
                  Wenmeng Yu and
                  Junhui Ji and
                  Yan Wang and
                  Zihan Wang and
                  Yuxiao Dong and
                  Ming Ding and
                  Jie Tang},
  title        = {CogAgent: {A} Visual Language Model for {GUI} Agents},
  booktitle    = {{CVPR}},
  pages        = {14281--14290},
  publisher    = {{IEEE}},
  year         = {2024}
}

@inproceedings{hong2024metagpt,
      title={Meta{GPT}: Meta Programming for A Multi-Agent Collaborative Framework},
      author={Sirui Hong and Mingchen Zhuge and Jonathan Chen and Xiawu Zheng and Yuheng Cheng and Jinlin Wang and Ceyao Zhang and Zili Wang and Steven Ka Shing Yau and Zijuan Lin and Liyang Zhou and Chenyu Ran and Lingfeng Xiao and Chenglin Wu and J{\"u}rgen Schmidhuber},
      booktitle={The Twelfth International Conference on Learning Representations},
      year={2024},
      url={https://openreview.net/forum?id=VtmBAGCN7o}
}

@misc{langchain2023,
  author       = {LangChain},
  title        = {LangChain: Build context-aware reasoning applications},
  year         = {2023},
  url          = {https://github.com/langchain-ai/langchain},
  howpublished = {\url{https://github.com/langchain-ai/langchain}}
}

@inproceedings{li2024embodied,
  title={Embodied Agent Interface: Benchmarking LLMs for Embodied Decision Making},
  author={Li, Manling and Zhao, Shiyu and Wang, Qineng and Wang, Kangrui and Zhou, Yu and Srivastava, Sanjana and Gokmen, Cem and Lee, Tony and Li, Li Erran and Zhang, Ruohan and others},
  booktitle={NeurIPS 2024},
  year={2024}
}

@misc{openhands,
      title={{OpenHands: An Open Platform for AI Software Developers as Generalist Agents}},
      author={Xingyao Wang and Boxuan Li and Yufan Song and Frank F. Xu and Xiangru Tang and Mingchen Zhuge and Jiayi Pan and Yueqi Song and Bowen Li and Jaskirat Singh and Hoang H. Tran and Fuqiang Li and Ren Ma and Mingzhang Zheng and Bill Qian and Yanjun Shao and Niklas Muennighoff and Yizhe Zhang and Binyuan Hui and Junyang Lin and Robert Brennan and Hao Peng and Heng Ji and Graham Neubig},
      year={2024},
      eprint={2407.16741},
      archivePrefix={arXiv},
      primaryClass={cs.SE},
      url={https://arxiv.org/abs/2407.16741},
}

@article{plansearch,
  author       = {Evan Wang and
                  Federico Cassano and
                  Catherine Wu and
                  Yunfeng Bai and
                  Will Song and
                  Vaskar Nath and
                  Ziwen Han and
                  Sean Hendryx and
                  Summer Yue and
                  Hugh Zhang},
  title        = {Planning In Natural Language Improves {LLM} Search For Code Generation},
  journal      = {CoRR},
  volume       = {abs/2409.03733},
  year         = {2024}
}

@inproceedings{react,
  author       = {Shunyu Yao and
                  Jeffrey Zhao and
                  Dian Yu and
                  Nan Du and
                  Izhak Shafran and
                  Karthik R. Narasimhan and
                  Yuan Cao},
  title        = {ReAct: Synergizing Reasoning and Acting in Language Models},
  booktitle    = {{ICLR}},
  publisher    = {OpenReview.net},
  year         = {2023}
}

@inproceedings{self_consistency,
  author       = {Xuezhi Wang and
                  Jason Wei and
                  Dale Schuurmans and
                  Quoc V. Le and
                  Ed H. Chi and
                  Sharan Narang and
                  Aakanksha Chowdhery and
                  Denny Zhou},
  title        = {Self-Consistency Improves Chain of Thought Reasoning in Language Models},
  booktitle    = {{ICLR}},
  publisher    = {OpenReview.net},
  year         = {2023}
}

@article{song2024browsingapibasedwebagents,
  title={Beyond Browsing: API-Based Web Agents},
  author={Yueqi Song and Frank Xu and Shuyan Zhou and Graham Neubig},
  journal={arXiv preprint arXiv:2410.16464},
  year={2024},
  url={https://arxiv.org/abs/2410.16464}
}

@article{tau_bench,
  author       = {Shunyu Yao and
                  Noah Shinn and
                  Pedram Razavi and
                  Karthik Narasimhan},
  title        = {{\(\tau\)}-bench: {A} Benchmark for Tool-Agent-User Interaction in
                  Real-World Domains},
  journal      = {CoRR},
  volume       = {abs/2406.12045},
  year         = {2024}
}

@inproceedings{workarena2024,
    title = {{W}ork{A}rena: How Capable are Web Agents at Solving Common Knowledge Work Tasks?},
    author = {Drouin, Alexandre and Gasse, Maxime and Caccia, Massimo and Laradji, Issam H. and Del Verme, Manuel and Marty, Tom and Vazquez, David and Chapados, Nicolas and Lacoste, Alexandre},
    booktitle = {Proceedings of the 41st International Conference on Machine Learning},
    pages = {11642--11662},
    year = {2024},
    editor = {Salakhutdinov, Ruslan and Kolter, Zico and Heller, Katherine and Weller, Adrian and Oliver, Nuria and Scarlett, Jonathan and Berkenkamp, Felix},
    volume = {235},
    series = {Proceedings of Machine Learning Research},
    month = {21--27 Jul},
    publisher = {PMLR},
    url = {https://proceedings.mlr.press/v235/drouin24a.html},
}

@article{xu2024aguvis,
  title={Aguvis: Unified Pure Vision Agents for Autonomous GUI Interaction},
  author={Yiheng Xu and Zekun Wang and Junli Wang and Dunjie Lu and Tianbao Xie and Amrita Saha and Doyen Sahoo and Tao Yu and Caiming Xiong},
  year={2024},
  url={https://arxiv.org/abs/2412.04454}
}

@inproceedings{yang2024sweagent,
  title={{SWE}-agent: Agent-Computer Interfaces Enable Automated Software Engineering},
  author={John Yang and Carlos E Jimenez and Alexander Wettig and Kilian Lieret and Shunyu Yao and Karthik R Narasimhan and Ofir Press},
  booktitle={The Thirty-eighth Annual Conference on Neural Information Processing Systems},
  year={2024},
  url={https://arxiv.org/abs/2405.15793}
}

@inproceedings{zhugegptswarm,
  title={GPTSwarm: Language Agents as Optimizable Graphs},
  author={Zhuge, Mingchen and Wang, Wenyi and Kirsch, Louis and Faccio, Francesco and Khizbullin, Dmitrii and Schmidhuber, J{\"u}rgen},
  booktitle={Forty-first International Conference on Machine Learning}
}

