@inproceedings{react,
  author       = {Shunyu Yao and
                  Jeffrey Zhao and
                  Dian Yu and
                  Nan Du and
                  Izhak Shafran and
                  Karthik R. Narasimhan and
                  Yuan Cao},
  title        = {ReAct: Synergizing Reasoning and Acting in Language Models},
  booktitle    = {{ICLR}},
  publisher    = {OpenReview.net},
  year         = {2023}
}

@article{tau_bench,
  author       = {Shunyu Yao and
                  Noah Shinn and
                  Pedram Razavi and
                  Karthik Narasimhan},
  title        = {{\(\tau\)}-bench: {A} Benchmark for Tool-Agent-User Interaction in
                  Real-World Domains},
  journal      = {CoRR},
  volume       = {abs/2406.12045},
  year         = {2024}
}

@article{Magentic,
  author       = {Adam Fourney and
                  Gagan Bansal and
                  Hussein Mozannar and
                  Cheng Tan and
                  Eduardo Salinas and
                  Erkang Zhu and
                  Friederike Niedtner and
                  Grace Proebsting and
                  Griffin Bassman and
                  Jack Gerrits and
                  Jacob Alber and
                  Peter Chang and
                  Ricky Loynd and
                  Robert West and
                  Victor Dibia and
                  Ahmed Awadallah and
                  Ece Kamar and
                  Rafah Hosn and
                  Saleema Amershi},
  title        = {Magentic-One: {A} Generalist Multi-Agent System for Solving Complex
                  Tasks},
  journal      = {CoRR},
  volume       = {abs/2411.04468},
  year         = {2024}
}

@misc{anthropic2023effectiveagents,
  author       = {Anthropic},
  title        = {Building Effective Agents},
  year         = {2024},
  url          = {https://www.anthropic.com/research/building-effective-agents},
  howpublished = {\url{https://www.anthropic.com/research/building-effective-agents}}
}

@inproceedings{gaia,
  author       = {Gr{\'{e}}goire Mialon and
                  Cl{\'{e}}mentine Fourrier and
                  Thomas Wolf and
                  Yann LeCun and
                  Thomas Scialom},
  title        = {{GAIA:} a benchmark for General {AI} Assistants},
  booktitle    = {{ICLR}},
  publisher    = {OpenReview.net},
  year         = {2024}
}

@article{MultiHop-RAG,
  author       = {Yixuan Tang and
                  Yi Yang},
  title        = {MultiHop-RAG: Benchmarking Retrieval-Augmented Generation for Multi-Hop
                  Queries},
  journal      = {CoRR},
  volume       = {abs/2401.15391},
  year         = {2024}
}

@inproceedings{camel,
  author       = {Guohao Li and
                  Hasan Hammoud and
                  Hani Itani and
                  Dmitrii Khizbullin and
                  Bernard Ghanem},
  title        = {{CAMEL:} Communicative Agents for "Mind" Exploration of Large Language
                  Model Society},
  booktitle    = {NeurIPS},
  year         = {2023}
}

@article{autogen,
  author       = {Qingyun Wu and
                  Gagan Bansal and
                  Jieyu Zhang and
                  Yiran Wu and
                  Shaokun Zhang and
                  Erkang Zhu and
                  Beibin Li and
                  Li Jiang and
                  Xiaoyun Zhang and
                  Chi Wang},
  title        = {AutoGen: Enabling Next-Gen {LLM} Applications via Multi-Agent Conversation
                  Framework},
  journal      = {CoRR},
  volume       = {abs/2308.08155},
  year         = {2023}
}

@misc{langchain2023,
  author       = {LangChain},
  title        = {LangChain: Build context-aware reasoning applications},
  year         = {2023},
  url          = {https://github.com/langchain-ai/langchain},
  howpublished = {\url{https://github.com/langchain-ai/langchain}}
}

@inproceedings{workarena2024,
    title = {{W}ork{A}rena: How Capable are Web Agents at Solving Common Knowledge Work Tasks?},
    author = {Drouin, Alexandre and Gasse, Maxime and Caccia, Massimo and Laradji, Issam H. and Del Verme, Manuel and Marty, Tom and Vazquez, David and Chapados, Nicolas and Lacoste, Alexandre},
    booktitle = {Proceedings of the 41st International Conference on Machine Learning},
    pages = {11642--11662},
    year = {2024},
    editor = {Salakhutdinov, Ruslan and Kolter, Zico and Heller, Katherine and Weller, Adrian and Oliver, Nuria and Scarlett, Jonathan and Berkenkamp, Felix},
    volume = {235},
    series = {Proceedings of Machine Learning Research},
    month = {21--27 Jul},
    publisher = {PMLR},
    url = {https://proceedings.mlr.press/v235/drouin24a.html},
}

@misc{e2b2023,
  author       = {E2B},
  title        = {Secure open source cloud runtime for AI apps \& AI agents},
  year         = {2024},
  url          = {https://github.com/e2b-dev/e2b},
  howpublished = {\url{https://github.com/e2b-dev/e2b}}
}

@misc{microsoft2023markitdown,
  author       = {Microsoft},
  title        = {Markitdown: Python tool for converting files and office documents to Markdown.},
  year         = {2024},
  url          = {https://github.com/microsoft/markitdown},
  howpublished = {\url{https://github.com/microsoft/markitdown}}
}

@misc{openai2023swarm,
  author       = {OpenAI},
  title        = {Educational framework exploring ergonomic, lightweight multi-agent orchestration.},
  year         = {2024},
  url          = {https://github.com/openai/swarm},
  howpublished = {\url{https://github.com/openai/swarm}}
}

@misc{berriai2023litellm,
  author       = {BerriAI},
  title        = {LiteLLM: Proxy Server (LLM Gateway) to call 100+ LLM APIs in OpenAI format},
  year         = {2024},
  url          = {https://github.com/BerriAI/litellm},
  howpublished = {\url{https://github.com/BerriAI/litellm}}
}

@misc{composio2023,
  author       = {Composio},
  title        = {Composio: Production Ready Toolset for AI Agents},
  year         = {2024},
  url          = {https://github.com/ComposioHQ/composio},
  howpublished = {\url{https://github.com/ComposioHQ/composio}}
}

@article{aflow,
  author       = {Jiayi Zhang and
                  Jinyu Xiang and
                  Zhaoyang Yu and
                  Fengwei Teng and
                  Xionghui Chen and
                  Jiaqi Chen and
                  Mingchen Zhuge and
                  Xin Cheng and
                  Sirui Hong and
                  Jinlin Wang and
                  Bingnan Zheng and
                  Bang Liu and
                  Yuyu Luo and
                  Chenglin Wu},
  title        = {AFlow: Automating Agentic Workflow Generation},
  journal      = {CoRR},
  volume       = {abs/2410.10762},
  year         = {2024}
}

@article{ADAS,
  author       = {Shengran Hu and
                  Cong Lu and
                  Jeff Clune},
  title        = {Automated Design of Agentic Systems},
  journal      = {CoRR},
  volume       = {abs/2408.08435},
  year         = {2024}
}

@inproceedings{gptswarm,
  author       = {Mingchen Zhuge and
                  Wenyi Wang and
                  Louis Kirsch and
                  Francesco Faccio and
                  Dmitrii Khizbullin and
                  J{\"{u}}rgen Schmidhuber},
  title        = {GPTSwarm: Language Agents as Optimizable Graphs},
  booktitle    = {{ICML}},
  publisher    = {OpenReview.net},
  year         = {2024}
}

@misc{langchain2023langgraph,
  author       = {LangChain},
  title        = {LangGraph: sBuild resilient language agents as graphs},
  year         = {2024},
  url          = {https://github.com/langchain-ai/langgraph},
  howpublished = {\url{https://github.com/langchain-ai/langgraph}}
}

@misc{llamaindex2023workflows,
  author       = {LlamaIndex},
  title        = {Workflows introduction},
  year         = {2023},
  url          = {https://docs.llamaindex.ai/en/stable/understanding/workflows/},
  howpublished = {\url{https://docs.llamaindex.ai/en/stable/understanding/workflows/}}
}

@article{wu2024copilot,
  title={Os-copilot: Towards generalist computer agents with self-improvement},
  author={Wu, Zhiyong and Han, Chengcheng and Ding, Zichen and Weng, Zhenmin and Liu, Zhoumianze and Yao, Shunyu and Yu, Tao and Kong, Lingpeng},
  journal={arXiv preprint arXiv:2402.07456},
  year={2024}
}

@misc{microsoft2024gaiamultiagent,
  author       = {Microsoft},
  title        = {Multi-Agent Experiment v0.1 MSR AI Frontiers (AutoGen team members)},
  year         = {2024},
  url          = {https://aka.ms/gaia_multiagent_v01_march_1st},
  howpublished = {\url{https://aka.ms/gaia_multiagent_v01_march_1st}}
}

@misc{huggingface2025transformersagents,
  author       = {HuggingFace},
  title        = {Transformers Documentation: Agents and Toos},
  year         = {2024},
  url          = {https://huggingface.co/docs/transformers/agents},
  howpublished = {\url{https://huggingface.co/docs/transformers/agents}}
}

@software{google2025langfun,
  author       = {Google},
  title        = {Langfun: OO for LLMs},
  year         = {2024},
  url          = {https://github.com/google/langfun},
  howpublished = {\url{https://github.com/google/langfun}}
}

@misc{trasesystems2025,
  author       = {Trase},
  title        = {Meet Trase Systems, The AI Agent Platform.},
  year         = {2024},
  url          = {https://www.trasesystems.com/},
  note         = {Accessed: 2025-01-15},
  howpublished = {\url{https://www.trasesystems.com/}}
}

@misc{h2oai2025enterpriseh2ogpte,
  author       = {H2O.ai},
  title        = {Autonomous agentic AI: execute multi-step workflows autonomously},
  year         = {2024},
  url          = {https://h2o.ai/platform/enterprise-h2ogpte/#AgenticAI},
  howpublished = {\url{https://h2o.ai/platform/enterprise-h2ogpte/#AgenticAI}}
}
@article{mao2020generation,
  title={Generation-augmented retrieval for open-domain question answering},
  author={Mao, Yuning and He, Pengcheng and Liu, Xiaodong and Shen, Yelong and Gao, Jianfeng and Han, Jiawei and Chen, Weizhu},
  journal={arXiv preprint arXiv:2009.08553},
  year={2020}
}
@article{guo2024lightrag,
title={LightRAG: Simple and Fast Retrieval-Augmented Generation},
author={Zirui Guo and Lianghao Xia and Yanhua Yu and Tu Ao and Chao Huang},
year={2024},
eprint={2410.05779},
archivePrefix={arXiv},
primaryClass={cs.IR}
}
@misc{edge2024localglobalgraphrag,
      title={From Local to Global: A Graph RAG Approach to Query-Focused Summarization}, 
      author={Darren Edge and Ha Trinh and Newman Cheng and Joshua Bradley and Alex Chao and Apurva Mody and Steven Truitt and Jonathan Larson},
      year={2024},
      eprint={2404.16130},
      archivePrefix={arXiv},
      primaryClass={cs.CL},
      url={https://arxiv.org/abs/2404.16130}, 
}
@article{gao2022precise,
  title={Precise zero-shot dense retrieval without relevance labels},
  author={Gao, Luyu and Ma, Xueguang and Lin, Jimmy and Callan, Jamie},
  journal={arXiv preprint arXiv:2212.10496},
  year={2022}
}
@misc{openai2023gpt4,
      title={GPT-4 Technical Report}, 
      author={OpenAI},
      year={2023},
      eprint={2303.08774},
      archivePrefix={arXiv},
      primaryClass={cs.CL}
}
@article{fan2025minirag,
  title={MiniRAG: Towards Extremely Simple Retrieval-Augmented Generation},
  author={Fan, Tianyu and Wang, Jingyuan and Ren, Xubin and Huang, Chao},
  journal={arXiv preprint arXiv:2501.06713},
  year={2025}
}


@inproceedings{math500,
  author       = {Hunter Lightman and
                  Vineet Kosaraju and
                  Yuri Burda and
                  Harrison Edwards and
                  Bowen Baker and
                  Teddy Lee and
                  Jan Leike and
                  John Schulman and
                  Ilya Sutskever and
                  Karl Cobbe},
  title        = {Let's Verify Step by Step},
  booktitle    = {{ICLR}},
  publisher    = {OpenReview.net},
  year         = {2024}
}

@inproceedings{beam_search,
  author       = {Yuxi Xie and
                  Kenji Kawaguchi and
                  Yiran Zhao and
                  James Xu Zhao and
                  Min{-}Yen Kan and
                  Junxian He and
                  Michael Qizhe Xie},
  title        = {Self-Evaluation Guided Beam Search for Reasoning},
  booktitle    = {NeurIPS},
  year         = {2023}
}

@inproceedings{self_consistency,
  author       = {Xuezhi Wang and
                  Jason Wei and
                  Dale Schuurmans and
                  Quoc V. Le and
                  Ed H. Chi and
                  Sharan Narang and
                  Aakanksha Chowdhery and
                  Denny Zhou},
  title        = {Self-Consistency Improves Chain of Thought Reasoning in Language Models},
  booktitle    = {{ICLR}},
  publisher    = {OpenReview.net},
  year         = {2023}
}

@inproceedings{yang2024sweagent,
  title={{SWE}-agent: Agent-Computer Interfaces Enable Automated Software Engineering},
  author={John Yang and Carlos E Jimenez and Alexander Wettig and Kilian Lieret and Shunyu Yao and Karthik R Narasimhan and Ofir Press},
  booktitle={The Thirty-eighth Annual Conference on Neural Information Processing Systems},
  year={2024},
  url={https://arxiv.org/abs/2405.15793}
}

@misc{openhands,
      title={{OpenHands: An Open Platform for AI Software Developers as Generalist Agents}},
      author={Xingyao Wang and Boxuan Li and Yufan Song and Frank F. Xu and Xiangru Tang and Mingchen Zhuge and Jiayi Pan and Yueqi Song and Bowen Li and Jaskirat Singh and Hoang H. Tran and Fuqiang Li and Ren Ma and Mingzhang Zheng and Bill Qian and Yanjun Shao and Niklas Muennighoff and Yizhe Zhang and Binyuan Hui and Junyang Lin and Robert Brennan and Hao Peng and Heng Ji and Graham Neubig},
      year={2024},
      eprint={2407.16741},
      archivePrefix={arXiv},
      primaryClass={cs.SE},
      url={https://arxiv.org/abs/2407.16741},
}

@article{math_agent,
  author       = {Bin Lei},
  title        = {{MACM:} Utilizing a Multi-Agent System for Condition Mining in Solving
                  Complex Mathematical Problems},
  journal      = {CoRR},
  volume       = {abs/2404.04735},
  year         = {2024}
}



@article{song2024browsingapibasedwebagents,
  title={Beyond Browsing: API-Based Web Agents},
  author={Yueqi Song and Frank Xu and Shuyan Zhou and Graham Neubig},
  journal={arXiv preprint arXiv:2410.16464},
  year={2024},
  url={https://arxiv.org/abs/2410.16464}
}

@inproceedings{hong2024metagpt,
      title={Meta{GPT}: Meta Programming for A Multi-Agent Collaborative Framework},
      author={Sirui Hong and Mingchen Zhuge and Jonathan Chen and Xiawu Zheng and Yuheng Cheng and Jinlin Wang and Ceyao Zhang and Zili Wang and Steven Ka Shing Yau and Zijuan Lin and Liyang Zhou and Chenyu Ran and Lingfeng Xiao and Chenglin Wu and J{\"u}rgen Schmidhuber},
      booktitle={The Twelfth International Conference on Learning Representations},
      year={2024},
      url={https://openreview.net/forum?id=VtmBAGCN7o}
}

@misc{OpenAgents,
      title={OpenAgents: An Open Platform for Language Agents in the Wild}, 
      author={Tianbao Xie and Fan Zhou and Zhoujun Cheng and Peng Shi and Luoxuan Weng and Yitao Liu and Toh Jing Hua and Junning Zhao and Qian Liu and Che Liu and Leo Z. Liu and Yiheng Xu and Hongjin Su and Dongchan Shin and Caiming Xiong and Tao Yu},
      year={2023},
      eprint={2310.10634},
      archivePrefix={arXiv},
      primaryClass={cs.CL}
}

@article{plansearch,
  author       = {Evan Wang and
                  Federico Cassano and
                  Catherine Wu and
                  Yunfeng Bai and
                  Will Song and
                  Vaskar Nath and
                  Ziwen Han and
                  Sean Hendryx and
                  Summer Yue and
                  Hugh Zhang},
  title        = {Planning In Natural Language Improves {LLM} Search For Code Generation},
  journal      = {CoRR},
  volume       = {abs/2409.03733},
  year         = {2024}
}

@inproceedings{cogagent,
  author       = {Wenyi Hong and
                  Weihan Wang and
                  Qingsong Lv and
                  Jiazheng Xu and
                  Wenmeng Yu and
                  Junhui Ji and
                  Yan Wang and
                  Zihan Wang and
                  Yuxiao Dong and
                  Ming Ding and
                  Jie Tang},
  title        = {CogAgent: {A} Visual Language Model for {GUI} Agents},
  booktitle    = {{CVPR}},
  pages        = {14281--14290},
  publisher    = {{IEEE}},
  year         = {2024}
}

@article{xu2024aguvis,
  title={Aguvis: Unified Pure Vision Agents for Autonomous GUI Interaction},
  author={Yiheng Xu and Zekun Wang and Junli Wang and Dunjie Lu and Tianbao Xie and Amrita Saha and Doyen Sahoo and Tao Yu and Caiming Xiong},
  year={2024},
  url={https://arxiv.org/abs/2412.04454}
}

@inproceedings{li2024embodied,
  title={Embodied Agent Interface: Benchmarking LLMs for Embodied Decision Making},
  author={Li, Manling and Zhao, Shiyu and Wang, Qineng and Wang, Kangrui and Zhou, Yu and Srivastava, Sanjana and Gokmen, Cem and Lee, Tony and Li, Li Erran and Zhang, Ruohan and others},
  booktitle={NeurIPS 2024},
  year={2024}
}

@inproceedings{zhugegptswarm,
  title={GPTSwarm: Language Agents as Optimizable Graphs},
  author={Zhuge, Mingchen and Wang, Wenyi and Kirsch, Louis and Faccio, Francesco and Khizbullin, Dmitrii and Schmidhuber, J{\"u}rgen},
  booktitle={Forty-first International Conference on Machine Learning}
}

@misc{AutoGPT,
  author = {Significant-Gravitas},
  title = {AutoGPT},
  year = {2023},
  howpublished = {\url{https://github.com/Significant-Gravitas/AutoGPT}},
}

@article{TextGrad,
  author       = {Mert Y{\"{u}}ksekg{\"{o}}n{\"{u}}l and
                  Federico Bianchi and
                  Joseph Boen and
                  Sheng Liu and
                  Zhi Huang and
                  Carlos Guestrin and
                  James Zou},
  title        = {TextGrad: Automatic "Differentiation" via Text},
  journal      = {CoRR},
  volume       = {abs/2406.07496},
  year         = {2024}
}

@inproceedings{khattab2024dspy,
  title={DSPy: Compiling Declarative Language Model Calls into Self-Improving Pipelines},
  author={Khattab, Omar and Singhvi, Arnav and Maheshwari, Paridhi and Zhang, Zhiyuan and Santhanam, Keshav and Vardhamanan, Sri and Haq, Saiful and Sharma, Ashutosh and Joshi, Thomas T. and Moazam, Hanna and Miller, Heather and Zaharia, Matei and Potts, Christopher},
  journal={The Twelfth International Conference on Learning Representations},
  year={2024}
}

@inproceedings{agent_ops,
  author       = {Shaokun Zhang and
                  Jieyu Zhang and
                  Jiale Liu and
                  Linxin Song and
                  Chi Wang and
                  Ranjay Krishna and
                  Qingyun Wu},
  title        = {Offline Training of Language Model Agents with Functions as Learnable
                  Weights},
  booktitle    = {{ICML}},
  publisher    = {OpenReview.net},
  year         = {2024}
}

@article{hu2024ADAS,
title={Automated Design of Agentic Systems},
author={Hu, Shengran and Lu, Cong and Clune, Jeff},
journal={arXiv preprint arXiv:2408.08435},
year={2024}
}

