@inproceedings{jia2022visual,
  title={Visual prompt tuning},
  author={Jia, Menglin and Tang, Luming and Chen, Bor-Chun and Cardie, Claire and Belongie, Serge and Hariharan, Bharath and Lim, Ser-Nam},
  booktitle={European Conference on Computer Vision},
  pages={709--727},
  year={2022},
  organization={Springer}
}

@inproceedings{
hu2022lora,
title={Lo{RA}: Low-Rank Adaptation of Large Language Models},
author={Edward J Hu and Yelong Shen and Phillip Wallis and Zeyuan Allen-Zhu and Yuanzhi Li and Shean Wang and Lu Wang and Weizhu Chen},
booktitle={International Conference on Learning Representations},
year={2022},
url={https://openreview.net/forum?id=nZeVKeeFYf9}
}
@inproceedings{wang2024improving,
  title={Improving Knowledge Distillation via Regularizing Feature Direction and Norm},
  author={Wang, Yuzhu and Cheng, Lechao and Duan, Manni and Wang, Yongheng and Feng, Zunlei and Kong, Shu},
  booktitle={European Conference on Computer Vision},
  pages={20--37},
  year={2024},
  organization={Springer Nature Switzerland Cham}
}

@article{wang2024revisiting,
  title={Revisiting the power of prompt for visual tuning},
  author={Wang, Yuzhu and Cheng, Lechao and Fang, Chaowei and Zhang, Dingwen and Duan, Manni and Wang, Meng},
  journal={arXiv preprint arXiv:2402.02382},
  year={2024}
}
@article{chen2022adaptformer,
  title={Adaptformer: Adapting vision transformers for scalable visual recognition},
  author={Chen, Shoufa and Ge, Chongjian and Tong, Zhan and Wang, Jiangliu and Song, Yibing and Wang, Jue and Luo, Ping},
  journal={Advances in Neural Information Processing Systems},
  volume={35},
  pages={16664--16678},
  year={2022}
}

@article{kurniawan2024evoprompt,
  title={Evolving Parameterized Prompt Memory for Continual Learning},
  volume={38},
  url={https://ojs.aaai.org/index.php/AAAI/article/view/29231},
  DOI={10.1609/aaai.v38i12.29231},
  number={12},
  journal={Proceedings of the AAAI Conference on Artificial Intelligence},
  author={Kurniawan, Muhammad Rifki and Song, Xiang and Ma, Zhiheng and He, Yuhang and Gong, Yihong and Qi, Yang and Wei, Xing},
  year={2024},
  month={Mar.},
  pages={13301-13309} }

@inproceedings{yu2020semantic,
  title={Semantic drift compensation for class-incremental learning},
  author={Yu, Lu and Twardowski, Bartlomiej and Liu, Xialei and Herranz, Luis and Wang, Kai and Cheng, Yongmei and Jui, Shangling and Weijer, Joost van de},
  booktitle={Proceedings of the IEEE/CVF conference on computer vision and pattern recognition},
  pages={6982--6991},
  year={2020}
}

@inproceedings{smith2023coda,
  title={Coda-prompt: Continual decomposed attention-based prompting for rehearsal-free continual learning},
  author={Smith, James Seale and Karlinsky, Leonid and Gutta, Vyshnavi and Cascante-Bonilla, Paola and Kim, Donghyun and Arbelle, Assaf and Panda, Rameswar and Feris, Rogerio and Kira, Zsolt},
  booktitle={Proceedings of the IEEE/CVF Conference on Computer Vision and Pattern Recognition},
  pages={11909--11919},
  year={2023}
}

@inproceedings{wang2022learning,
  title={Learning to prompt for continual learning},
  author={Wang, Zifeng and Zhang, Zizhao and Lee, Chen-Yu and Zhang, Han and Sun, Ruoxi and Ren, Xiaoqi and Su, Guolong and Perot, Vincent and Dy, Jennifer and Pfister, Tomas},
  booktitle={Proceedings of the IEEE/CVF conference on computer vision and pattern recognition},
  pages={139--149},
  year={2022}
}

@inproceedings{wang2022dualprompt,
  title={Dualprompt: Complementary prompting for rehearsal-free continual learning},
  author={Wang, Zifeng and Zhang, Zizhao and Ebrahimi, Sayna and Sun, Ruoxi and Zhang, Han and Lee, Chen-Yu and Ren, Xiaoqi and Su, Guolong and Perot, Vincent and Dy, Jennifer and others},
  booktitle={European Conference on Computer Vision},
  pages={631--648},
  year={2022},
  organization={Springer}
}

@inproceedings{zhang2023slca,
  title={Slca: Slow learner with classifier alignment for continual learning on a pre-trained model},
  author={Zhang, Gengwei and Wang, Liyuan and Kang, Guoliang and Chen, Ling and Wei, Yunchao},
  booktitle={Proceedings of the IEEE/CVF International Conference on Computer Vision},
  pages={19148--19158},
  year={2023}
}

@inproceedings{tan2024semantically,
  title={Semantically-Shifted Incremental Adapter-Tuning is A Continual ViTransformer},
  author={Tan, Yuwen and Zhou, Qinhao and Xiang, Xiang and Wang, Ke and Wu, Yuchuan and Li, Yongbin},
  booktitle={Proceedings of the IEEE/CVF Conference on Computer Vision and Pattern Recognition},
  pages={23252--23262},
  year={2024}
}

@inproceedings{liang2024inflora,
  title={InfLoRA: Interference-Free Low-Rank Adaptation for Continual Learning},
  author={Liang, Yan-Shuo and Li, Wu-Jun},
  booktitle={Proceedings of the IEEE/CVF Conference on Computer Vision and Pattern Recognition},
  pages={23638--23647},
  year={2024}
}

@inproceedings{zhou2024expandable,
  title={Expandable subspace ensemble for pre-trained model-based class-incremental learning},
  author={Zhou, Da-Wei and Sun, Hai-Long and Ye, Han-Jia and Zhan, De-Chuan},
  booktitle={Proceedings of the IEEE/CVF Conference on Computer Vision and Pattern Recognition},
  pages={23554--23564},
  year={2024}
}

@inproceedings{gomez2025exemplar,
  title={Exemplar-free Continual Representation Learning via Learnable Drift Compensation},
  author={Gomez-Villa, Alex and Goswami, Dipam and Wang, Kai and Bagdanov, Andrew D and Twardowski, Bartlomiej and van de Weijer, Joost},
  booktitle={European Conference on Computer Vision},
  pages={473--490},
  year={2024},
  organization={Springer}
}

@inproceedings{goswami2024resurrecting,
  title={Resurrecting Old Classes with New Data for Exemplar-Free Continual Learning},
  author={Goswami, Dipam and Soutif-Cormerais, Albin and Liu, Yuyang and Kamath, Sandesh and Twardowski, Bart and van de Weijer, Joost and others},
  booktitle={Proceedings of the IEEE/CVF Conference on Computer Vision and Pattern Recognition},
  pages={28525--28534},
  year={2024}
}

@article{wang2024hierarchical,
  title={Hierarchical decomposition of prompt-based continual learning: Rethinking obscured sub-optimality},
  author={Wang, Liyuan and Xie, Jingyi and Zhang, Xingxing and Huang, Mingyi and Su, Hang and Zhu, Jun},
  journal={Advances in Neural Information Processing Systems},
  volume={36},
  year={2024}
}

@article{li2017learning,
  title={Learning without forgetting},
  author={Li, Zhizhong and Hoiem, Derek},
  journal={IEEE transactions on pattern analysis and machine intelligence},
  volume={40},
  number={12},
  pages={2935--2947},
  year={2017},
  publisher={IEEE}
}

@inproceedings{rebuffi2017icarl,
  title={icarl: Incremental classifier and representation learning},
  author={Rebuffi, Sylvestre-Alvise and Kolesnikov, Alexander and Sperl, Georg and Lampert, Christoph H},
  booktitle={Proceedings of the IEEE conference on Computer Vision and Pattern Recognition},
  pages={2001--2010},
  year={2017}
}

@article{kirkpatrick2017overcoming,
  title={Overcoming catastrophic forgetting in neural networks},
  author={Kirkpatrick, James and Pascanu, Razvan and Rabinowitz, Neil and Veness, Joel and Desjardins, Guillaume and Rusu, Andrei A and Milan, Kieran and Quan, John and Ramalho, Tiago and Grabska-Barwinska, Agnieszka and others},
  journal={Proceedings of the national academy of sciences},
  volume={114},
  number={13},
  pages={3521--3526},
  year={2017},
  publisher={National Acad Sciences}
}

@article{shin2017continual,
  title={Continual learning with deep generative replay},
  author={Shin, Hanul and Lee, Jung Kwon and Kim, Jaehong and Kim, Jiwon},
  journal={Advances in neural information processing systems},
  volume={30},
  year={2017}
}

@InProceedings{Zhu_2021_CVPR,
    author    = {Zhu, Fei and Zhang, Xu-Yao and Wang, Chuang and Yin, Fei and Liu, Cheng-Lin},
    title     = {Prototype Augmentation and Self-Supervision for Incremental Learning},
    booktitle = {Proceedings of the IEEE/CVF Conference on Computer Vision and Pattern Recognition (CVPR)},
    month     = {June},
    year      = {2021},
    pages     = {5871-5880}
}

@article{liu2021rmm,
  title={Rmm: Reinforced memory management for class-incremental learning},
  author={Liu, Yaoyao and Schiele, Bernt and Sun, Qianru},
  journal={Advances in Neural Information Processing Systems},
  volume={34},
  pages={3478--3490},
  year={2021}
}

@inproceedings{MER,
    title={Learning to Learn without Forgetting by Maximizing Transfer and Minimizing Interference},   
    author={Riemer, Matthew and Cases, Ignacio and Ajemian, Robert and Liu, Miao and Rish, Irina and Tu, Yuhai and Tesauro, Gerald},    
    booktitle={In International Conference on Learning Representations (ICLR)},    
    year={2019}   
}

@article{lopez2017gradient,
  title={Gradient episodic memory for continual learning},
  author={Lopez-Paz, David and Ranzato, Marc'Aurelio},
  journal={Advances in neural information processing systems},
  volume={30},
  year={2017}
}
@inproceedings{AGEM,
  title={Efficient Lifelong Learning with A-GEM},
  author={Chaudhry, Arslan and Ranzato, Marcâ€™Aurelio and Rohrbach, Marcus and Elhoseiny, Mohamed},
  booktitle={ICLR},
  year={2019}
}

@inproceedings{zenke2017continual,
  title={Continual learning through synaptic intelligence},
  author={Zenke, Friedemann and Poole, Ben and Ganguli, Surya},
  booktitle={International conference on machine learning},
  pages={3987--3995},
  year={2017},
  organization={PMLR}
}

@inproceedings{
saha2021gradient,
title={Gradient Projection Memory for Continual Learning},
author={Gobinda Saha and Isha Garg and Kaushik Roy},
booktitle={International Conference on Learning Representations},
year={2021},
url={https://openreview.net/forum?id=3AOj0RCNC2}
}

@InProceedings{pmlr-v202-wen23b,
  title = {Optimizing Mode Connectivity for Class Incremental Learning},
  author = {Wen, Haitao and Cheng, Haoyang and Qiu, Heqian and Wang, Lanxiao and Pan, Lili and Li, Hongliang},
  booktitle = {Proceedings of the 40th International Conference on Machine Learning},
  pages = {36940--36957},
  year = {2023},
  volume = {202},
  publisher = {PMLR}
}

@inproceedings{cha2021co2l,
  title={Co2l: Contrastive continual learning},
  author={Cha, Hyuntak and Lee, Jaeho and Shin, Jinwoo},
  booktitle={Proceedings of the IEEE/CVF International conference on computer vision},
  pages={9516--9525},
  year={2021}
}

@inproceedings{2024taskrecency,
title={Task-recency bias strikes back: Adapting covariances in Exemplar-Free Class Incremental Learning},
author={Grzegorz Rype{\'s}{\'c} and Sebastian Cygert and Tomasz Trzcinski and Bart{\l}omiej Twardowski},
booktitle={The Thirty-eighth Annual Conference on Neural Information Processing Systems},
year={2024},
url={https://openreview.net/forum?id=5H4l37IsZ8}
}

@article{pham2021dualnet,
  title={DualNet: Continual Learning, Fast and Slow},
  author={Pham, Quang and Liu, Chenghao and Hoi, Steven},
  journal={Advances in Neural Information Processing Systems},
  volume={34},
  year={2021}
}

@inproceedings{farajtabar2020orthogonal,
  title={Orthogonal gradient descent for continual learning},
  author={Farajtabar, Mehrdad and Azizan, Navid and Mott, Alex and Li, Ang},
  booktitle={International Conference on Artificial Intelligence and Statistics},
  pages={3762--3773},
  year={2020},
  organization={PMLR}
}

@article{lu2024visual,
  title={Visual Prompt Tuning in Null Space for Continual Learning},
  author={Lu, Yue and Zhang, Shizhou and Cheng, De and Xing, Yinghui and Wang, Nannan and Wang, Peng and Zhang, Yanning},
  journal={NeurIPS},
  year={2024}
}

@inproceedings{wang2021training,
  title={Training networks in null space of feature covariance for continual learning},
  author={Wang, Shipeng and Li, Xiaorong and Sun, Jian and Xu, Zongben},
  booktitle={Proceedings of the IEEE/CVF conference on Computer Vision and Pattern Recognition},
  pages={184--193},
  year={2021}
}

@article{jiao2024vector,
  title={Vector Quantization Prompting for Continual Learning},
  author={Jiao, Li and Lai, Qiuxia and Li, Yu and Xu, Qiang},
  journal={NeurIPS},
  year={2024}
}

@article{wang2022s,
  title={S-prompts learning with pre-trained transformers: An occamâ€™s razor for domain incremental learning},
  author={Wang, Yabin and Huang, Zhiwu and Hong, Xiaopeng},
  journal={Advances in Neural Information Processing Systems},
  volume={35},
  pages={5682--5695},
  year={2022}
}

@inproceedings{Gao2024BeyondPL,
  title={Beyond Prompt Learning: Continual Adapter for Efficient Rehearsal-Free Continual Learning},
  author={Xinyuan Gao and Songlin Dong and Yuhang He and Qiang Wang and Yihong Gong},
  booktitle={European Conference on Computer Vision},
  year={2024},
}

@inproceedings{
    huang2024ovor,
    title={{OVOR}: OnePrompt with Virtual Outlier Regularization for Rehearsal-Free Class-Incremental Learning},
    author={Huang, Wei-Cheng and Chen, Chun-Fu and Hsu, Hsiang},
    booktitle={The Twelfth International Conference on Learning Representations},
    year={2024},
    url={https://openreview.net/forum?id=FbuyDzZTPt}
}

@inproceedings{
mcdonnell2023ranpac,
title={Ran{PAC}: Random Projections and Pre-trained Models for Continual Learning},
author={Mark McDonnell and Dong Gong and Amin Parvaneh and Ehsan Abbasnejad and Anton van den Hengel},
booktitle={Thirty-seventh Conference on Neural Information Processing Systems},
year={2023},
url={https://openreview.net/forum?id=aec58UfBzA}
}

@inproceedings{goswami2023fecam,
  title={FeCAM: Exploiting the Heterogeneity of Class Distributions in Exemplar-Free Continual Learning}, 
  author={Dipam Goswami and Yuyang Liu and BartÅ‚omiej Twardowski and Joost van de Weijer},
  booktitle={Advances in Neural Information Processing Systems (NeurIPS)},
  year={2023}
}

@inproceedings{
dosovitskiy2021an,
title={An Image is Worth 16x16 Words: Transformers for Image Recognition at Scale},
author={Alexey Dosovitskiy and Lucas Beyer and Alexander Kolesnikov and Dirk Weissenborn and Xiaohua Zhai and Thomas Unterthiner and Mostafa Dehghani and Matthias Minderer and Georg Heigold and Sylvain Gelly and Jakob Uszkoreit and Neil Houlsby},
booktitle={International Conference on Learning Representations},
year={2021},
url={https://openreview.net/forum?id=YicbFdNTTy}
}

@article{russakovsky2015imagenet,
  title={Imagenet large scale visual recognition challenge},
  author={Russakovsky, Olga and Deng, Jia and Su, Hao and Krause, Jonathan and Satheesh, Sanjeev and Ma, Sean and Huang, Zhiheng and Karpathy, Andrej and Khosla, Aditya and Bernstein, Michael and others},
  journal={International journal of computer vision},
  volume={115},
  pages={211--252},
  year={2015},
  publisher={Springer}
}

@inproceedings{tian2024hydralora,
  title={HydraLoRA: An Asymmetric LoRA Architecture for Efficient Fine-Tuning},
  author={Tian, Chunlin and Shi, Zhan and Guo, Zhijiang and Li, Li and Xu, Chengzhong},
  booktitle={Advances in Neural Information Processing Systems (NeurIPS)},
  year={2024}
}

@article{zhou2024revisiting,
    author = {Zhou, Da-Wei and Cai, Zi-Wen and Ye, Han-Jia and Zhan, De-Chuan and Liu, Ziwei},
    title = {Revisiting Class-Incremental Learning with Pre-Trained Models: Generalizability and Adaptivity are All You Need},
    journal = {International Journal of Computer Vision},
    year = {2024}
}

@inproceedings{Krizhevsky2009LearningML,
  title={Learning Multiple Layers of Features from Tiny Images},
  author={Alex Krizhevsky},
  booktitle = {Technical report},
  year={2009},
  url={https://api.semanticscholar.org/CorpusID:18268744}
}

@techreport{WahCUB_200_2011,
	Title = {The Caltech-UCSD Birds-200-2011 Dataset},
	Author = {Wah, C. and Branson, S. and Welinder, P. and Perona, P. and Belongie, S.},
	Year = {2011},
	Institution = {California Institute of Technology},
	Number = {CNS-TR-2011-001}
}

@inproceedings{hendrycks2021natural,
  title={Natural adversarial examples},
  author={Hendrycks, Dan and Zhao, Kevin and Basart, Steven and Steinhardt, Jacob and Song, Dawn},
  booktitle={Proceedings of the IEEE/CVF conference on computer vision and pattern recognition},
  pages={15262--15271},
  year={2021}
}

@inproceedings{hendrycks2021many,
  title={The many faces of robustness: A critical analysis of out-of-distribution generalization},
  author={Hendrycks, Dan and Basart, Steven and Mu, Norman and Kadavath, Saurav and Wang, Frank and Dorundo, Evan and Desai, Rahul and Zhu, Tyler and Parajuli, Samyak and Guo, Mike and others},
  booktitle={Proceedings of the IEEE/CVF international conference on computer vision},
  pages={8340--8349},
  year={2021}
}

@article{zhai2019large,
  title={A large-scale study of representation learning with the visual task adaptation benchmark},
  author={Zhai, Xiaohua and Puigcerver, Joan and Kolesnikov, Alexander and Ruyssen, Pierre and Riquelme, Carlos and Lucic, Mario and Djolonga, Josip and Pinto, Andre Susano and Neumann, Maxim and Dosovitskiy, Alexey and others},
  journal={arXiv preprint arXiv:1910.04867},
  year={2019}
}

@inproceedings{kim2024one,
  title={One-stage Prompt-based Continual Learning},
  author={Kim, Youngeun and Li, Yuhang and Panda, Priyadarshini},
  booktitle={European Conference on Computer Vision},
  pages={163--179},
  year={2024},
  organization={Springer}
}

@inproceedings{10.1007/978-3-031-73013-9_6,
author = {Gao, Xinyuan and Dong, Songlin and He, Yuhang and Wang, Qiang and Gong, Yihong},
title = {Beyond Prompt Learning: Continual Adapter for Efficient Rehearsal-Free Continual Learning},
year = {2024},
isbn = {978-3-031-73012-2},
publisher = {Springer-Verlag},
address = {Berlin, Heidelberg},
url = {https://doi.org/10.1007/978-3-031-73013-9_6},
doi = {10.1007/978-3-031-73013-9_6},
booktitle = {Computer Vision â€“ ECCV 2024: 18th European Conference, Milan, Italy, September 29â€“October 4, 2024, Proceedings, Part LXXXV},
pages = {89â€“106},
numpages = {18},
keywords = {Continual Learning, Rehearsal-Free},
location = {Milan, Italy}
}

@article{li2024dynamic,
  title={Dynamic Integration of Task-Specific Adapters for Class Incremental Learning},
  author={Li, Jiashuo and Wang, Shaokun and Qian, Bo and He, Yuhang and Wei, Xing and Gong, Yihong},
  journal={arXiv preprint arXiv:2409.14983},
  year={2024}
}

@inproceedings{zhai2024fine,
  title={Fine-Grained Knowledge Selection and Restoration for Non-exemplar Class Incremental Learning},
  author={Zhai, Jiang-Tian and Liu, Xialei and Yu, Lu and Cheng, Ming-Ming},
  booktitle={Proceedings of the AAAI Conference on Artificial Intelligence},
  volume={38},
  number={7},
  pages={6971--6978},
  year={2024}
}

@inproceedings{gao2024consistent,
  title={Consistent Prompting for Rehearsal-Free Continual Learning},
  author={Gao, Zhanxin and Cen, Jun and Chang, Xiaobin},
  booktitle={Proceedings of the IEEE/CVF Conference on Computer Vision and Pattern Recognition},
  pages={28463--28473},
  year={2024}
}

@inproceedings{sun2024mos,
title={MOS: Model Surgery for Pre-Trained Model-Based Class-Incremental Learning},
author={Sun, Hai-Long and Zhou, Da-Wei and Zhao, Hanbin and Gan, Le and Zhan, De-Chuan and Ye, Han-Jia},
booktitle={AAAI},
year={2025}
}

@inproceedings{zhou2024continual,
    title={Continual learning with pre-trained models: A survey},
    author={Zhou, Da-Wei and Sun, Hai-Long and Ning, Jingyi and Ye, Han-Jia and Zhan, De-Chuan},
    booktitle={IJCAI},
    pages={8363-8371},
    year={2024}
}

@inproceedings{peng2022few,
  title={Few-shot class-incremental learning from an open-set perspective},
  author={Peng, Can and Zhao, Kun and Wang, Tianren and Li, Meng and Lovell, Brian C},
  booktitle={European Conference on Computer Vision},
  pages={382--397},
  year={2022},
  organization={Springer}
}

@inproceedings{he2019rethinking,
  title={Rethinking imagenet pre-training},
  author={He, Kaiming and Girshick, Ross and Doll{\'a}r, Piotr},
  booktitle={Proceedings of the IEEE/CVF international conference on computer vision},
  pages={4918--4927},
  year={2019}
}

@inproceedings{houlsby2019parameter,
  title={Parameter-efficient transfer learning for NLP},
  author={Houlsby, Neil and Giurgiu, Andrei and Jastrzebski, Stanislaw and Morrone, Bruna and De Laroussilhe, Quentin and Gesmundo, Andrea and Attariyan, Mona and Gelly, Sylvain},
  booktitle={International conference on machine learning},
  pages={2790--2799},
  year={2019},
  organization={PMLR}
}

@inproceedings{lester-etal-2021-power,
    title = "The Power of Scale for Parameter-Efficient Prompt Tuning",
    author = "Lester, Brian  and
      Al-Rfou, Rami  and
      Constant, Noah",
    editor = "Moens, Marie-Francine  and
      Huang, Xuanjing  and
      Specia, Lucia  and
      Yih, Scott Wen-tau",
    booktitle = "Proceedings of the 2021 Conference on Empirical Methods in Natural Language Processing",
    month = nov,
    year = "2021",
    address = "Online and Punta Cana, Dominican Republic",
    publisher = "Association for Computational Linguistics",
    url = "https://aclanthology.org/2021.emnlp-main.243/",
    doi = "10.18653/v1/2021.emnlp-main.243",
    pages = "3045--3059",
}

@article{wang2024comprehensive,
  title={A comprehensive survey of continual learning: theory, method and application},
  author={Wang, Liyuan and Zhang, Xingxing and Su, Hang and Zhu, Jun},
  journal={IEEE Transactions on Pattern Analysis and Machine Intelligence},
  year={2024},
  publisher={IEEE}
}

@article{parisi2019continual,
  title={Continual lifelong learning with neural networks: A review},
  author={Parisi, German I and Kemker, Ronald and Part, Jose L and Kanan, Christopher and Wermter, Stefan},
  journal={Neural networks},
  volume={113},
  pages={54--71},
  year={2019},
  publisher={Elsevier}
}

@article{mahalanobis1936generalized,
  title={On the generalized distance in statistics},
  author={Mahalanobis, P. C.},
  journal={Proceedings of the National Institute of Sciences of India},
  volume={2},
  pages={49--55},
  year={1936}
}