@inproceedings{2024taskrecency,
title={Task-recency bias strikes back: Adapting covariances in Exemplar-Free Class Incremental Learning},
author={Grzegorz Rype{\'s}{\'c} and Sebastian Cygert and Tomasz Trzcinski and Bart{\l}omiej Twardowski},
booktitle={The Thirty-eighth Annual Conference on Neural Information Processing Systems},
year={2024},
url={https://openreview.net/forum?id=5H4l37IsZ8}
}

@inproceedings{AGEM,
  title={Efficient Lifelong Learning with A-GEM},
  author={Chaudhry, Arslan and Ranzato, Marcâ€™Aurelio and Rohrbach, Marcus and Elhoseiny, Mohamed},
  booktitle={ICLR},
  year={2019}
}

@inproceedings{Gao2024BeyondPL,
  title={Beyond Prompt Learning: Continual Adapter for Efficient Rehearsal-Free Continual Learning},
  author={Xinyuan Gao and Songlin Dong and Yuhang He and Qiang Wang and Yihong Gong},
  booktitle={European Conference on Computer Vision},
  year={2024},
}

@inproceedings{MER,
    title={Learning to Learn without Forgetting by Maximizing Transfer and Minimizing Interference},   
    author={Riemer, Matthew and Cases, Ignacio and Ajemian, Robert and Liu, Miao and Rish, Irina and Tu, Yuhai and Tesauro, Gerald},    
    booktitle={In International Conference on Learning Representations (ICLR)},    
    year={2019}   
}

@InProceedings{Zhu_2021_CVPR,
    author    = {Zhu, Fei and Zhang, Xu-Yao and Wang, Chuang and Yin, Fei and Liu, Cheng-Lin},
    title     = {Prototype Augmentation and Self-Supervision for Incremental Learning},
    booktitle = {Proceedings of the IEEE/CVF Conference on Computer Vision and Pattern Recognition (CVPR)},
    month     = {June},
    year      = {2021},
    pages     = {5871-5880}
}

@inproceedings{cha2021co2l,
  title={Co2l: Contrastive continual learning},
  author={Cha, Hyuntak and Lee, Jaeho and Shin, Jinwoo},
  booktitle={Proceedings of the IEEE/CVF International conference on computer vision},
  pages={9516--9525},
  year={2021}
}

@article{chen2022adaptformer,
  title={Adaptformer: Adapting vision transformers for scalable visual recognition},
  author={Chen, Shoufa and Ge, Chongjian and Tong, Zhan and Wang, Jiangliu and Song, Yibing and Wang, Jue and Luo, Ping},
  journal={Advances in Neural Information Processing Systems},
  volume={35},
  pages={16664--16678},
  year={2022}
}

@inproceedings{farajtabar2020orthogonal,
  title={Orthogonal gradient descent for continual learning},
  author={Farajtabar, Mehrdad and Azizan, Navid and Mott, Alex and Li, Ang},
  booktitle={International Conference on Artificial Intelligence and Statistics},
  pages={3762--3773},
  year={2020},
  organization={PMLR}
}

@inproceedings{gao2024consistent,
  title={Consistent Prompting for Rehearsal-Free Continual Learning},
  author={Gao, Zhanxin and Cen, Jun and Chang, Xiaobin},
  booktitle={Proceedings of the IEEE/CVF Conference on Computer Vision and Pattern Recognition},
  pages={28463--28473},
  year={2024}
}

@inproceedings{gomez2025exemplar,
  title={Exemplar-free Continual Representation Learning via Learnable Drift Compensation},
  author={Gomez-Villa, Alex and Goswami, Dipam and Wang, Kai and Bagdanov, Andrew D and Twardowski, Bartlomiej and van de Weijer, Joost},
  booktitle={European Conference on Computer Vision},
  pages={473--490},
  year={2024},
  organization={Springer}
}

@inproceedings{goswami2024resurrecting,
  title={Resurrecting Old Classes with New Data for Exemplar-Free Continual Learning},
  author={Goswami, Dipam and Soutif-Cormerais, Albin and Liu, Yuyang and Kamath, Sandesh and Twardowski, Bart and van de Weijer, Joost and others},
  booktitle={Proceedings of the IEEE/CVF Conference on Computer Vision and Pattern Recognition},
  pages={28525--28534},
  year={2024}
}

@inproceedings{jia2022visual,
  title={Visual prompt tuning},
  author={Jia, Menglin and Tang, Luming and Chen, Bor-Chun and Cardie, Claire and Belongie, Serge and Hariharan, Bharath and Lim, Ser-Nam},
  booktitle={European Conference on Computer Vision},
  pages={709--727},
  year={2022},
  organization={Springer}
}

@article{jiao2024vector,
  title={Vector Quantization Prompting for Continual Learning},
  author={Jiao, Li and Lai, Qiuxia and Li, Yu and Xu, Qiang},
  journal={NeurIPS},
  year={2024}
}

@inproceedings{kim2024one,
  title={One-stage Prompt-based Continual Learning},
  author={Kim, Youngeun and Li, Yuhang and Panda, Priyadarshini},
  booktitle={European Conference on Computer Vision},
  pages={163--179},
  year={2024},
  organization={Springer}
}

@article{kirkpatrick2017overcoming,
  title={Overcoming catastrophic forgetting in neural networks},
  author={Kirkpatrick, James and Pascanu, Razvan and Rabinowitz, Neil and Veness, Joel and Desjardins, Guillaume and Rusu, Andrei A and Milan, Kieran and Quan, John and Ramalho, Tiago and Grabska-Barwinska, Agnieszka and others},
  journal={Proceedings of the national academy of sciences},
  volume={114},
  number={13},
  pages={3521--3526},
  year={2017},
  publisher={National Acad Sciences}
}

@article{kurniawan2024evoprompt,
  title={Evolving Parameterized Prompt Memory for Continual Learning},
  volume={38},
  url={https://ojs.aaai.org/index.php/AAAI/article/view/29231},
  DOI={10.1609/aaai.v38i12.29231},
  number={12},
  journal={Proceedings of the AAAI Conference on Artificial Intelligence},
  author={Kurniawan, Muhammad Rifki and Song, Xiang and Ma, Zhiheng and He, Yuhang and Gong, Yihong and Qi, Yang and Wei, Xing},
  year={2024},
  month={Mar.},
  pages={13301-13309} }

@article{li2017learning,
  title={Learning without forgetting},
  author={Li, Zhizhong and Hoiem, Derek},
  journal={IEEE transactions on pattern analysis and machine intelligence},
  volume={40},
  number={12},
  pages={2935--2947},
  year={2017},
  publisher={IEEE}
}

@inproceedings{liang2024inflora,
  title={InfLoRA: Interference-Free Low-Rank Adaptation for Continual Learning},
  author={Liang, Yan-Shuo and Li, Wu-Jun},
  booktitle={Proceedings of the IEEE/CVF Conference on Computer Vision and Pattern Recognition},
  pages={23638--23647},
  year={2024}
}

@article{liu2021rmm,
  title={Rmm: Reinforced memory management for class-incremental learning},
  author={Liu, Yaoyao and Schiele, Bernt and Sun, Qianru},
  journal={Advances in Neural Information Processing Systems},
  volume={34},
  pages={3478--3490},
  year={2021}
}

@article{lopez2017gradient,
  title={Gradient episodic memory for continual learning},
  author={Lopez-Paz, David and Ranzato, Marc'Aurelio},
  journal={Advances in neural information processing systems},
  volume={30},
  year={2017}
}

@article{lu2024visual,
  title={Visual Prompt Tuning in Null Space for Continual Learning},
  author={Lu, Yue and Zhang, Shizhou and Cheng, De and Xing, Yinghui and Wang, Nannan and Wang, Peng and Zhang, Yanning},
  journal={NeurIPS},
  year={2024}
}

@article{pham2021dualnet,
  title={DualNet: Continual Learning, Fast and Slow},
  author={Pham, Quang and Liu, Chenghao and Hoi, Steven},
  journal={Advances in Neural Information Processing Systems},
  volume={34},
  year={2021}
}

@InProceedings{pmlr-v202-wen23b,
  title = {Optimizing Mode Connectivity for Class Incremental Learning},
  author = {Wen, Haitao and Cheng, Haoyang and Qiu, Heqian and Wang, Lanxiao and Pan, Lili and Li, Hongliang},
  booktitle = {Proceedings of the 40th International Conference on Machine Learning},
  pages = {36940--36957},
  year = {2023},
  volume = {202},
  publisher = {PMLR}
}

@inproceedings{rebuffi2017icarl,
  title={icarl: Incremental classifier and representation learning},
  author={Rebuffi, Sylvestre-Alvise and Kolesnikov, Alexander and Sperl, Georg and Lampert, Christoph H},
  booktitle={Proceedings of the IEEE conference on Computer Vision and Pattern Recognition},
  pages={2001--2010},
  year={2017}
}

@article{shin2017continual,
  title={Continual learning with deep generative replay},
  author={Shin, Hanul and Lee, Jung Kwon and Kim, Jaehong and Kim, Jiwon},
  journal={Advances in neural information processing systems},
  volume={30},
  year={2017}
}

@inproceedings{smith2023coda,
  title={Coda-prompt: Continual decomposed attention-based prompting for rehearsal-free continual learning},
  author={Smith, James Seale and Karlinsky, Leonid and Gutta, Vyshnavi and Cascante-Bonilla, Paola and Kim, Donghyun and Arbelle, Assaf and Panda, Rameswar and Feris, Rogerio and Kira, Zsolt},
  booktitle={Proceedings of the IEEE/CVF Conference on Computer Vision and Pattern Recognition},
  pages={11909--11919},
  year={2023}
}

@inproceedings{sun2024mos,
title={MOS: Model Surgery for Pre-Trained Model-Based Class-Incremental Learning},
author={Sun, Hai-Long and Zhou, Da-Wei and Zhao, Hanbin and Gan, Le and Zhan, De-Chuan and Ye, Han-Jia},
booktitle={AAAI},
year={2025}
}

@inproceedings{tan2024semantically,
  title={Semantically-Shifted Incremental Adapter-Tuning is A Continual ViTransformer},
  author={Tan, Yuwen and Zhou, Qinhao and Xiang, Xiang and Wang, Ke and Wu, Yuchuan and Li, Yongbin},
  booktitle={Proceedings of the IEEE/CVF Conference on Computer Vision and Pattern Recognition},
  pages={23252--23262},
  year={2024}
}

@inproceedings{wang2021training,
  title={Training networks in null space of feature covariance for continual learning},
  author={Wang, Shipeng and Li, Xiaorong and Sun, Jian and Xu, Zongben},
  booktitle={Proceedings of the IEEE/CVF conference on Computer Vision and Pattern Recognition},
  pages={184--193},
  year={2021}
}

@inproceedings{wang2022dualprompt,
  title={Dualprompt: Complementary prompting for rehearsal-free continual learning},
  author={Wang, Zifeng and Zhang, Zizhao and Ebrahimi, Sayna and Sun, Ruoxi and Zhang, Han and Lee, Chen-Yu and Ren, Xiaoqi and Su, Guolong and Perot, Vincent and Dy, Jennifer and others},
  booktitle={European Conference on Computer Vision},
  pages={631--648},
  year={2022},
  organization={Springer}
}

@inproceedings{wang2022learning,
  title={Learning to prompt for continual learning},
  author={Wang, Zifeng and Zhang, Zizhao and Lee, Chen-Yu and Zhang, Han and Sun, Ruoxi and Ren, Xiaoqi and Su, Guolong and Perot, Vincent and Dy, Jennifer and Pfister, Tomas},
  booktitle={Proceedings of the IEEE/CVF conference on computer vision and pattern recognition},
  pages={139--149},
  year={2022}
}

@article{wang2022s,
  title={S-prompts learning with pre-trained transformers: An occamâ€™s razor for domain incremental learning},
  author={Wang, Yabin and Huang, Zhiwu and Hong, Xiaopeng},
  journal={Advances in Neural Information Processing Systems},
  volume={35},
  pages={5682--5695},
  year={2022}
}

@article{wang2024hierarchical,
  title={Hierarchical decomposition of prompt-based continual learning: Rethinking obscured sub-optimality},
  author={Wang, Liyuan and Xie, Jingyi and Zhang, Xingxing and Huang, Mingyi and Su, Hang and Zhu, Jun},
  journal={Advances in Neural Information Processing Systems},
  volume={36},
  year={2024}
}

@inproceedings{yu2020semantic,
  title={Semantic drift compensation for class-incremental learning},
  author={Yu, Lu and Twardowski, Bartlomiej and Liu, Xialei and Herranz, Luis and Wang, Kai and Cheng, Yongmei and Jui, Shangling and Weijer, Joost van de},
  booktitle={Proceedings of the IEEE/CVF conference on computer vision and pattern recognition},
  pages={6982--6991},
  year={2020}
}

@inproceedings{zenke2017continual,
  title={Continual learning through synaptic intelligence},
  author={Zenke, Friedemann and Poole, Ben and Ganguli, Surya},
  booktitle={International conference on machine learning},
  pages={3987--3995},
  year={2017},
  organization={PMLR}
}

@inproceedings{zhou2024expandable,
  title={Expandable subspace ensemble for pre-trained model-based class-incremental learning},
  author={Zhou, Da-Wei and Sun, Hai-Long and Ye, Han-Jia and Zhan, De-Chuan},
  booktitle={Proceedings of the IEEE/CVF Conference on Computer Vision and Pattern Recognition},
  pages={23554--23564},
  year={2024}
}

