@article{10212575,
  author={Chomsuay, Danupol and Phakphisut, Watid and Wijitpornchai, Thongchai and Areeprayoonkij, Poonlarp and Jaruvitayakovit, Tanun and Puttarak, Nattakan},
  booktitle={2023 International Technical Conference on Circuits/Systems, Computers, and Communications (ITC-CSCC)}, 
  title={Improvement of Deep Learning-Based Reference Signal Received Power Prediction for LTE Communication System}, 
  year={2023},
  volume={},
  number={},
  pages={1-4},
}

@article{5466252,
  author={Ostlin, Erik and Zepernick, Hans-Jürgen and Suzuki, Hajime},
  journal={IEEE Transactions on Vehicular Technology}, 
  title={Macrocell Path-Loss Prediction Using Artificial Neural Networks}, 
  year={2010},
  volume={59},
  number={6},
  pages={2735-2747},
  doi={10.1109/TVT.2010.2050502}
}

@article{9017353,
  author={Micheli, Davide and Diamanti, Riccardo},
  booktitle={2019 PhotonIcs {\&} Electromagnetics Research Symposium - Spring (PIERS-Spring)}, 
  title={Statistical Analysis of Interference in a Real LTE Access Network by Massive Collection of MDT Radio Measurement Data from Smartphones}, 
  year={2019},
  volume={},
  number={},
  pages={1906-1916},
  keywords={Long Term Evolution;Interference;Time measurement;Springs;Pollution measurement;Urban areas;Power measurement},
  doi={10.1109/PIERS-Spring46901.2019.9017353}
}

@article{9700950,
  author={Wu, Sai and Ma, Baojuan and Ye, Tiantian and Zhang, Jianming and Shao, Weiping and Zheng, Weijun},
  booktitle={2022 International Seminar on Computer Science and Engineering Technology (SCSET)}, 
  title={A Machine Learning based Intelligent Propagation Model for RSRP prediction}, 
  year={2022},
  volume={},
  number={},
  pages={1-5},
}

@article{ARAOZ2009886,
title = {Solving the Prize-collecting Rural Postman Problem},
journal = {European Journal of Operational Research},
volume = {196},
number = {3},
pages = {886-896},
year = {2009},
issn = {0377-2217},
doi = {10.1016/j.ejor.2008.04.037},
author = {J. {Aráoz} and E. {Fernández} and O. {Meza}},
}

@Inbook{Christofides1986,
author={N. {Christofides} and V. {Campos} and A. {Corber{\'a}n} and E. {Mota}},
title={An algorithm for the Rural Postman problem on a directed graph},
year={1986},
publisher={Springer Berlin Heidelberg},
pages={155--166},
isbn={978-3-642-00923-5},
doi={10.1007/BFb0121091},
}

@article{Ojo2020Radial,
author={S. {Ojo} and A. {Imoize} and D. {Alienyi}},
doi={10.1002/dac.4680},
journal={International Journal of Communication Systems},
title={Radial basis function neural network path loss prediction model for LTE networks in multitransmitter signal propagation environments},
year={2020}
}

@article{Peerajing2016Multisector,
author={J. {Peerajing} and P. {Uthansakul}},
doi={10.1109/ECTICon.2016.7561314},
journal={13th International Conference on Electrical Engineering/Electronics, Computer, Telecommunications and Information Technology (ECTI-CON)},
title={Multisector optimization of antenna tilt angle based empirical knowledge from drive test},
year={2016}
}

@article{SKOCAJ2022403,
title = {Cellular Network Capacity and Coverage Enhancement with MDT Data and Deep Reinforcement Learning},
journal = {Computer Communications},
volume = {195},
pages = {403-415},
year = {2022},
issn = {0140-3664},
doi = {10.1016/j.comcom.2022.09.005},
author = {Marco Skocaj and Lorenzo M. Amorosa and Giorgio Ghinamo and Giuliano Muratore and Davide Micheli and Flavio Zabini and Roberto Verdone},
}

@article{silalahi2021improvement,
  title={Improvement of Quality and Signal Coverage LTE in Bali Province Using Drive Test Method},
  author={Silalahi, Lukman Medriavin and Budiyanto, Setiyo and Silaban, Freddy Artadima and Simanjuntak, Imelda Uli Vistalina and Rochendi, Agus Dendi},
  booktitle={2021 International Seminar on Intelligent Technology and Its Applications (ISITIA)},
  pages={376--380},
  year={2021},
  organization={IEEE}
}

@article{thrane2018drive,
  title={Drive test minimization using deep learning with Bayesian approximation},
  author={Thrane, Jakob and Artuso, Matteo and Zibar, Darko and Christiansen, Henrik L},
  pages={1--5},
  year={2018},
  organization={IEEE},
}

