@incollection{Bengio+chapter2007,
author = {Bengio, Yoshua and LeCun, Yann},
booktitle = {Large Scale Kernel Machines},
publisher = {MIT Press},
title = {Scaling Learning Algorithms Towards {AI}},
year = {2007}
}

@article{Hinton06,
author = {Hinton, Geoffrey E. and Osindero, Simon and Teh, Yee Whye},
journal = {Neural Computation},
pages = {1527--1554},
title = {A Fast Learning Algorithm for Deep Belief Nets},
volume = {18},
year = {2006}
}

@book{goodfellow2016deep,
title={Deep learning},
author={Goodfellow, Ian and Bengio, Yoshua and Courville, Aaron and Bengio, Yoshua},
volume={1},
year={2016},
publisher={MIT Press}
}

@string{ICCV="ICCV"}
@string{CVPR="CVPR"}
@string{NIPS="NeurIPS"}
@string{WACV="WACV"}
@string{ECCV="ECCV"}
@string{ICML="ICML"}
@string{ICLR="ICLR"}
@string{ICASSP="ICASSP"}
@string{AISTATS="AISTATS"}
@string{IJCV="IJCV"}
@string{CIVR="CIVR"}


# autoregressive model
@inproceedings{dalle1,
  title={Zero-shot text-to-image generation},
  author={Ramesh, Aditya and Pavlov, Mikhail and Goh, Gabriel and Gray, Scott and Voss, Chelsea and Radford, Alec and Chen, Mark and Sutskever, Ilya},
  booktitle={International Conference on Machine Learning},
  pages={8821--8831},
  year={2021},
  organization={PMLR}
}
@article{parti,
  title={Scaling autoregressive models for content-rich text-to-image generation},
  author={Yu, Jiahui and Xu, Yuanzhong and Koh, Jing Yu and Luong, Thang and Baid, Gunjan and Wang, Zirui and Vasudevan, Vijay and Ku, Alexander and Yang, Yinfei and Ayan, Burcu Karagol and others},
  journal={arXiv preprint arXiv:2206.10789},
  volume={2},
  number={3},
  pages={5},
  year={2022},
  publisher={Jun}
}
@article{vit-vqgan,
  title={Vector-quantized image modeling with improved vqgan},
  author={Yu, Jiahui and Li, Xin and Koh, Jing Yu and Zhang, Han and Pang, Ruoming and Qin, James and Ku, Alexander and Xu, Yuanzhong and Baldridge, Jason and Wu, Yonghui},
  journal={arXiv preprint arXiv:2110.04627},
  year={2021}
}
@inproceedings{vqgan,
  title={Taming transformers for high-resolution image synthesis},
  author={Esser, Patrick and Rombach, Robin and Ommer, Bjorn},
  booktitle={Proceedings of the IEEE/CVF conference on computer vision and pattern recognition},
  pages={12873--12883},
  year={2021}
}
@inproceedings{rq,
  title={Autoregressive image generation using residual quantization},
  author={Lee, Doyup and Kim, Chiheon and Kim, Saehoon and Cho, Minsu and Han, Wook-Shin},
  booktitle={Proceedings of the IEEE/CVF Conference on Computer Vision and Pattern Recognition},
  pages={11523--11532},
  year={2022}
}
@article{vqvae,
  title={Neural discrete representation learning},
  author={Van Den Oord, Aaron and Vinyals, Oriol and others},
  journal={Advances in neural information processing systems},
  volume={30},
  year={2017}
}
@article{vqvae2,
  title={Generating diverse high-fidelity images with vq-vae-2},
  author={Razavi, Ali and Van den Oord, Aaron and Vinyals, Oriol},
  journal={Advances in neural information processing systems},
  volume={32},
  year={2019}
}


@article{estimator,
  title={Estimating or propagating gradients through stochastic neurons for conditional computation},
  author={Bengio, Yoshua and L{\'e}onard, Nicholas and Courville, Aaron},
  journal={arXiv preprint arXiv:1308.3432},
  year={2013}
}

# diffusion
@article{vae,
  title={Auto-encoding variational bayes},
  author={Kingma, Diederik P and Welling, Max},
  journal={arXiv preprint arXiv:1312.6114},
  year={2013}
}

@article{ddpm,
  title={Denoising diffusion probabilistic models},
  author={Ho, Jonathan and Jain, Ajay and Abbeel, Pieter},
  journal={Advances in neural information processing systems},
  volume={33},
  pages={6840--6851},
  year={2020}
}
@article{scorebased,
  title={Generative modeling by estimating gradients of the data distribution},
  author={Song, Yang and Ermon, Stefano},
  journal={Advances in neural information processing systems},
  volume={32},
  year={2019}
}
@article{ddim,
  title={Denoising diffusion implicit models},
  author={Song, Jiaming and Meng, Chenlin and Ermon, Stefano},
  journal={arXiv preprint arXiv:2010.02502},
  year={2020}
}
@article{adm,
  title={Diffusion models beat gans on image synthesis},
  author={Dhariwal, Prafulla and Nichol, Alexander},
  journal={Advances in neural information processing systems},
  volume={34},
  pages={8780--8794},
  year={2021}
}
@article{dpm-solver,
  title={Dpm-solver: A fast ode solver for diffusion probabilistic model sampling in around 10 steps},
  author={Lu, Cheng and Zhou, Yuhao and Bao, Fan and Chen, Jianfei and Li, Chongxuan and Zhu, Jun},
  journal={Advances in Neural Information Processing Systems},
  volume={35},
  pages={5775--5787},
  year={2022}
}
@article{cfg,
  title={Classifier-free diffusion guidance},
  author={Ho, Jonathan and Salimans, Tim},
  journal={arXiv preprint arXiv:2207.12598},
  year={2022}
}
@article{cascade-diffusion,
  title={Cascaded diffusion models for high fidelity image generation},
  author={Ho, Jonathan and Saharia, Chitwan and Chan, William and Fleet, David J and Norouzi, Mohammad and Salimans, Tim},
  journal={The Journal of Machine Learning Research},
  volume={23},
  number={1},
  pages={2249--2281},
  year={2022},
  publisher={JMLRORG}
}
@article{dalle2,
  title={Hierarchical text-conditional image generation with clip latents},
  author={Ramesh, Aditya and Dhariwal, Prafulla and Nichol, Alex and Chu, Casey and Chen, Mark},
  journal={arXiv preprint arXiv:2204.06125},
  volume={1},
  number={2},
  pages={3},
  year={2022}
}
@article{cdm,
  title={Cascaded diffusion models for high fidelity image generation},
  author={Ho, Jonathan and Saharia, Chitwan and Chan, William and Fleet, David J and Norouzi, Mohammad and Salimans, Tim},
  journal={The Journal of Machine Learning Research},
  volume={23},
  number={1},
  pages={2249--2281},
  year={2022},
  publisher={JMLRORG}
}
@inproceedings{ldm,
  title={High-resolution image synthesis with latent diffusion models},
  author={Rombach, Robin and Blattmann, Andreas and Lorenz, Dominik and Esser, Patrick and Ommer, Bj{\"o}rn},
  booktitle={Proceedings of the IEEE/CVF conference on computer vision and pattern recognition},
  pages={10684--10695},
  year={2022}
}
@inproceedings{dit,
  title={Scalable diffusion models with transformers},
  author={Peebles, William and Xie, Saining},
  booktitle={Proceedings of the IEEE/CVF International Conference on Computer Vision},
  pages={4195--4205},
  year={2023}
}
@article{imagen,
  title={Photorealistic text-to-image diffusion models with deep language understanding},
  author={Saharia, Chitwan and Chan, William and Saxena, Saurabh and Li, Lala and Whang, Jay and Denton, Emily L and Ghasemipour, Kamyar and Gontijo Lopes, Raphael and Karagol Ayan, Burcu and Salimans, Tim and others},
  journal={Advances in Neural Information Processing Systems},
  volume={35},
  pages={36479--36494},
  year={2022}
}
@article{raphael,
  title={Raphael: Text-to-image generation via large mixture of diffusion paths},
  author={Xue, Zeyue and Song, Guanglu and Guo, Qiushan and Liu, Boxiao and Zong, Zhuofan and Liu, Yu and Luo, Ping},
  journal={arXiv preprint arXiv:2305.18295},
  year={2023}
}
@article{glide,
  title={Glide: Towards photorealistic image generation and editing with text-guided diffusion models},
  author={Nichol, Alex and Dhariwal, Prafulla and Ramesh, Aditya and Shyam, Pranav and Mishkin, Pamela and McGrew, Bob and Sutskever, Ilya and Chen, Mark},
  journal={arXiv preprint arXiv:2112.10741},
  year={2021}
}
@article{sdxl,
  title={Sdxl: Improving latent diffusion models for high-resolution image synthesis},
  author={Podell, Dustin and English, Zion and Lacey, Kyle and Blattmann, Andreas and Dockhorn, Tim and M{\"u}ller, Jonas and Penna, Joe and Rombach, Robin},
  journal={arXiv preprint arXiv:2307.01952},
  year={2023}
}
@article{pixart,
  title={PixArt: Fast Training of Diffusion Transformer for Photorealistic Text-to-Image Synthesis},
  author={Chen, Junsong and Yu, Jincheng and Ge, Chongjian and Yao, Lewei and Xie, Enze and Wu, Yue and Wang, Zhongdao and Kwok, James and Luo, Ping and Lu, Huchuan and others},
  journal={arXiv preprint arXiv:2310.00426},
  year={2023}
}

@article{gentron,
  title={GenTron: Delving Deep into Diffusion Transformers for Image and Video Generation},
  author={Chen, Shoufa and Xu, Mengmeng and Ren, Jiawei and Cong, Yuren and He, Sen and Xie, Yanping and Sinha, Animesh and Luo, Ping and Xiang, Tao and Perez-Rua, Juan-Manuel},
  journal={arXiv preprint arXiv:2312.04557},
  year={2023}
}

@misc{sd3,
  title={Scaling Rectified Flow Transformers for High-Resolution Image Synthesis}, 
  author={Patrick Esser and Sumith Kulal and Andreas Blattmann and Rahim Entezari and Jonas MÃ¼ller and Harry Saini and Yam Levi and Dominik Lorenz and Axel Sauer and Frederic Boesel and Dustin Podell and Tim Dockhorn and Zion English and Kyle Lacey and Alex Goodwin and Yannik Marek and Robin Rombach},
  year={2024},
  eprint={2403.03206},
  archivePrefix={arXiv},
  primaryClass={cs.CV}
}
@article{consistencymodel,
  title={Consistency models},
  author={Song, Yang and Dhariwal, Prafulla and Chen, Mark and Sutskever, Ilya},
  journal={arXiv preprint arXiv:2303.01469},
  year={2023}
}
@misc{consistencydecoder,
  author ={OpenAI},
  title ={Consistency decoder},
  howpublished = {\url{https://github.com/openai/consistencydecoder}},
  year={2023}
}

@article{dalle3,
  title={Improving image generation with better captions},
  author={Betker, James and Goh, Gabriel and Jing, Li and Brooks, Tim and Wang, Jianfeng and Li, Linjie and Ouyang, Long and Zhuang, Juntang and Lee, Joyce and Guo, Yufei and others},
  journal={Computer Science. https://cdn. openai. com/papers/dall-e-3. pdf},
  volume={2},
  number={3},
  pages={8},
  year={2023}
}

@article{playgroundv2.5,
  title={Playground v2. 5: Three Insights towards Enhancing Aesthetic Quality in Text-to-Image Generation},
  author={Li, Daiqing and Kamko, Aleks and Akhgari, Ehsan and Sabet, Ali and Xu, Linmiao and Doshi, Suhail},
  journal={arXiv preprint arXiv:2402.17245},
  year={2024}
}

# masked pred
@inproceedings{maskgit,
  title={Maskgit: Masked generative image transformer},
  author={Chang, Huiwen and Zhang, Han and Jiang, Lu and Liu, Ce and Freeman, William T},
  booktitle={Proceedings of the IEEE/CVF Conference on Computer Vision and Pattern Recognition},
  pages={11315--11325},
  year={2022}
}
@inproceedings{mage,
  title={Mage: Masked generative encoder to unify representation learning and image synthesis},
  author={Li, Tianhong and Chang, Huiwen and Mishra, Shlok and Zhang, Han and Katabi, Dina and Krishnan, Dilip},
  booktitle={Proceedings of the IEEE/CVF Conference on Computer Vision and Pattern Recognition},
  pages={2142--2152},
  year={2023}
}
@inproceedings{magvit,
  title={Magvit: Masked generative video transformer},
  author={Yu, Lijun and Cheng, Yong and Sohn, Kihyuk and Lezama, Jos{\'e} and Zhang, Han and Chang, Huiwen and Hauptmann, Alexander G and Yang, Ming-Hsuan and Hao, Yuan and Essa, Irfan and others},
  booktitle={Proceedings of the IEEE/CVF Conference on Computer Vision and Pattern Recognition},
  pages={10459--10469},
  year={2023}
}
@article{movq,
  title={Movq: Modulating quantized vectors for high-fidelity image generation},
  author={Zheng, Chuanxia and Vuong, Tung-Long and Cai, Jianfei and Phung, Dinh},
  journal={Advances in Neural Information Processing Systems},
  volume={35},
  pages={23412--23425},
  year={2022}
}
@article{fsq,
  title={Finite scalar quantization: Vq-vae made simple},
  author={Mentzer, Fabian and Minnen, David and Agustsson, Eirikur and Tschannen, Michael},
  journal={arXiv preprint arXiv:2309.15505},
  year={2023}
}
@article{magvit2,
  title={Language Model Beats Diffusion--Tokenizer is Key to Visual Generation},
  author={Yu, Lijun and Lezama, Jos{\'e} and Gundavarapu, Nitesh B and Versari, Luca and Sohn, Kihyuk and Minnen, David and Cheng, Yong and Gupta, Agrim and Gu, Xiuye and Hauptmann, Alexander G and others},
  journal={arXiv preprint arXiv:2310.05737},
  year={2023}
}
@inproceedings{phenaki,
  title={Phenaki: Variable length video generation from open domain textual descriptions},
  author={Villegas, Ruben and Babaeizadeh, Mohammad and Kindermans, Pieter-Jan and Moraldo, Hernan and Zhang, Han and Saffar, Mohammad Taghi and Castro, Santiago and Kunze, Julius and Erhan, Dumitru},
  booktitle={International Conference on Learning Representations},
  year={2022}
}
@article{muse,
  title={Muse: Text-to-image generation via masked generative transformers},
  author={Chang, Huiwen and Zhang, Han and Barber, Jarred and Maschinot, AJ and Lezama, Jose and Jiang, Lu and Yang, Ming-Hsuan and Murphy, Kevin and Freeman, William T and Rubinstein, Michael and others},
  journal={arXiv preprint arXiv:2301.00704},
  year={2023}
}
@article{var,
  title={Visual Autoregressive Modeling: Scalable Image Generation via Next-Scale Prediction},
  author={Tian, Keyu and Jiang, Yi and Yuan, Zehuan and Peng, Bingyue and Wang, Liwei},
  journal={arXiv preprint arXiv:2404.02905},
  year={2024}
}



# GAN
@article{gan,
  title={Generative adversarial nets},
  author={Goodfellow, Ian and Pouget-Abadie, Jean and Mirza, Mehdi and Xu, Bing and Warde-Farley, David and Ozair, Sherjil and Courville, Aaron and Bengio, Yoshua},
  journal={Advances in neural information processing systems},
  volume={27},
  year={2014}
}
@inproceedings{pix2pix,
  title={Image-to-image translation with conditional adversarial networks},
  author={Isola, Phillip and Zhu, Jun-Yan and Zhou, Tinghui and Efros, Alexei A},
  booktitle={Proceedings of the IEEE conference on computer vision and pattern recognition},
  pages={1125--1134},
  year={2017}
}
@inproceedings{stylegan,
  title={A style-based generator architecture for generative adversarial networks},
  author={Karras, Tero and Laine, Samuli and Aila, Timo},
  booktitle={Proceedings of the IEEE/CVF conference on computer vision and pattern recognition},
  pages={4401--4410},
  year={2019}
}
@inproceedings{stylegan2,
  title={Analyzing and improving the image quality of stylegan},
  author={Karras, Tero and Laine, Samuli and Aittala, Miika and Hellsten, Janne and Lehtinen, Jaakko and Aila, Timo},
  booktitle={Proceedings of the IEEE/CVF conference on computer vision and pattern recognition},
  pages={8110--8119},
  year={2020}
}
@article{stylegan3,
  title={Alias-free generative adversarial networks},
  author={Karras, Tero and Aittala, Miika and Laine, Samuli and H{\"a}rk{\"o}nen, Erik and Hellsten, Janne and Lehtinen, Jaakko and Aila, Timo},
  journal={Advances in Neural Information Processing Systems},
  volume={34},
  pages={852--863},
  year={2021}
}
@inproceedings{stylegan-xl,
  title={Stylegan-xl: Scaling stylegan to large diverse datasets},
  author={Sauer, Axel and Schwarz, Katja and Geiger, Andreas},
  booktitle={ACM SIGGRAPH 2022 conference proceedings},
  pages={1--10},
  year={2022}
}
@article{stylegan-t,
  title={Stylegan-t: Unlocking the power of gans for fast large-scale text-to-image synthesis},
  author={Sauer, Axel and Karras, Tero and Laine, Samuli and Geiger, Andreas and Aila, Timo},
  journal={arXiv preprint arXiv:2301.09515},
  year={2023}
}
@inproceedings{gigagan,
  title={Scaling up gans for text-to-image synthesis},
  author={Kang, Minguk and Zhu, Jun-Yan and Zhang, Richard and Park, Jaesik and Shechtman, Eli and Paris, Sylvain and Park, Taesung},
  booktitle={Proceedings of the IEEE/CVF Conference on Computer Vision and Pattern Recognition},
  pages={10124--10134},
  year={2023}
}
@inproceedings{cyclegan,
  title={Unpaired image-to-image translation using cycle-consistent adversarial networks},
  author={Zhu, Jun-Yan and Park, Taesung and Isola, Phillip and Efros, Alexei A},
  booktitle={Proceedings of the IEEE international conference on computer vision},
  pages={2223--2232},
  year={2017}
}
@article{biggan,
  title={Large scale GAN training for high fidelity natural image synthesis},
  author={Brock, Andrew and Donahue, Jeff and Simonyan, Karen},
  journal={arXiv preprint arXiv:1809.11096},
  year={2018}
}
@inproceedings{lpips,
  title={The unreasonable effectiveness of deep features as a perceptual metric},
  author={Zhang, Richard and Isola, Phillip and Efros, Alexei A and Shechtman, Eli and Wang, Oliver},
  booktitle={Proceedings of the IEEE conference on computer vision and pattern recognition},
  pages={586--595},
  year={2018}
}
@article{fid,
  title={Gans trained by a two time-scale update rule converge to a local nash equilibrium},
  author={Heusel, Martin and Ramsauer, Hubert and Unterthiner, Thomas and Nessler, Bernhard and Hochreiter, Sepp},
  journal={Advances in neural information processing systems},
  volume={30},
  year={2017}
}


@article{inception_score,
  title={Improved techniques for training gans},
  author={Salimans, Tim and Goodfellow, Ian and Zaremba, Wojciech and Cheung, Vicki and Radford, Alec and Chen, Xi},
  journal={Advances in neural information processing systems},
  volume={29},
  year={2016}
}


@article{sfid,
  title={Generating images with sparse representations},
  author={Nash, Charlie and Menick, Jacob and Dieleman, Sander and Battaglia, Peter W},
  journal={arXiv preprint arXiv:2103.03841},
  year={2021}
}

@article{precision_recall,
  title={Improved precision and recall metric for assessing generative models},
  author={Kynk{\"a}{\"a}nniemi, Tuomas and Karras, Tero and Laine, Samuli and Lehtinen, Jaakko and Aila, Timo},
  journal={Advances in neural information processing systems},
  volume={32},
  year={2019}
}

# language models
@article{transformer,
  title={Attention is all you need},
  author={Vaswani, Ashish and Shazeer, Noam and Parmar, Niki and Uszkoreit, Jakob and Jones, Llion and Gomez, Aidan N and Kaiser, {\L}ukasz and Polosukhin, Illia},
  journal={Advances in neural information processing systems},
  volume={30},
  year={2017}
}
@article{bert,
  title={Bert: Pre-training of deep bidirectional transformers for language understanding},
  author={Devlin, Jacob and Chang, Ming-Wei and Lee, Kenton and Toutanova, Kristina},
  journal={arXiv preprint arXiv:1810.04805},
  year={2018}
}
@article{t5,
  title={Exploring the limits of transfer learning with a unified text-to-text transformer},
  author={Raffel, Colin and Shazeer, Noam and Roberts, Adam and Lee, Katherine and Narang, Sharan and Matena, Michael and Zhou, Yanqi and Li, Wei and Liu, Peter J},
  journal={The Journal of Machine Learning Research},
  volume={21},
  number={1},
  pages={5485--5551},
  year={2020},
  publisher={JMLRORG}
}
@article{gpt1,
  title={Improving language understanding by generative pre-training},
  author={Radford, Alec and Narasimhan, Karthik and Salimans, Tim and Sutskever, Ilya and others},
  journal={article},
  year={2018},
  publisher={OpenAI}
}
@article{gpt2,
  title={Language models are unsupervised multitask learners},
  author={Radford, Alec and Wu, Jeffrey and Child, Rewon and Luan, David and Amodei, Dario and Sutskever, Ilya and others},
  journal={OpenAI blog},
  volume={1},
  number={8},
  pages={9},
  year={2019}
}
@article{gpt3,
  title={Language models are few-shot learners},
  author={Brown, Tom and Mann, Benjamin and Ryder, Nick and Subbiah, Melanie and Kaplan, Jared D and Dhariwal, Prafulla and Neelakantan, Arvind and Shyam, Pranav and Sastry, Girish and Askell, Amanda and others},
  journal={Advances in neural information processing systems},
  volume={33},
  pages={1877--1901},
  year={2020}
}
@article{gpt3.5,
  title={Training language models to follow instructions with human feedback},
  author={Ouyang, Long and Wu, Jeffrey and Jiang, Xu and Almeida, Diogo and Wainwright, Carroll and Mishkin, Pamela and Zhang, Chong and Agarwal, Sandhini and Slama, Katarina and Ray, Alex and others},
  journal={Advances in Neural Information Processing Systems},
  volume={35},
  pages={27730--27744},
  year={2022}
}
@article{gpt4,
  title={Gpt-4 technical report},
  author={OpenAI},
  journal={arXiv preprint arXiv:2303.08774},
  year={2023}
}
@misc{gpt4v,
    title = {GPT-4V(ision) system card},
    author = {OpenAI},
    howpublished = {\url{https://cdn.openai.com/papers/GPTV_System_Card.pdf}},
    year = {2023}
}
@misc{gpt4o,
  author =   {GPT-4o},
  title =    {Hello GPT-4o},
  url = {https://openai.com/index/hello-gpt-4o/},
  year = {2024}
}


@inproceedings{igpt,
  title={Generative pretraining from pixels},
  author={Chen, Mark and Radford, Alec and Child, Rewon and Wu, Jeffrey and Jun, Heewoo and Luan, David and Sutskever, Ilya},
  booktitle={International conference on machine learning},
  pages={1691--1703},
  year={2020},
  organization={PMLR}
}
@misc{openai2022chatgpt,
  author = {OpenAI},
  title = {ChatGPT},
  year = {2022},
  howpublished = {\url{https://openai.com/blog/chatgpt}},
}
@misc{google2023bard,
  author = {Google},
  title = {Bard},
  year = {2023},
  howpublished = {\url{https://bard.google.com/}},
}
@misc{anthropic2023claude,
  author = {Anthropic},
  title = {Claude},
  year = {2023},
  howpublished = {\url{https://www.anthropic.com/index/introducing-claude}},
}
@article{llama1,
  title={Llama: Open and efficient foundation language models},
  author={Touvron, Hugo and Lavril, Thibaut and Izacard, Gautier and Martinet, Xavier and Lachaux, Marie-Anne and Lacroix, Timoth{\'e}e and Rozi{\`e}re, Baptiste and Goyal, Naman and Hambro, Eric and Azhar, Faisal and others},
  journal={arXiv preprint arXiv:2302.13971},
  year={2023}
}
@article{llama2,
  title={Llama 2: Open foundation and fine-tuned chat models},
  author={Touvron, Hugo and Martin, Louis and Stone, Kevin and Albert, Peter and Almahairi, Amjad and Babaei, Yasmine and Bashlykov, Nikolay and Batra, Soumya and Bhargava, Prajjwal and Bhosale, Shruti and others},
  journal={arXiv preprint arXiv:2307.09288},
  year={2023}
}
@article{chinchilla,
  title={Training compute-optimal large language models},
  author={Hoffmann, Jordan and Borgeaud, Sebastian and Mensch, Arthur and Buchatskaya, Elena and Cai, Trevor and Rutherford, Eliza and Casas, Diego de Las and Hendricks, Lisa Anne and Welbl, Johannes and Clark, Aidan and others},
  journal={arXiv preprint arXiv:2203.15556},
  year={2022}
}
@article{palm,
  title={Palm: Scaling language modeling with pathways},
  author={Chowdhery, Aakanksha and Narang, Sharan and Devlin, Jacob and Bosma, Maarten and Mishra, Gaurav and Roberts, Adam and Barham, Paul and Chung, Hyung Won and Sutton, Charles and Gehrmann, Sebastian and others},
  journal={Journal of Machine Learning Research},
  volume={24},
  number={240},
  pages={1--113},
  year={2023}
}
@article{palm2,
  title={Palm 2 technical report},
  author={Anil, Rohan and Dai, Andrew M and Firat, Orhan and Johnson, Melvin and Lepikhin, Dmitry and Passos, Alexandre and Shakeri, Siamak and Taropa, Emanuel and Bailey, Paige and Chen, Zhifeng and others},
  journal={arXiv preprint arXiv:2305.10403},
  year={2023}
}
@article{bloom,
  title={Bloom: A 176b-parameter open-access multilingual language model},
  author={Workshop, BigScience and Scao, Teven Le and Fan, Angela and Akiki, Christopher and Pavlick, Ellie and Ili{\'c}, Suzana and Hesslow, Daniel and Castagn{\'e}, Roman and Luccioni, Alexandra Sasha and Yvon, Fran{\c{c}}ois and others},
  journal={arXiv preprint arXiv:2211.05100},
  year={2022}
}
@article{opt,
  title={Opt: Open pre-trained transformer language models},
  author={Zhang, Susan and Roller, Stephen and Goyal, Naman and Artetxe, Mikel and Chen, Moya and Chen, Shuohui and Dewan, Christopher and Diab, Mona and Li, Xian and Lin, Xi Victoria and others},
  journal={arXiv preprint arXiv:2205.01068},
  year={2022}
}
@article{qwen,
  title={Qwen technical report},
  author={Bai, Jinze and Bai, Shuai and Chu, Yunfei and Cui, Zeyu and Dang, Kai and Deng, Xiaodong and Fan, Yang and Ge, Wenbin and Han, Yu and Huang, Fei and others},
  journal={arXiv preprint arXiv:2309.16609},
  year={2023}
}
@article{baichuan,
  title={Baichuan 2: Open large-scale language models},
  author={Yang, Aiyuan and Xiao, Bin and Wang, Bingning and Zhang, Borong and Bian, Ce and Yin, Chao and Lv, Chenxu and Pan, Da and Wang, Dian and Yan, Dong and others},
  journal={arXiv preprint arXiv:2309.10305},
  year={2023}
}
@misc{internlm,
  title={Internlm: A multilingual language model with progressively enhanced capabilities},
  author={Team, InternLM},
  journal={2023-01-06)[2023-09-27]. https://github. com/InternLM/InternLM},
  year={2023}
}
@article{deepseek,
  title={Deepseek llm: Scaling open-source language models with longtermism},
  author={Bi, Xiao and Chen, Deli and Chen, Guanting and Chen, Shanhuang and Dai, Damai and Deng, Chengqi and Ding, Honghui and Dong, Kai and Du, Qiushi and Fu, Zhe and others},
  journal={arXiv preprint arXiv:2401.02954},
  year={2024}
}
@article{scalinglaw,
  title={Scaling laws for neural language models},
  author={Kaplan, Jared and McCandlish, Sam and Henighan, Tom and Brown, Tom B and Chess, Benjamin and Child, Rewon and Gray, Scott and Radford, Alec and Wu, Jeffrey and Amodei, Dario},
  journal={arXiv preprint arXiv:2001.08361},
  year={2020}
}
@article{scalingar,
  title={Scaling laws for autoregressive generative modeling},
  author={Henighan, Tom and Kaplan, Jared and Katz, Mor and Chen, Mark and Hesse, Christopher and Jackson, Jacob and Jun, Heewoo and Brown, Tom B and Dhariwal, Prafulla and Gray, Scott and others},
  journal={arXiv preprint arXiv:2010.14701},
  year={2020}
}
@article{deepscale,
  title={Deep learning scaling is predictable, empirically},
  author={Hestness, Joel and Narang, Sharan and Ardalani, Newsha and Diamos, Gregory and Jun, Heewoo and Kianinejad, Hassan and Patwary, Md Mostofa Ali and Yang, Yang and Zhou, Yanqi},
  journal={arXiv preprint arXiv:1712.00409},
  year={2017}
}
@article{emergent,
  title={Emergent abilities of large language models},
  author={Wei, Jason and Tay, Yi and Bommasani, Rishi and Raffel, Colin and Zoph, Barret and Borgeaud, Sebastian and Yogatama, Dani and Bosma, Maarten and Zhou, Denny and Metzler, Donald and others},
  journal={arXiv preprint arXiv:2206.07682},
  year={2022}
}
@article{bpe,
  title={A new algorithm for data compression},
  author={Gage, Philip},
  journal={C Users Journal},
  volume={12},
  number={2},
  pages={23--38},
  year={1994},
  publisher={McPherson, KS: R \& D Publications, c1987-1994.}
}
@article{revisitingscalinglaws,
  title={Revisiting neural scaling laws in language and vision},
  author={Alabdulmohsin, Ibrahim M and Neyshabur, Behnam and Zhai, Xiaohua},
  journal={Advances in Neural Information Processing Systems},
  volume={35},
  pages={22300--22312},
  year={2022}
}



# vision
@inproceedings{imagenet,
  title={Imagenet: A large-scale hierarchical image database},
  author={Deng, Jia and Dong, Wei and Socher, Richard and Li, Li-Jia and Li, Kai and Fei-Fei, Li},
  booktitle={2009 IEEE conference on computer vision and pattern recognition},
  pages={248--255},
  year={2009},
  organization={Ieee}
}
@article{openimages,
  title={The open images dataset v4: Unified image classification, object detection, and visual relationship detection at scale},
  author={Kuznetsova, Alina and Rom, Hassan and Alldrin, Neil and Uijlings, Jasper and Krasin, Ivan and Pont-Tuset, Jordi and Kamali, Shahab and Popov, Stefan and Malloci, Matteo and Kolesnikov, Alexander and others},
  journal={International Journal of Computer Vision},
  volume={128},
  number={7},
  pages={1956--1981},
  year={2020},
  publisher={Springer}
}

@article{lvm,
  title={Sequential modeling enables scalable learning for large vision models},
  author={Bai, Yutong and Geng, Xinyang and Mangalam, Karttikeya and Bar, Amir and Yuille, Alan and Darrell, Trevor and Malik, Jitendra and Efros, Alexei A},
  journal={arXiv preprint arXiv:2312.00785},
  year={2023}
}

@article{eva2,
  title={Eva-02: A visual representation for neon genesis},
  author={Fang, Yuxin and Sun, Quan and Wang, Xinggang and Huang, Tiejun and Wang, Xinlong and Cao, Yue},
  journal={arXiv preprint arXiv:2303.11331},
  year={2023}
}

@article{unified-io,
  title={Unified-io: A unified model for vision, language, and multi-modal tasks},
  author={Lu, Jiasen and Clark, Christopher and Zellers, Rowan and Mottaghi, Roozbeh and Kembhavi, Aniruddha},
  journal={arXiv preprint arXiv:2206.08916},
  year={2022}
}

@article{unified-io2,
  title={Unified-io 2: Scaling autoregressive multimodal models with vision, language, audio, and action},
  author={Lu, Jiasen and Clark, Christopher and Lee, Sangho and Zhang, Zichen and Khosla, Savya and Marten, Ryan and Hoiem, Derek and Kembhavi, Aniruddha},
  journal={arXiv preprint arXiv:2312.17172},
  year={2023}
}

@article{vit,
  title={An image is worth 16x16 words: Transformers for image recognition at scale},
  author={Dosovitskiy, Alexey and Beyer, Lucas and Kolesnikov, Alexander and Weissenborn, Dirk and Zhai, Xiaohua and Unterthiner, Thomas and Dehghani, Mostafa and Minderer, Matthias and Heigold, Georg and Gelly, Sylvain and others},
  journal={arXiv preprint arXiv:2010.11929},
  year={2020}
}

@inproceedings{clip,
  title={Learning transferable visual models from natural language supervision},
  author={Radford, Alec and Kim, Jong Wook and Hallacy, Chris and Ramesh, Aditya and Goh, Gabriel and Agarwal, Sandhini and Sastry, Girish and Askell, Amanda and Mishkin, Pamela and Clark, Jack and others},
  booktitle={International conference on machine learning},
  pages={8748--8763},
  year={2021},
  organization={PMLR}
}


@inproceedings{mae,
  title={Masked autoencoders are scalable vision learners},
  author={He, Kaiming and Chen, Xinlei and Xie, Saining and Li, Yanghao and Doll{\'a}r, Piotr and Girshick, Ross},
  booktitle={Proceedings of the IEEE/CVF conference on computer vision and pattern recognition},
  pages={16000--16009},
  year={2022}
}

@article{beit,
  title={Beit: Bert pre-training of image transformers},
  author={Bao, Hangbo and Dong, Li and Piao, Songhao and Wei, Furu},
  journal={arXiv preprint arXiv:2106.08254},
  year={2021}
}


@article{foundationmodels,
  title={On the opportunities and risks of foundation models},
  author={Bommasani, Rishi and Hudson, Drew A and Adeli, Ehsan and Altman, Russ and Arora, Simran and von Arx, Sydney and Bernstein, Michael S and Bohg, Jeannette and Bosselut, Antoine and Brunskill, Emma and others},
  journal={arXiv preprint arXiv:2108.07258},
  year={2021}
}

@article{sam,
  title={Segment anything},
  author={Kirillov, Alexander and Mintun, Eric and Ravi, Nikhila and Mao, Hanzi and Rolland, Chloe and Gustafson, Laura and Xiao, Tete and Whitehead, Spencer and Berg, Alexander C and Lo, Wan-Yen and others},
  journal={arXiv preprint arXiv:2304.02643},
  year={2023}
}

@article{dinov2,
  title={Dinov2: Learning robust visual features without supervision},
  author={Oquab, Maxime and Darcet, Timoth{\'e}e and Moutakanni, Th{\'e}o and Vo, Huy and Szafraniec, Marc and Khalidov, Vasil and Fernandez, Pierre and Haziza, Daniel and Massa, Francisco and El-Nouby, Alaaeldin and others},
  journal={arXiv preprint arXiv:2304.07193},
  year={2023}
}

@article{sora,
  title={Video generation models as world simulators},
  author={Tim Brooks and Bill Peebles and Connor Holmes and Will DePue and Yufei Guo and Li Jing and David Schnurr and Joe Taylor and Troy Luhman and Eric Luhman and Clarence Ng and Ricky Wang and Aditya Ramesh},
  year={2024},
  journal={OpenAI},
  url={https://openai.com/research/video-generation-models-as-world-simulators},
}

@inproceedings{fpn,
  title={Feature pyramid networks for object detection},
  author={Lin, Tsung-Yi and Doll{\'a}r, Piotr and Girshick, Ross and He, Kaiming and Hariharan, Bharath and Belongie, Serge},
  booktitle={Proceedings of the IEEE conference on computer vision and pattern recognition},
  pages={2117--2125},
  year={2017}
}

## multimodal
@article{llava,
  title={Visual instruction tuning},
  author={Liu, Haotian and Li, Chunyuan and Wu, Qingyang and Lee, Yong Jae},
  journal={Advances in neural information processing systems},
  volume={36},
  year={2024}
}

@inproceedings{blip,
  title={Blip: Bootstrapping language-image pre-training for unified vision-language understanding and generation},
  author={Li, Junnan and Li, Dongxu and Xiong, Caiming and Hoi, Steven},
  booktitle={International conference on machine learning},
  pages={12888--12900},
  year={2022},
  organization={PMLR}
}

@article{chameleon,
  title={Chameleon: Mixed-Modal Early-Fusion Foundation Models},
  author={Team, Chameleon},
  journal={arXiv preprint arXiv:2405.09818},
  year={2024}
}

@article{emu_baai,
  title={Generative pretraining in multimodality},
  author={Sun, Quan and Yu, Qiying and Cui, Yufeng and Zhang, Fan and Zhang, Xiaosong and Wang, Yueze and Gao, Hongcheng and Liu, Jingjing and Huang, Tiejun and Wang, Xinlong},
  journal={arXiv preprint arXiv:2307.05222},
  year={2023}
}

@article{emu2_baai,
  title={Generative pretraining in multimodality},
  author={Sun, Quan and Yu, Qiying and Cui, Yufeng and Zhang, Fan and Zhang, Xiaosong and Wang, Yueze and Gao, Hongcheng and Liu, Jingjing and Huang, Tiejun and Wang, Xinlong},
  journal={arXiv preprint arXiv:2307.05222},
  year={2023}
}
@article{gemini,
  title={Gemini: a family of highly capable multimodal models},
  author={Team, Gemini and Anil, Rohan and Borgeaud, Sebastian and Wu, Yonghui and Alayrac, Jean-Baptiste and Yu, Jiahui and Soricut, Radu and Schalkwyk, Johan and Dai, Andrew M and Hauth, Anja and others},
  journal={arXiv preprint arXiv:2312.11805},
  year={2023}
}
## infra
@inproceedings{pytorch2,
  title={Pytorch 2: Faster machine learning through dynamic python bytecode transformation and graph compilation},
  author={Ansel, Jason and Yang, Edward and He, Horace and Gimelshein, Natalia and Jain, Animesh and Voznesensky, Michael and Bao, Bin and Bell, Peter and Berard, David and Burovski, Evgeni and others},
  booktitle={Proceedings of the 29th ACM International Conference on Architectural Support for Programming Languages and Operating Systems, Volume 2},
  pages={929--947},
  year={2024}
}
@article{flashattention,
  title={Flashattention: Fast and memory-efficient exact attention with io-awareness},
  author={Dao, Tri and Fu, Dan and Ermon, Stefano and Rudra, Atri and R{\'e}, Christopher},
  journal={Advances in Neural Information Processing Systems},
  volume={35},
  pages={16344--16359},
  year={2022}
}
@inproceedings{deepspeed,
  title={Deepspeed: System optimizations enable training deep learning models with over 100 billion parameters},
  author={Rasley, Jeff and Rajbhandari, Samyam and Ruwase, Olatunji and He, Yuxiong},
  booktitle={Proceedings of the 26th ACM SIGKDD International Conference on Knowledge Discovery \& Data Mining},
  pages={3505--3506},
  year={2020}
}
@article{megatron,
  title={Megatron-lm: Training multi-billion parameter language models using model parallelism},
  author={Shoeybi, Mohammad and Patwary, Mostofa and Puri, Raul and LeGresley, Patrick and Casper, Jared and Catanzaro, Bryan},
  journal={arXiv preprint arXiv:1909.08053},
  year={2019}
}
@article{rmsnorm,
  title={Root mean square layer normalization},
  author={Zhang, Biao and Sennrich, Rico},
  journal={Advances in Neural Information Processing Systems},
  volume={32},
  year={2019}
}
@article{swiglu,
  title={Glu variants improve transformer},
  author={Shazeer, Noam},
  journal={arXiv preprint arXiv:2002.05202},
  year={2020}
}
@article{rope,
  title={Roformer: Enhanced transformer with rotary position embedding},
  author={Su, Jianlin and Ahmed, Murtadha and Lu, Yu and Pan, Shengfeng and Bo, Wen and Liu, Yunfeng},
  journal={Neurocomputing},
  volume={568},
  pages={127063},
  year={2024},
  publisher={Elsevier}
}
@article{fsdp,
  title={Pytorch fsdp: experiences on scaling fully sharded data parallel},
  author={Zhao, Yanli and Gu, Andrew and Varma, Rohan and Luo, Liang and Huang, Chien-Chin and Xu, Min and Wright, Less and Shojanazeri, Hamid and Ott, Myle and Shleifer, Sam and others},
  journal={arXiv preprint arXiv:2304.11277},
  year={2023}
}

@inproceedings{vllm,
  title={Efficient Memory Management for Large Language Model Serving with PagedAttention},
  author={Woosuk Kwon and Zhuohan Li and Siyuan Zhuang and Ying Sheng and Lianmin Zheng and Cody Hao Yu and Joseph E. Gonzalez and Hao Zhang and Ion Stoica},
  booktitle={Proceedings of the ACM SIGOPS 29th Symposium on Operating Systems Principles},
  year={2023}
}

@article{speculative,
  title={Accelerating large language model decoding with speculative sampling},
  author={Chen, Charlie and Borgeaud, Sebastian and Irving, Geoffrey and Lespiau, Jean-Baptiste and Sifre, Laurent and Jumper, John},
  journal={arXiv preprint arXiv:2302.01318},
  year={2023}
}

@misc{bitsandbytes,
  author = {Tim Dettmers},
  title = {bitsandbytes},
  year = {2022},
  howpublished = {\url{https://github.com/TimDettmers/bitsandbytes}},
}



@misc{large-dit,
  author = {Alpha-VLLM},
  title = {Large DiT},
  year = {2024},
  howpublished = {\url{https://github.com/Alpha-VLLM/LLaMA2-Accessory/tree/main/Large-DiT-ImageNet}},
}

@misc{open_llama_3b,
  author = {OpenLM-Research},
  title = {OpenLLaMA 3B},
  year = {2023},
  howpublished = {\url{https://huggingface.co/openlm-research/open_llama_3b}},
}

@article{flan_t5,
  title={Scaling instruction-finetuned language models},
  author={Chung, Hyung Won and Hou, Le and Longpre, Shayne and Zoph, Barret and Tay, Yi and Fedus, William and Li, Yunxuan and Wang, Xuezhi and Dehghani, Mostafa and Brahma, Siddhartha and others},
  journal={Journal of Machine Learning Research},
  volume={25},
  number={70},
  pages={1--53},
  year={2024}
}

@misc{laion_coco,
  author = {LAION},
  title = {LAION-COCO 600M},
  year = {2022},
  howpublished = {\url{https://laion.ai/blog/laion-coco}},
}

@inproceedings{coco,
  title={Microsoft coco: Common objects in context},
  author={Lin, Tsung-Yi and Maire, Michael and Belongie, Serge and Hays, James and Perona, Pietro and Ramanan, Deva and Doll{\'a}r, Piotr and Zitnick, C Lawrence},
  booktitle={Computer Vision--ECCV 2014: 13th European Conference, Zurich, Switzerland, September 6-12, 2014, Proceedings, Part V 13},
  pages={740--755},
  year={2014},
  organization={Springer}
}

@misc{minigpt4,
      title={MiniGPT-4: Enhancing Vision-Language Understanding with Advanced Large Language Models}, 
      author={Deyao Zhu and Jun Chen and Xiaoqian Shen and Xiang Li and Mohamed Elhoseiny},
      year={2023},
      eprint={2304.10592},
      archivePrefix={arXiv},
      primaryClass={cs.CV}
}

@article{instructblip,
  title={Instructblip: Towards general-purpose vision-language models with instruction tuning},
  author={Dai, Wenliang and Li, Junnan and Li, Dongxu and Tiong, Anthony Meng Huat and Zhao, Junqi and Wang, Weisheng and Li, Boyang and Fung, Pascale N and Hoi, Steven},
  journal={Advances in Neural Information Processing Systems},
  volume={36},
  year={2024}
}

@article{kosmos-2,
  title={Kosmos-2: Grounding multimodal large language models to the world},
  author={Peng, Zhiliang and Wang, Wenhui and Dong, Li and Hao, Yaru and Huang, Shaohan and Ma, Shuming and Wei, Furu},
  journal={arXiv preprint arXiv:2306.14824},
  year={2023}
}

@article{gpt4roi,
  title={Gpt4roi: Instruction tuning large language model on region-of-interest},
  author={Zhang, Shilong and Sun, Peize and Chen, Shoufa and Xiao, Min and Shao, Wenqi and Zhang, Wenwei and Chen, Kai and Luo, Ping},
  journal={arXiv preprint arXiv:2307.03601},
  year={2023}
}

@article{groma,
  title={Groma: Localized Visual Tokenization for Grounding Multimodal Large Language Models},
  author={Ma, Chuofan and Jiang, Yi and Wu, Jiannan and Yuan, Zehuan and Qi, Xiaojuan},
  journal={arXiv preprint arXiv:2404.13013},
  year={2024}
}

@inproceedings{dreamllm,
  author = {Dong, Runpei and Han, Chunrui and Peng, Yuang and Qi, Zekun and Ge, Zheng and Yang, Jinrong and Zhao, Liang and Sun, Jianjian and Zhou, Hongyu and Wei, Haoran and Kong, Xiangwen and Zhang, Xiangyu and Ma, Kaisheng and Yi, Li},
  title = {Dream{LLM}: Synergistic Multimodal Comprehension and Creation},
  booktitle = {The Twelfth International Conference on Learning Representations},
  year = {2024},
}

@article{seed,
  title={Making llama see and draw with seed tokenizer},
  author={Ge, Yuying and Zhao, Sijie and Zeng, Ziyun and Ge, Yixiao and Li, Chen and Wang, Xintao and Shan, Ying},
  journal={arXiv preprint arXiv:2310.01218},
  year={2023}
}

@article{V-irl,
  title={V-irl: Grounding virtual intelligence in real life},
  author={Yang, Jihan and Ding, Runyu and Brown, Ellis and Qi, Xiaojuan and Xie, Saining},
  journal={arXiv preprint arXiv:2402.03310},
  year={2024}
}

@article{Metagpt,
  title={Metagpt: Meta programming for multi-agent collaborative framework},
  author={Hong, Sirui and Zheng, Xiawu and Chen, Jonathan and Cheng, Yuheng and Wang, Jinlin and Zhang, Ceyao and Wang, Zili and Yau, Steven Ka Shing and Lin, Zijuan and Zhou, Liyang and others},
  journal={arXiv preprint arXiv:2308.00352},
  year={2023}
}

@article{Camel,
  title={Camel: Communicative agents for" mind" exploration of large language model society},
  author={Li, Guohao and Hammoud, Hasan and Itani, Hani and Khizbullin, Dmitrii and Ghanem, Bernard},
  journal={Advances in Neural Information Processing Systems},
  volume={36},
  pages={51991--52008},
  year={2023}
}

@article{Rt-2,
  title={Rt-2: Vision-language-action models transfer web knowledge to robotic control},
  author={Brohan, Anthony and Brown, Noah and Carbajal, Justice and Chebotar, Yevgen and Chen, Xi and Choromanski, Krzysztof and Ding, Tianli and Driess, Danny and Dubey, Avinava and Finn, Chelsea and others},
  journal={arXiv preprint arXiv:2307.15818},
  year={2023}
}

@article{Rt-1,
  title={Rt-1: Robotics transformer for real-world control at scale},
  author={Brohan, Anthony and Brown, Noah and Carbajal, Justice and Chebotar, Yevgen and Dabis, Joseph and Finn, Chelsea and Gopalakrishnan, Keerthana and Hausman, Karol and Herzog, Alex and Hsu, Jasmine and others},
  journal={arXiv preprint arXiv:2212.06817},
  year={2022}
}

@article{chatspot,
  title={Chatspot: Bootstrapping multimodal llms via precise referring instruction tuning},
  author={Zhao, Liang and Yu, En and Ge, Zheng and Yang, Jinrong and Wei, Haoran and Zhou, Hongyu and Sun, Jianjian and Peng, Yuang and Dong, Runpei and Han, Chunrui and others},
  journal={arXiv preprint arXiv:2307.09474},
  year={2023}
}

@article{Drivegpt4,
  title={Drivegpt4: Interpretable end-to-end autonomous driving via large language model},
  author={Xu, Zhenhua and Zhang, Yujia and Xie, Enze and Zhao, Zhen and Guo, Yong and Wong, Kenneth KY and Li, Zhenguo and Zhao, Hengshuang},
  journal={arXiv preprint arXiv:2310.01412},
  year={2023}
}

@article{Gpt-driver,
  title={Gpt-driver: Learning to drive with gpt},
  author={Mao, Jiageng and Qian, Yuxi and Zhao, Hang and Wang, Yue},
  journal={arXiv preprint arXiv:2310.01415},
  year={2023}
}

@article{Internvideo2,
  title={Internvideo2: Scaling video foundation models for multimodal video understanding},
  author={Wang, Yi and Li, Kunchang and Li, Xinhao and Yu, Jiashuo and He, Yinan and Chen, Guo and Pei, Baoqi and Zheng, Rongkun and Xu, Jilan and Wang, Zun and others},
  journal={arXiv preprint arXiv:2403.15377},
  year={2024}
}

@misc{llavanext-video,
  title={LLaVA-NeXT: A Strong Zero-shot Video Understanding Model},
  url={https://llava-vl.github.io/blog/2024-04-30-llava-next-video/},
  author={Zhang, Yuanhan and Li, Bo and Liu, haotian and Lee, Yong jae and Gui, Liangke and Fu, Di and Feng, Jiashi and Liu, Ziwei and Li, Chunyuan},
  month={April},
  year={2024}
}

@article{pllava,
  title={Pllava: Parameter-free llava extension from images to videos for video dense captioning},
  author={Xu, Lin and Zhao, Yilin and Zhou, Daquan and Lin, Zhijie and Ng, See Kiong and Feng, Jiashi},
  journal={arXiv preprint arXiv:2404.16994},
  year={2024}
}

@article{video-llama,
  title={Video-llama: An instruction-tuned audio-visual language model for video understanding},
  author={Zhang, Hang and Li, Xin and Bing, Lidong},
  journal={arXiv preprint arXiv:2306.02858},
  year={2023}
}

@article{videollama2,
  title={VideoLLaMA 2: Advancing Spatial-Temporal Modeling and Audio Understanding in Video-LLMs},
  author={Cheng, Zesen and Leng, Sicong and Zhang, Hang and Xin, Yifei and Li, Xin and Chen, Guanzheng and Zhu, Yongxin and Zhang, Wenqi and Luo, Ziyang and Zhao, Deli and others},
  journal={arXiv preprint arXiv:2406.07476},
  year={2024}
},

@article{tong2022videomae,
  title={Videomae: Masked autoencoders are data-efficient learners for self-supervised video pre-training},
  author={Tong, Zhan and Song, Yibing and Wang, Jue and Wang, Limin},
  journal={Advances in neural information processing systems},
  volume={35},
  pages={10078--10093},
  year={2022}
}

@article{feichtenhofer2022masked,
  title={Masked autoencoders as spatiotemporal learners},
  author={Feichtenhofer, Christoph and Li, Yanghao and He, Kaiming and others},
  journal={Advances in neural information processing systems},
  volume={35},
  pages={35946--35958},
  year={2022}
}

@book{sutton2018reinforcement,
    title        = {{Reinforcement learning: An introduction}},
    author       = {Sutton, Richard S. and Barto, Andrew G.},
    year         = {2018},
    publisher    = {MIT press}
}

@article{skalse2022defining,
  title={Defining and characterizing reward gaming},
  author={Skalse, Joar and Howe, Nikolaus and Krasheninnikov, Dmitrii and Krueger, David},
  journal={Advances in Neural Information Processing Systems},
  volume={35},
  pages={9460--9471},
  year={2022}
}

@article{yuan2019novel,
  title={A novel multi-step reinforcement learning method for solving reward hacking},
  author={Yuan, Yinlong and Yu, Zhu Liang and Gu, Zhenghui and Deng, Xiaoyan and Li, Yuanqing},
  journal={Applied Intelligence},
  volume={49},
  pages={2874--2888},
  year={2019},
  publisher={Springer}
}

@inproceedings{merlin,
  title={Merlin: Empowering multimodal llms with foresight minds},
  author={Yu, En and Zhao, Liang and Wei, Yana and Yang, Jinrong and Wu, Dongming and Kong, Lingyu and Wei, Haoran and Wang, Tiancai and Ge, Zheng and Zhang, Xiangyu and others},
  booktitle={European Conference on Computer Vision},
  pages={425--443},
  year={2024},
  organization={Springer}
}

@article{wang2024cosmo,
  title={COSMO: COntrastive Streamlined MultimOdal Model with Interleaved Pre-Training},
  author={Wang, Alex Jinpeng and Li, Linjie and Lin, Kevin Qinghong and Wang, Jianfeng and Lin, Kevin and Yang, Zhengyuan and Wang, Lijuan and Shou, Mike Zheng},
  journal={arXiv preprint arXiv:2401.00849},
  year={2024}
}

@article{wang2023internvid,
  title={Internvid: A large-scale video-text dataset for multimodal understanding and generation},
  author={Wang, Yi and He, Yinan and Li, Yizhuo and Li, Kunchang and Yu, Jiashuo and Ma, Xin and Li, Xinhao and Chen, Guo and Chen, Xinyuan and Wang, Yaohui and others},
  journal={arXiv preprint arXiv:2307.06942},
  year={2023}
}

@article{chen2023cosa,
  title={Cosa: Concatenated sample pretrained vision-language foundation model},
  author={Chen, Sihan and He, Xingjian and Li, Handong and Jin, Xiaojie and Feng, Jiashi and Liu, Jing},
  journal={arXiv preprint arXiv:2306.09085},
  year={2023}
}

@article{ji2024ida,
  title={IDA-VLM: Towards Movie Understanding via ID-Aware Large Vision-Language Model},
  author={Ji, Yatai and Zhang, Shilong and Wu, Jie and Sun, Peize and Chen, Weifeng and Xiao, Xuefeng and Yang, Sidi and Yang, Yujiu and Luo, Ping},
  journal={arXiv preprint arXiv:2407.07577},
  year={2024}
}

@article{wu2022grit,
  title={Grit: A generative region-to-text transformer for object understanding},
  author={Wu, Jialian and Wang, Jianfeng and Yang, Zhengyuan and Gan, Zhe and Liu, Zicheng and Yuan, Junsong and Wang, Lijuan},
  journal={arXiv preprint arXiv:2212.00280},
  year={2022}
}

@article{liu2023grounding,
  title={Grounding dino: Marrying dino with grounded pre-training for open-set object detection},
  author={Liu, Shilong and Zeng, Zhaoyang and Ren, Tianhe and Li, Feng and Zhang, Hao and Yang, Jie and Li, Chunyuan and Yang, Jianwei and Su, Hang and Zhu, Jun and others},
  journal={arXiv preprint arXiv:2303.05499},
  year={2023}
}

@inproceedings{zhang2022bytetrack,
  title={Bytetrack: Multi-object tracking by associating every detection box},
  author={Zhang, Yifu and Sun, Peize and Jiang, Yi and Yu, Dongdong and Weng, Fucheng and Yuan, Zehuan and Luo, Ping and Liu, Wenyu and Wang, Xinggang},
  booktitle={European conference on computer vision},
  pages={1--21},
  year={2022},
  organization={Springer}
}

@article{coltheart1980persistences,
  title={The persistences of vision},
  author={Coltheart, Max},
  journal={Philosophical Transactions of the Royal Society of London. B, Biological Sciences},
  volume={290},
  number={1038},
  pages={57--69},
  year={1980},
  publisher={The Royal Society London}
}

@article{yang2024qwen2,
  title={Qwen2 technical report},
  author={Yang, An and Yang, Baosong and Hui, Binyuan and Zheng, Bo and Yu, Bowen and Zhou, Chang and Li, Chengpeng and Li, Chengyuan and Liu, Dayiheng and Huang, Fei and others},
  journal={arXiv preprint arXiv:2407.10671},
  year={2024}
}

@inproceedings{zhai2023sigmoid,
  title={Sigmoid loss for language image pre-training},
  author={Zhai, Xiaohua and Mustafa, Basil and Kolesnikov, Alexander and Beyer, Lucas},
  booktitle={Proceedings of the IEEE/CVF International Conference on Computer Vision},
  pages={11975--11986},
  year={2023}
}

@article{zhang2024lmms,
  title={LMMs-Eval: Reality Check on the Evaluation of Large Multimodal Models},
  author={Zhang, Kaichen and Li, Bo and Zhang, Peiyuan and Pu, Fanyi and Cahyono, Joshua Adrian and Hu, Kairui and Liu, Shuai and Zhang, Yuanhan and Yang, Jingkang and Li, Chunyuan and others},
  journal={arXiv preprint arXiv:2407.12772},
  year={2024}
}

@inproceedings{miech2019howto100m,
  title={Howto100m: Learning a text-video embedding by watching hundred million narrated video clips},
  author={Miech, Antoine and Zhukov, Dimitri and Alayrac, Jean-Baptiste and Tapaswi, Makarand and Laptev, Ivan and Sivic, Josef},
  booktitle={Proceedings of the IEEE/CVF international conference on computer vision},
  pages={2630--2640},
  year={2019}
}

@inproceedings{ding2023mevis,
  title={MeViS: A large-scale benchmark for video segmentation with motion expressions},
  author={Ding, Henghui and Liu, Chang and He, Shuting and Jiang, Xudong and Loy, Chen Change},
  booktitle={Proceedings of the IEEE/CVF International Conference on Computer Vision},
  pages={2694--2703},
  year={2023}
}

@article{li2024lamot,
  title={LaMOT: Language-Guided Multi-Object Tracking},
  author={Li, Yunhao and Liu, Xiaoqiong and Liu, Luke and Fan, Heng and Zhang, Libo},
  journal={arXiv preprint arXiv:2406.08324},
  year={2024}
}

@article{wang2024tarsier,
  title={Tarsier: Recipes for Training and Evaluating Large Video Description Models},
  author={Wang, Jiawei and Yuan, Liping and Zhang, Yuchen},
  journal={arXiv preprint arXiv:2407.00634},
  year={2024}
}

@article{wei2024small,
  title={Small language model meets with reinforced vision vocabulary},
  author={Wei, Haoran and Kong, Lingyu and Chen, Jinyue and Zhao, Liang and Ge, Zheng and Yu, En and Sun, Jianjian and Han, Chunrui and Zhang, Xiangyu},
  journal={arXiv preprint arXiv:2401.12503},
  year={2024}
}

@article{goodhart1984monetary,
  title={Monetary theory and practice: The UK experience},
  author={Goodhart, Charles Albert Eric},
  journal={(No Title)},
  year={1984}
}

@article{leike2018scalable,
  title={Scalable agent alignment via reward modeling: a research direction},
  author={Leike, Jan and Krueger, David and Everitt, Tom and Martic, Miljan and Maini, Vishal and Legg, Shane},
  journal={arXiv preprint arXiv:1811.07871},
  year={2018}
}

@article{leike2017ai,
  title={AI safety gridworlds},
  author={Leike, Jan and Martic, Miljan and Krakovna, Victoria and Ortega, Pedro A and Everitt, Tom and Lefrancq, Andrew and Orseau, Laurent and Legg, Shane},
  journal={arXiv preprint arXiv:1711.09883},
  year={2017}
}

@inproceedings{gilbert2023reward,
  title={Reward reports for reinforcement learning},
  author={Gilbert, Thomas Krendl and Lambert, Nathan and Dean, Sarah and Zick, Tom and Snoswell, Aaron and Mehta, Soham},
  booktitle={Proceedings of the 2023 AAAI/ACM Conference on AI, Ethics, and Society},
  pages={84--130},
  year={2023}
}

@misc{rewardhacking,
  title={Specification Gaming: The Flaw in the Reward},
  author={DeepMind},
  url = {https://deepmind.google/discover/blog/specification-gaming-the-flip-side-of-ai-ingenuity/},
  year={2018}
}

@article{pan2022effects,
  title={The effects of reward misspecification: Mapping and mitigating misaligned models},
  author={Pan, Alexander and Bhatia, Kush and Steinhardt, Jacob},
  journal={arXiv preprint arXiv:2201.03544},
  year={2022}
}

@article{laidlaw2024preventing,
  title={Preventing reward hacking with occupancy measure regularization},
  author={Laidlaw, Cassidy and Singhal, Shivam and Dragan, Anca},
  journal={arXiv preprint arXiv:2403.03185},
  year={2024}
}

@article{li2023videochat,
  title={Videochat: Chat-centric video understanding},
  author={Li, KunChang and He, Yinan and Wang, Yi and Li, Yizhuo and Wang, Wenhai and Luo, Ping and Wang, Yali and Wang, Limin and Qiao, Yu},
  journal={arXiv preprint arXiv:2305.06355},
  year={2023}
}

@article{maaz2023video,
  title={Video-chatgpt: Towards detailed video understanding via large vision and language models},
  author={Maaz, Muhammad and Rasheed, Hanoona and Khan, Salman and Khan, Fahad Shahbaz},
  journal={arXiv preprint arXiv:2306.05424},
  year={2023}
}

@article{lin2023video,
  title={Video-llava: Learning united visual representation by alignment before projection},
  author={Lin, Bin and Zhu, Bin and Ye, Yang and Ning, Munan and Jin, Peng and Yuan, Li},
  journal={arXiv preprint arXiv:2311.10122},
  year={2023}
}

@article{li2024llava,
  title={Llava-onevision: Easy visual task transfer},
  author={Li, Bo and Zhang, Yuanhan and Guo, Dong and Zhang, Renrui and Li, Feng and Zhang, Hao and Zhang, Kaichen and Li, Yanwei and Liu, Ziwei and Li, Chunyuan},
  journal={arXiv preprint arXiv:2408.03326},
  year={2024}
}

@article{bai2023qwen,
  title={Qwen-vl: A frontier large vision-language model with versatile abilities},
  author={Bai, Jinze and Bai, Shuai and Yang, Shusheng and Wang, Shijie and Tan, Sinan and Wang, Peng and Lin, Junyang and Zhou, Chang and Zhou, Jingren},
  journal={arXiv preprint arXiv:2308.12966},
  year={2023}
}

@inproceedings{llava1p5,
  title={Improved baselines with visual instruction tuning},
  author={Liu, Haotian and Li, Chunyuan and Li, Yuheng and Lee, Yong Jae},
  booktitle={Proceedings of the IEEE/CVF Conference on Computer Vision and Pattern Recognition},
  pages={26296--26306},
  year={2024}
}

@article{chen2023sharegpt4v,
  title={Sharegpt4v: Improving large multi-modal models with better captions},
  author={Chen, Lin and Li, Jisong and Dong, Xiaoyi and Zhang, Pan and He, Conghui and Wang, Jiaqi and Zhao, Feng and Lin, Dahua},
  journal={arXiv preprint arXiv:2311.12793},
  year={2023}
}


@article{zhao2023mmicl,
  title={Mmicl: Empowering vision-language model with multi-modal in-context learning},
  author={Zhao, Haozhe and Cai, Zefan and Si, Shuzheng and Ma, Xiaojian and An, Kaikai and Chen, Liang and Liu, Zixuan and Wang, Sheng and Han, Wenjuan and Chang, Baobao},
  journal={arXiv preprint arXiv:2309.07915},
  year={2023}
}

@article{ge2023making,
  title={Making llama see and draw with seed tokenizer},
  author={Ge, Yuying and Zhao, Sijie and Zeng, Ziyun and Ge, Yixiao and Li, Chen and Wang, Xintao and Shan, Ying},
  journal={arXiv preprint arXiv:2310.01218},
  year={2023}
}

@article{dong2024internlm,
  title={Internlm-xcomposer2: Mastering free-form text-image composition and comprehension in vision-language large model},
  author={Dong, Xiaoyi and Zhang, Pan and Zang, Yuhang and Cao, Yuhang and Wang, Bin and Ouyang, Linke and Wei, Xilin and Zhang, Songyang and Duan, Haodong and Cao, Maosong and others},
  journal={arXiv preprint arXiv:2401.16420},
  year={2024}
}

@InProceedings{Bain21,
  author       = "Max Bain and Arsha Nagrani and G{\"u}l Varol and Andrew Zisserman",
  title        = "Frozen in Time: A Joint Video and Image Encoder for End-to-End Retrieval",
  booktitle    = "IEEE International Conference on Computer Vision",
  year         = "2021",
}

@article{li2024superfiltering,
  title={Superfiltering: Weak-to-strong data filtering for fast instruction-tuning},
  author={Li, Ming and Zhang, Yong and He, Shwai and Li, Zhitao and Zhao, Hongyu and Wang, Jianzong and Cheng, Ning and Zhou, Tianyi},
  journal={arXiv preprint arXiv:2402.00530},
  year={2024}
}

@article{llamavid,
  title={Llama-vid: An image is worth 2 tokens in large language models},
  author={Li, Yanwei and Wang, Chengyao and Jia, Jiaya},
  journal={arXiv preprint arXiv:2311.17043},
  year={2023}
}

############## Benchmark ###################

@misc{grok,
  author = {xAI},
  title = {Grok},
  year = {2024}
}

@article{wu2025large,
  title={A large cross-modal video retrieval dataset with reading comprehension},
  author={Wu, Weijia and Zhao, Yuzhong and Li, Zhuang and Li, Jiahong and Zhou, Hong and Shou, Mike Zheng and Bai, Xiang},
  journal={Pattern Recognition},
  volume={157},
  pages={110818},
  year={2025},
  publisher={Elsevier}
}

@inproceedings{zhou2018towards,
  title={Towards automatic learning of procedures from web instructional videos},
  author={Zhou, Luowei and Xu, Chenliang and Corso, Jason},
  booktitle={Proceedings of the AAAI Conference on Artificial Intelligence},
  volume={32},
  year={2018}
}


@inproceedings{mvbench,
  title={Mvbench: A comprehensive multi-modal video understanding benchmark},
  author={Li, Kunchang and Wang, Yali and He, Yinan and Li, Yizhuo and Wang, Yi and Liu, Yi and Wang, Zun and Xu, Jilan and Chen, Guo and Luo, Ping and others},
  booktitle={Proceedings of the IEEE/CVF Conference on Computer Vision and Pattern Recognition},
  pages={22195--22206},
  year={2024}
}

@article{tempcompass,
  title={TempCompass: Do Video LLMs Really Understand Videos?},
  author={Liu, Yuanxin and Li, Shicheng and Liu, Yi and Wang, Yuxiang and Ren, Shuhuai and Li, Lei and Chen, Sishuo and Sun, Xu and Hou, Lu},
  journal={arXiv preprint arXiv:2403.00476},
  year={2024}
}

@article{videomme,
  title={Video-MME: The First-Ever Comprehensive Evaluation Benchmark of Multi-modal LLMs in Video Analysis},
  author={Fu, Chaoyou and Dai, Yuhan and Luo, Yondong and Li, Lei and Ren, Shuhuai and Zhang, Renrui and Wang, Zihan and Zhou, Chenyu and Shen, Yunhang and Zhang, Mengdan and others},
  journal={arXiv preprint arXiv:2405.21075},
  year={2024}
}

@inproceedings{mvsd,
  title={Video question answering via gradually refined attention over appearance and motion},
  author={Xu, Dejing and Zhao, Zhou and Xiao, Jun and Wu, Fei and Zhang, Hanwang and He, Xiangnan and Zhuang, Yueting},
  booktitle={Proceedings of the 25th ACM international conference on Multimedia},
  pages={1645--1653},
  year={2017}
}

@inproceedings{tgif,
  title={Tgif-qa: Toward spatio-temporal reasoning in visual question answering},
  author={Jang, Yunseok and Song, Yale and Yu, Youngjae and Kim, Youngjin and Kim, Gunhee},
  booktitle={Proceedings of the IEEE conference on computer vision and pattern recognition},
  pages={2758--2766},
  year={2017}
}

@inproceedings{msrvvt,
  title={Msr-vtt: A large video description dataset for bridging video and language},
  author={Xu, Jun and Mei, Tao and Yao, Ting and Rui, Yong},
  booktitle={Proceedings of the IEEE conference on computer vision and pattern recognition},
  pages={5288--5296},
  year={2016}
}

@inproceedings{activitynet,
  title={Activitynet: A large-scale video benchmark for human activity understanding},
  author={Caba Heilbron, Fabian and Escorcia, Victor and Ghanem, Bernard and Carlos Niebles, Juan},
  booktitle={Proceedings of the ieee conference on computer vision and pattern recognition},
  pages={961--970},
  year={2015}
}

@article{mmvet,
  title={Mm-vet: Evaluating large multimodal models for integrated capabilities},
  author={Yu, Weihao and Yang, Zhengyuan and Li, Linjie and Wang, Jianfeng and Lin, Kevin and Liu, Zicheng and Wang, Xinchao and Wang, Lijuan},
  journal={arXiv preprint arXiv:2308.02490},
  year={2023}
}

@inproceedings{mmmu,
  title={Mmmu: A massive multi-discipline multimodal understanding and reasoning benchmark for expert agi},
  author={Yue, Xiang and Ni, Yuansheng and Zhang, Kai and Zheng, Tianyu and Liu, Ruoqi and Zhang, Ge and Stevens, Samuel and Jiang, Dongfu and Ren, Weiming and Sun, Yuxuan and others},
  booktitle={Proceedings of the IEEE/CVF Conference on Computer Vision and Pattern Recognition},
  pages={9556--9567},
  year={2024}
}

@article{mmbench,
  title={Mmbench: Is your multi-modal model an all-around player?},
  author={Liu, Yuan and Duan, Haodong and Zhang, Yuanhan and Li, Bo and Zhang, Songyang and Zhao, Wangbo and Yuan, Yike and Wang, Jiaqi and He, Conghui and Liu, Ziwei and others},
  journal={arXiv preprint arXiv:2307.06281},
  year={2023}
}

@article{mme,
  title={MME: A Comprehensive Evaluation Benchmark for Multimodal Large Language Models},
  author={Fu, Chaoyou and Chen, Peixian and Shen, Yunhang and Qin, Yulei and Zhang, Mengdan and Lin, Xu and Qiu, Zhenyu and Lin, Wei and Yang, Jinrui and Zheng, Xiawu and Li, Ke and Sun, Xing and Ji, Rongrong},
  journal={arXiv preprint arXiv:2306.13394},
  year={2023}
}

@article{pope,
  title={Evaluating object hallucination in large vision-language models},
  author={Li, Yifan and Du, Yifan and Zhou, Kun and Wang, Jinpeng and Zhao, Wayne Xin and Wen, Ji-Rong},
  journal={arXiv preprint arXiv:2305.10355},
  year={2023}
}

@inproceedings{ai2d,
  title={A diagram is worth a dozen images},
  author={Kembhavi, Aniruddha and Salvato, Mike and Kolve, Eric and Seo, Minjoon and Hajishirzi, Hannaneh and Farhadi, Ali},
  booktitle={Computer Vision--ECCV 2016: 14th European Conference, Amsterdam, The Netherlands, October 11--14, 2016, Proceedings, Part IV 14},
  pages={235--251},
  year={2016},
  organization={Springer}
}

@misc{boat,
    title = {Faulty Reward Functions in the Wild},
    url = {https://openai.com/index/faulty-reward-functions/},
    author = {Jack, Clark and Dario, Amodei},
    year = {2016},
    note = {December 21, 2016},
    organization={OpenAI Codex }
}

@article{chen2023pali,
  title={Pali-x: On scaling up a multilingual vision and language model},
  author={Chen, Xi and Djolonga, Josip and Padlewski, Piotr and Mustafa, Basil and Changpinyo, Soravit and Wu, Jialin and Ruiz, Carlos Riquelme and Goodman, Sebastian and Wang, Xiao and Tay, Yi and others},
  journal={arXiv preprint arXiv:2305.18565},
  year={2023}
}

@inproceedings{chen2024internvl,
  title={Internvl: Scaling up vision foundation models and aligning for generic visual-linguistic tasks},
  author={Chen, Zhe and Wu, Jiannan and Wang, Wenhai and Su, Weijie and Chen, Guo and Xing, Sen and Zhong, Muyan and Zhang, Qinglong and Zhu, Xizhou and Lu, Lewei and others},
  booktitle={Proceedings of the IEEE/CVF Conference on Computer Vision and Pattern Recognition},
  pages={24185--24198},
  year={2024}
}

@misc{llama3.2,
  author =   {Meta},
  title =    {LLaMA3.2-Vision},
  url = {https://www.llama.com/},
  year = {2024}
}

@inproceedings{gupta2019lvis,
  title={Lvis: A dataset for large vocabulary instance segmentation},
  author={Gupta, Agrim and Dollar, Piotr and Girshick, Ross},
  booktitle={Proceedings of the IEEE/CVF conference on computer vision and pattern recognition},
  pages={5356--5364},
  year={2019}
}

@article{krishna2017visual,
  title={Visual genome: Connecting language and vision using crowdsourced dense image annotations},
  author={Krishna, Ranjay and Zhu, Yuke and Groth, Oliver and Johnson, Justin and Hata, Kenji and Kravitz, Joshua and Chen, Stephanie and Kalantidis, Yannis and Li, Li-Jia and Shamma, David A and others},
  journal={International journal of computer vision},
  volume={123},
  pages={32--73},
  year={2017},
  publisher={Springer}
}

@article{li2024reward,
  title={Reward guided latent consistency distillation},
  author={Li, Jiachen and Feng, Weixi and Chen, Wenhu and Wang, William Yang},
  journal={arXiv preprint arXiv:2403.11027},
  year={2024}
}

@article{zhang2024large,
  title={Large-scale reinforcement learning for diffusion models},
  author={Zhang, Yinan and Tzeng, Eric and Du, Yilun and Kislyuk, Dmitry},
  journal={arXiv preprint arXiv:2401.12244},
  volume={4},
  year={2024}
}

@inproceedings{fei2024video,
  title={Video-of-thought: Step-by-step video reasoning from perception to cognition},
  author={Fei, Hao and Wu, Shengqiong and Ji, Wei and Zhang, Hanwang and Zhang, Meishan and Lee, Mong-Li and Hsu, Wynne},
  booktitle={Forty-first International Conference on Machine Learning},
  year={2024}
}

@misc{r1,
      title={DeepSeek-R1: Incentivizing Reasoning Capability in LLMs via Reinforcement Learning}, 
      author={DeepSeek-AI and Daya Guo and Dejian Yang and Haowei Zhang and Junxiao Song and Ruoyu Zhang and Runxin Xu and Qihao Zhu and Shirong Ma and Peiyi Wang and Xiao Bi and Xiaokang Zhang and Xingkai Yu and Yu Wu and Z. F. Wu and Zhibin Gou and Zhihong Shao and Zhuoshu Li and Ziyi Gao and Aixin Liu and Bing Xue and Bingxuan Wang and Bochao Wu and Bei Feng and Chengda Lu and Chenggang Zhao and Chengqi Deng and Chenyu Zhang and Chong Ruan and Damai Dai and Deli Chen and Dongjie Ji and Erhang Li and Fangyun Lin and Fucong Dai and Fuli Luo and Guangbo Hao and Guanting Chen and Guowei Li and H. Zhang and Han Bao and Hanwei Xu and Haocheng Wang and Honghui Ding and Huajian Xin and Huazuo Gao and Hui Qu and Hui Li and Jianzhong Guo and Jiashi Li and Jiawei Wang and Jingchang Chen and Jingyang Yuan and Junjie Qiu and Junlong Li and J. L. Cai and Jiaqi Ni and Jian Liang and Jin Chen and Kai Dong and Kai Hu and Kaige Gao and Kang Guan and Kexin Huang and Kuai Yu and Lean Wang and Lecong Zhang and Liang Zhao and Litong Wang and Liyue Zhang and Lei Xu and Leyi Xia and Mingchuan Zhang and Minghua Zhang and Minghui Tang and Meng Li and Miaojun Wang and Mingming Li and Ning Tian and Panpan Huang and Peng Zhang and Qiancheng Wang and Qinyu Chen and Qiushi Du and Ruiqi Ge and Ruisong Zhang and Ruizhe Pan and Runji Wang and R. J. Chen and R. L. Jin and Ruyi Chen and Shanghao Lu and Shangyan Zhou and Shanhuang Chen and Shengfeng Ye and Shiyu Wang and Shuiping Yu and Shunfeng Zhou and Shuting Pan and S. S. Li and Shuang Zhou and Shaoqing Wu and Shengfeng Ye and Tao Yun and Tian Pei and Tianyu Sun and T. Wang and Wangding Zeng and Wanjia Zhao and Wen Liu and Wenfeng Liang and Wenjun Gao and Wenqin Yu and Wentao Zhang and W. L. Xiao and Wei An and Xiaodong Liu and Xiaohan Wang and Xiaokang Chen and Xiaotao Nie and Xin Cheng and Xin Liu and Xin Xie and Xingchao Liu and Xinyu Yang and Xinyuan Li and Xuecheng Su and Xuheng Lin and X. Q. Li and Xiangyue Jin and Xiaojin Shen and Xiaosha Chen and Xiaowen Sun and Xiaoxiang Wang and Xinnan Song and Xinyi Zhou and Xianzu Wang and Xinxia Shan and Y. K. Li and Y. Q. Wang and Y. X. Wei and Yang Zhang and Yanhong Xu and Yao Li and Yao Zhao and Yaofeng Sun and Yaohui Wang and Yi Yu and Yichao Zhang and Yifan Shi and Yiliang Xiong and Ying He and Yishi Piao and Yisong Wang and Yixuan Tan and Yiyang Ma and Yiyuan Liu and Yongqiang Guo and Yuan Ou and Yuduan Wang and Yue Gong and Yuheng Zou and Yujia He and Yunfan Xiong and Yuxiang Luo and Yuxiang You and Yuxuan Liu and Yuyang Zhou and Y. X. Zhu and Yanhong Xu and Yanping Huang and Yaohui Li and Yi Zheng and Yuchen Zhu and Yunxian Ma and Ying Tang and Yukun Zha and Yuting Yan and Z. Z. Ren and Zehui Ren and Zhangli Sha and Zhe Fu and Zhean Xu and Zhenda Xie and Zhengyan Zhang and Zhewen Hao and Zhicheng Ma and Zhigang Yan and Zhiyu Wu and Zihui Gu and Zijia Zhu and Zijun Liu and Zilin Li and Ziwei Xie and Ziyang Song and Zizheng Pan and Zhen Huang and Zhipeng Xu and Zhongyu Zhang and Zhen Zhang},
      year={2025},
      eprint={2501.12948},
      archivePrefix={arXiv},
      primaryClass={cs.CL},
      url={https://arxiv.org/abs/2501.12948}, 
}

@misc{o1,
    title = {Learning to Reason with LLMs},
    url = {https://openai.com/index/learning-to-reason-with-llms/},
    author = {OpenAI},
    month = {September},
    year = {2024}
}

@article{fang2024mmbench,
  title={MMBench-Video: A Long-Form Multi-Shot Benchmark for Holistic Video Understanding},
  author={Fang, Xinyu and Mao, Kangrui and Duan, Haodong and Zhao, Xiangyu and Li, Yining and Lin, Dahua and Chen, Kai},
  journal={arXiv preprint arXiv:2406.14515},
  year={2024}
}

@misc{anthropic_claude_2024,
  author       = {Anthropic},
  title        = {Claude 3.5 Sonnet},
  howpublished = {\url{https://www.anthropic.com/news/claude-3-5-sonnet}},
  year         = 2024,
}


@inproceedings{wei2024vary,
  title={Vary: Scaling up the vision vocabulary for large vision-language model},
  author={Wei, Haoran and Kong, Lingyu and Chen, Jinyue and Zhao, Liang and Ge, Zheng and Yang, Jinrong and Sun, Jianjian and Han, Chunrui and Zhang, Xiangyu},
  booktitle={European Conference on Computer Vision},
  pages={408--424},
  year={2024},
  organization={Springer}
}

@article{peng2024dreambench++,
  title={Dreambench++: A human-aligned benchmark for personalized image generation},
  author={Peng, Yuang and Cui, Yuxin and Tang, Haomiao and Qi, Zekun and Dong, Runpei and Bai, Jing and Han, Chunrui and Ge, Zheng and Zhang, Xiangyu and Xia, Shu-Tao},
  journal={arXiv preprint arXiv:2406.16855},
  year={2024}
}

@article{schulman2017proximal,
  title={Proximal policy optimization algorithms},
  author={Schulman, John and Wolski, Filip and Dhariwal, Prafulla and Radford, Alec and Klimov, Oleg},
  journal={arXiv preprint arXiv:1707.06347},
  year={2017}
}

@article{zhu2025perpo,
  title={PerPO: Perceptual Preference Optimization via Discriminative Rewarding},
  author={Zhu, Zining and Zhao, Liang and Lin, Kangheng and Yang, Jinze and Yu, En and Liu, Chenglong and Wei, Haoran and Sun, Jianjian and Ge, Zheng and Zhang, Xiangyu},
  journal={arXiv preprint arXiv:2502.04371},
  year={2025}
}

@article{rafailov2024direct,
  title={Direct preference optimization: Your language model is secretly a reward model},
  author={Rafailov, Rafael and Sharma, Archit and Mitchell, Eric and Manning, Christopher D and Ermon, Stefano and Finn, Chelsea},
  journal={Advances in Neural Information Processing Systems},
  volume={36},
  year={2024}
}