@INPROCEEDINGS{6814096,
  author={Jamieson, Kevin and Nowak, Robert},
  booktitle={2014 48th Annual Conference on Information Sciences and Systems (CISS)}, 
  title={Best-arm identification algorithms for multi-armed bandits in the fixed confidence setting}, 
  year={2014},
  volume={},
  number={},
  pages={1-6},
  keywords={Algorithm design and analysis;Complexity theory;Random variables;Computers;Educational institutions;Electronic mail},
  doi={10.1109/CISS.2014.6814096}}

@article{aharonov2022quantum,
  title={Quantum algorithmic measurement},
  author={Aharonov, Dorit and Cotler, Jordan and Qi, Xiao-Liang},
  journal={Nature communications},
  volume={13},
  number={1},
  pages={887},
  year={2022},
  publisher={Nature Publishing Group UK London}
}

@inproceedings{anshu2022distributed,
  title={Distributed quantum inner product estimation},
  author={Anshu, Anurag and Landau, Zeph and Liu, Yunchao},
  booktitle={Proceedings of the 54th Annual ACM SIGACT Symposium on Theory of Computing},
  pages={44--51},
  year={2022}
}

@inproceedings{audibert2010best,
  title={Best arm identification in multi-armed bandits},
  author={Audibert, Jean-Yves and Bubeck, S{\'e}bastien},
  booktitle={COLT-23th Conference on learning theory-2010},
  pages={13--p},
  year={2010}
}

@article{banaszek2013focus,
  title={Focus on quantum tomography},
  author={Banaszek, Konrad and Cramer, Marcus and Gross, David},
  journal={New Journal of Physics},
  volume={15},
  number={12},
  pages={125020},
  year={2013},
  publisher={IOP Publishing}
}

@article{bechhofer1968single,
  title={Single-stage procedures for ranking multiply-classified variances of normal populations},
  author={Bechhofer, Robert E},
  journal={Technometrics},
  volume={10},
  number={4},
  pages={693--714},
  year={1968},
  publisher={Taylor \& Francis}
}

@inproceedings{bubeck2020entanglement,
  title={Entanglement is necessary for optimal quantum property testing},
  author={Bubeck, Sebastien and Chen, Sitan and Li, Jerry},
  booktitle={2020 IEEE 61st Annual Symposium on Foundations of Computer Science (FOCS)},
  pages={692--703},
  year={2020},
  organization={IEEE}
}

@inproceedings{chen2022exponential,
  title={Exponential separations between learning with and without quantum memory},
  author={Chen, Sitan and Cotler, Jordan and Huang, Hsin-Yuan and Li, Jerry},
  booktitle={2021 IEEE 62nd Annual Symposium on Foundations of Computer Science (FOCS)},
  pages={574--585},
  year={2022},
  organization={IEEE}
}

@inproceedings{chen2022tight,
  title={Tight bounds for quantum state certification with incoherent measurements},
  author={Chen, Sitan and Li, Jerry and Huang, Brice and Liu, Allen},
  booktitle={2022 IEEE 63rd Annual Symposium on Foundations of Computer Science (FOCS)},
  pages={1205--1213},
  year={2022},
  organization={IEEE}
}

@inproceedings{chen2022toward,
  title={Toward instance-optimal state certification with incoherent measurements},
  author={Chen, Sitan and Li, Jerry and Oâ€™Donnell, Ryan},
  booktitle={Conference on Learning Theory},
  pages={2541--2596},
  year={2022},
  organization={PMLR}
}

@inproceedings{chen2023does,
  title={When does adaptivity help for quantum state learning?},
  author={Chen, Sitan and Huang, Brice and Li, Jerry and Liu, Allen and Sellke, Mark},
  booktitle={2023 IEEE 64th Annual Symposium on Foundations of Computer Science (FOCS)},
  pages={391--404},
  year={2023},
  organization={IEEE}
}

@article{degenne2019pure,
  title={Pure exploration with multiple correct answers},
  author={Degenne, R{\'e}my and Koolen, Wouter M},
  journal={Advances in Neural Information Processing Systems},
  volume={32},
  year={2019}
}

@article{gabillon2012best,
  title={Best arm identification: A unified approach to fixed budget and fixed confidence},
  author={Gabillon, Victor and Ghavamzadeh, Mohammad and Lazaric, Alessandro},
  journal={Advances in Neural Information Processing Systems},
  volume={25},
  year={2012}
}

@inproceedings{garivier2016optimal,
  title={Optimal best arm identification with fixed confidence},
  author={Garivier, Aur{\'e}lien and Kaufmann, Emilie},
  booktitle={Conference on Learning Theory},
  pages={998--1027},
  year={2016},
  organization={PMLR}
}

@article{gross2010quantum,
  title={Quantum state tomography via compressed sensing},
  author={Gross, David and Liu, Yi-Kai and Flammia, Steven T and Becker, Stephen and Eisert, Jens},
  journal={Physical review letters},
  volume={105},
  number={15},
  pages={150401},
  year={2010},
  publisher={APS}
}

@article{hinsche2024efficient,
  title={Efficient distributed inner product estimation via Pauli sampling},
  author={Hinsche, Marcel and Ioannou, Marios and Jerbi, Sofiene and Leone, Lorenzo and Eisert, Jens and Carrasco, Jose},
  journal={arXiv preprint arXiv:2405.06544},
  year={2024}
}

@inproceedings{huang2017structured,
  title={Structured best arm identification with fixed confidence},
  author={Huang, Ruitong and Ajallooeian, Mohammad M and Szepesv{\'a}ri, Csaba and M{\"u}ller, Martin},
  booktitle={International Conference on Algorithmic Learning Theory},
  pages={593--616},
  year={2017},
  organization={PMLR}
}

@article{huang2020predicting,
  title={Predicting many properties of a quantum system from very few measurements},
  author={Huang, Hsin-Yuan and Kueng, Richard and Preskill, John},
  journal={Nature Physics},
  volume={16},
  number={10},
  pages={1050--1057},
  year={2020},
  publisher={Nature Publishing Group UK London}
}

@article{jourdan2023varepsilon,
  title={An epsilon-Best-Arm Identification Algorithm for Fixed-Confidence and Beyond},
  author={Jourdan, Marc and Degenne, R{\'e}my and Kaufmann, Emilie},
  journal={Advances in Neural Information Processing Systems},
  volume={36},
  pages={16578--16649},
  year={2023}
}

@article{mele2024introduction,
  title={Introduction to Haar Measure Tools in Quantum Information: A Beginner's Tutorial},
  author={Mele, Antonio Anna},
  journal={Quantum},
  volume={8},
  pages={1340},
  year={2024},
  publisher={Verein zur F{\"o}rderung des Open Access Publizierens in den Quantenwissenschaften}
}

@article{montanaro2013survey,
  title={A survey of quantum property testing},
  author={Montanaro, Ashley and de Wolf, Ronald},
  journal={arXiv preprint arXiv:1310.2035},
  year={2013}
}

@article{paulson1964sequential,
  title={A sequential procedure for selecting the population with the largest mean from k normal populations},
  author={Paulson, Edward},
  journal={The Annals of Mathematical Statistics},
  pages={174--180},
  year={1964},
  publisher={JSTOR}
}

@inproceedings{russo2016simple,
  title={Simple bayesian algorithms for best arm identification},
  author={Russo, Daniel},
  booktitle={Conference on Learning Theory},
  pages={1417--1418},
  year={2016},
  organization={PMLR}
}

@phdthesis{wright2016learn,
  title={How to learn a quantum state},
  author={Wright, John},
  year={2016},
  school={Carnegie Mellon University}
}

@article{zhu2022cross,
  title={Cross-platform comparison of arbitrary quantum states},
  author={Zhu, Daiwei and Cian, Ze-Pei and Noel, Crystal and Risinger, Andrew and Biswas, Debopriyo and Egan, Laird and Zhu, Yingyue and Green, Alaina M and Alderete, C Huerta and Nguyen, Nhung H and others},
  journal={Nature communications},
  volume={13},
  number={1},
  pages={6620},
  year={2022},
  publisher={Nature Publishing Group UK London}
}

