@inproceedings{yu2021sample,
  title={Sample efficient identity testing and independence testing of quantum states},
  author={Yu, Nengkun},
  booktitle={12th Innovations in Theoretical Computer Science Conference (ITCS 2021)},
  year={2021},
  organization={Schloss Dagstuhl-Leibniz-Zentrum f{\"u}r Informatik}
}

@article{sivak2023real,
  title={Real-time quantum error correction beyond break-even},
  author={Sivak, VV and Eickbusch, Alec and Royer, Baptiste and Singh, Shraddha and Tsioutsios, Ioannis and Ganjam, Suhas and Miano, Alessandro and Brock, BL and Ding, AZ and Frunzio, Luigi and others},
  journal={Nature},
  volume={616},
  number={7955},
  pages={50--55},
  year={2023},
  publisher={Nature Publishing Group UK London}
}

@article{chong2024many,
  title={From many-body quantum dynamics to the Hartree-Fock and Vlasov equations with singular potentials.},
  author={Chong, Jacky J and Lafleche, Laurent and Saffirio, Chiara},
  journal={Journal of the European Mathematical Society (EMS Publishing)},
  volume={26},
  number={12},
  year={2024}
}

@article{plesch2011quantum,
  title={Quantum-state preparation with universal gate decompositions},
  author={Plesch, Martin and Brukner, {\v{C}}aslav},
  journal={Physical Review A—Atomic, Molecular, and Optical Physics},
  volume={83},
  number={3},
  pages={032302},
  year={2011},
  publisher={APS}
}

@article{chen2023unitarity,
  title={Unitarity estimation for quantum channels},
  author={Chen, Kean and Wang, Qisheng and Long, Peixun and Ying, Mingsheng},
  journal={IEEE Transactions on Information Theory},
  volume={69},
  number={8},
  pages={5116--5134},
  year={2023},
  publisher={IEEE}
}

@article{degenne2019pure,
  title={Pure exploration with multiple correct answers},
  author={Degenne, R{\'e}my and Koolen, Wouter M},
  journal={Advances in Neural Information Processing Systems},
  volume={32},
  year={2019}
}


@article{jourdan2023varepsilon,
  title={An epsilon-Best-Arm Identification Algorithm for Fixed-Confidence and Beyond},
  author={Jourdan, Marc and Degenne, R{\'e}my and Kaufmann, Emilie},
  journal={Advances in Neural Information Processing Systems},
  volume={36},
  pages={16578--16649},
  year={2023}
}

@inproceedings{huang2017structured,
  title={Structured best arm identification with fixed confidence},
  author={Huang, Ruitong and Ajallooeian, Mohammad M and Szepesv{\'a}ri, Csaba and M{\"u}ller, Martin},
  booktitle={International Conference on Algorithmic Learning Theory},
  pages={593--616},
  year={2017},
  organization={PMLR}
}

@article{gabillon2012best,
  title={Best arm identification: A unified approach to fixed budget and fixed confidence},
  author={Gabillon, Victor and Ghavamzadeh, Mohammad and Lazaric, Alessandro},
  journal={Advances in Neural Information Processing Systems},
  volume={25},
  year={2012}
}

@article{paulson1964sequential,
  title={A sequential procedure for selecting the population with the largest mean from k normal populations},
  author={Paulson, Edward},
  journal={The Annals of Mathematical Statistics},
  pages={174--180},
  year={1964},
  publisher={JSTOR}
}

@article{bechhofer1968single,
  title={Single-stage procedures for ranking multiply-classified variances of normal populations},
  author={Bechhofer, Robert E},
  journal={Technometrics},
  volume={10},
  number={4},
  pages={693--714},
  year={1968},
  publisher={Taylor \& Francis}
}

@INPROCEEDINGS{6814096,
  author={Jamieson, Kevin and Nowak, Robert},
  booktitle={2014 48th Annual Conference on Information Sciences and Systems (CISS)}, 
  title={Best-arm identification algorithms for multi-armed bandits in the fixed confidence setting}, 
  year={2014},
  volume={},
  number={},
  pages={1-6},
  keywords={Algorithm design and analysis;Complexity theory;Random variables;Computers;Educational institutions;Electronic mail},
  doi={10.1109/CISS.2014.6814096}}

@inproceedings{russo2016simple,
  title={Simple bayesian algorithms for best arm identification},
  author={Russo, Daniel},
  booktitle={Conference on Learning Theory},
  pages={1417--1418},
  year={2016},
  organization={PMLR}
}

@inproceedings{garivier2016optimal,
  title={Optimal best arm identification with fixed confidence},
  author={Garivier, Aur{\'e}lien and Kaufmann, Emilie},
  booktitle={Conference on Learning Theory},
  pages={998--1027},
  year={2016},
  organization={PMLR}
}

@inproceedings{audibert2010best,
  title={Best arm identification in multi-armed bandits},
  author={Audibert, Jean-Yves and Bubeck, S{\'e}bastien},
  booktitle={COLT-23th Conference on learning theory-2010},
  pages={13--p},
  year={2010}
}

@article{zhu2022cross,
  title={Cross-platform comparison of arbitrary quantum states},
  author={Zhu, Daiwei and Cian, Ze-Pei and Noel, Crystal and Risinger, Andrew and Biswas, Debopriyo and Egan, Laird and Zhu, Yingyue and Green, Alaina M and Alderete, C Huerta and Nguyen, Nhung H and others},
  journal={Nature communications},
  volume={13},
  number={1},
  pages={6620},
  year={2022},
  publisher={Nature Publishing Group UK London}
}

@article{hinsche2024efficient,
  title={Efficient distributed inner product estimation via Pauli sampling},
  author={Hinsche, Marcel and Ioannou, Marios and Jerbi, Sofiene and Leone, Lorenzo and Eisert, Jens and Carrasco, Jose},
  journal={arXiv preprint arXiv:2405.06544},
  year={2024}
}

@inproceedings{chen2022exponential,
  title={Exponential separations between learning with and without quantum memory},
  author={Chen, Sitan and Cotler, Jordan and Huang, Hsin-Yuan and Li, Jerry},
  booktitle={2021 IEEE 62nd Annual Symposium on Foundations of Computer Science (FOCS)},
  pages={574--585},
  year={2022},
  organization={IEEE}
}

@article{huang2020predicting,
  title={Predicting many properties of a quantum system from very few measurements},
  author={Huang, Hsin-Yuan and Kueng, Richard and Preskill, John},
  journal={Nature Physics},
  volume={16},
  number={10},
  pages={1050--1057},
  year={2020},
  publisher={Nature Publishing Group UK London}
}

@article{gross2010quantum,
  title={Quantum state tomography via compressed sensing},
  author={Gross, David and Liu, Yi-Kai and Flammia, Steven T and Becker, Stephen and Eisert, Jens},
  journal={Physical review letters},
  volume={105},
  number={15},
  pages={150401},
  year={2010},
  publisher={APS}
}

@article{banaszek2013focus,
  title={Focus on quantum tomography},
  author={Banaszek, Konrad and Cramer, Marcus and Gross, David},
  journal={New Journal of Physics},
  volume={15},
  number={12},
  pages={125020},
  year={2013},
  publisher={IOP Publishing}
}

@article{aharonov2022quantum,
  title={Quantum algorithmic measurement},
  author={Aharonov, Dorit and Cotler, Jordan and Qi, Xiao-Liang},
  journal={Nature communications},
  volume={13},
  number={1},
  pages={887},
  year={2022},
  publisher={Nature Publishing Group UK London}
}

@article{yu2019quantum,
  title={Quantum closeness testing: A streaming algorithm and applications},
  author={Yu, Nengkun},
  journal={arXiv preprint arXiv:1904.03218},
  year={2019}
}

@article{heshami2016quantum,
  title={Quantum memories: emerging applications and recent advances},
  author={Heshami, Khabat and England, Duncan G and Humphreys, Peter C and Bustard, Philip J and Acosta, Victor M and Nunn, Joshua and Sussman, Benjamin J},
  journal={Journal of modern optics},
  volume={63},
  number={20},
  pages={2005--2028},
  year={2016},
  publisher={Taylor \& Francis}
}

@article{preskill2018quantum,
  title={Quantum computing in the NISQ era and beyond},
  author={Preskill, John},
  journal={Quantum},
  volume={2},
  pages={79},
  year={2018},
  publisher={Verein zur F{\"o}rderung des Open Access Publizierens in den Quantenwissenschaften}
}

@inproceedings{ramezani2020machine,
  title={Machine learning algorithms in quantum computing: A survey},
  author={Ramezani, Somayeh Bakhtiari and Sommers, Alexander and Manchukonda, Harish Kumar and Rahimi, Shahram and Amirlatifi, Amin},
  booktitle={2020 International joint conference on neural networks (IJCNN)},
  pages={1--8},
  year={2020},
  organization={IEEE}
}

@article{gyongyosi2019survey,
  title={A survey on quantum computing technology},
  author={Gyongyosi, Laszlo and Imre, Sandor},
  journal={Computer Science Review},
  volume={31},
  pages={51--71},
  year={2019},
  publisher={Elsevier}
}

@inproceedings{bubeck2020entanglement,
  title={Entanglement is necessary for optimal quantum property testing},
  author={Bubeck, Sebastien and Chen, Sitan and Li, Jerry},
  booktitle={2020 IEEE 61st Annual Symposium on Foundations of Computer Science (FOCS)},
  pages={692--703},
  year={2020},
  organization={IEEE}
}

@phdthesis{wright2016learn,
  title={How to learn a quantum state},
  author={Wright, John},
  year={2016},
  school={Carnegie Mellon University}
}

@article{fawzi2023quantum,
  title={Quantum channel certification with incoherent strategies},
  author={Fawzi, Omar and Flammarion, Nicolas and Garivier, Aur{\'e}lien and Oufkir, Aadil},
  journal={arXiv preprint arXiv:2303.01188},
  year={2023}
}

@inproceedings{chen2022toward,
  title={Toward instance-optimal state certification with incoherent measurements},
  author={Chen, Sitan and Li, Jerry and O’Donnell, Ryan},
  booktitle={Conference on Learning Theory},
  pages={2541--2596},
  year={2022},
  organization={PMLR}
}

@inproceedings{chen2022tight,
  title={Tight bounds for quantum state certification with incoherent measurements},
  author={Chen, Sitan and Li, Jerry and Huang, Brice and Liu, Allen},
  booktitle={2022 IEEE 63rd Annual Symposium on Foundations of Computer Science (FOCS)},
  pages={1205--1213},
  year={2022},
  organization={IEEE}
}

@article{aaronson2018online,
  title={Online learning of quantum states},
  author={Aaronson, Scott and Chen, Xinyi and Hazan, Elad and Kale, Satyen and Nayak, Ashwin},
  journal={Advances in neural information processing systems},
  volume={31},
  year={2018}
}

@inproceedings{chen2023does,
  title={When does adaptivity help for quantum state learning?},
  author={Chen, Sitan and Huang, Brice and Li, Jerry and Liu, Allen and Sellke, Mark},
  booktitle={2023 IEEE 64th Annual Symposium on Foundations of Computer Science (FOCS)},
  pages={391--404},
  year={2023},
  organization={IEEE}
}

@article{montanaro2013survey,
  title={A survey of quantum property testing},
  author={Montanaro, Ashley and de Wolf, Ronald},
  journal={arXiv preprint arXiv:1310.2035},
  year={2013}
}

@book{nielsen2010quantum,
  title={Quantum computation and quantum information},
  author={Nielsen, Michael A and Chuang, Isaac L},
  year={2010},
  publisher={Cambridge university press}
}

@article{gong2024sample,
  title={On the sample complexity of purity and inner product estimation},
  author={Gong, Weiyuan and Haferkamp, Jonas and Ye, Qi and Zhang, Zhihan},
  journal={arXiv preprint arXiv:2410.12712},
  year={2024}
}

@article{mele2024introduction,
  title={Introduction to Haar Measure Tools in Quantum Information: A Beginner's Tutorial},
  author={Mele, Antonio Anna},
  journal={Quantum},
  volume={8},
  pages={1340},
  year={2024},
  publisher={Verein zur F{\"o}rderung des Open Access Publizierens in den Quantenwissenschaften}
}

@article{canonne2020survey,
  title={A survey on distribution testing: Your data is big. But is it blue?},
  author={Canonne, Cl{\'e}ment L},
  journal={Theory of Computing},
  pages={1--100},
  year={2020},
  publisher={Theory of Computing Exchange}
}

@article{diakonikolas2019collision,
  title={Collision-based testers are optimal for uniformity and closeness},
  author={Diakonikolas, Ilias and Gouleakis, Themis and Peebles, John and Price, Eric},
  journal={Chic. J. Theor. Comput. Sci},
  volume={25},
  pages={1--21},
  year={2019}
}


@INPROCEEDINGS{9996689,
  author={Chen, Sitan and Li, Jerry and Huang, Brice and Liu, Allen},
  booktitle={2022 IEEE 63rd Annual Symposium on Foundations of Computer Science (FOCS)}, 
  title={Tight Bounds for Quantum State Certification with Incoherent Measurements}, 
  year={2022},
  volume={},
  number={},
  pages={1205-1213},
  keywords={Computer science;Quantum computing;Protocols;Quantum entanglement;Current measurement;Quantum state;Time measurement;Quantum learning;state certification;property testing;identity testing;instance optimality},
  doi={10.1109/FOCS54457.2022.00118}}

@Inbook{Yu1997,
author="Yu, Bin",
editor="Pollard, David
and Torgersen, Erik
and Yang, Grace L.",
title="Assouad, Fano, and Le Cam",
bookTitle="Festschrift for Lucien Le Cam: Research Papers in Probability and Statistics",
year="1997",
publisher="Springer New York",
address="New York, NY",
pages="423--435",
abstract="This note explores the connections and differences between three commonly used methods for constructing minimax lower bounds in nonparametric estimation problems: Le Cam's, Assouad's and Fano's. Two connections are established between Le Cam's and Assouad's and between Assouad's and Fano's. The three methods are then compared in the context of two estimation problems for a smooth class of densities on [0,1]. The two estimation problems are for the integrated squared first derivatives and for the density function itself.",
isbn="978-1-4612-1880-7",
doi="10.1007/978-1-4612-1880-7_29",
url="https://doi.org/10.1007/978-1-4612-1880-7_29"
}



@inproceedings{anshu2022distributed,
  title={Distributed quantum inner product estimation},
  author={Anshu, Anurag and Landau, Zeph and Liu, Yunchao},
  booktitle={Proceedings of the 54th Annual ACM SIGACT Symposium on Theory of Computing},
  pages={44--51},
  year={2022}
}

@inproceedings{shor1994algorithms,
  title={Algorithms for quantum computation: discrete logarithms and factoring},
  author={Shor, Peter W},
  booktitle={Proceedings 35th annual symposium on foundations of computer science},
  pages={124--134},
  year={1994},
  organization={Ieee}
}

@article{Google2023suppressing,
  title={Suppressing quantum errors by scaling a surface code logical qubit},
  journal={Nature},
  author={google},
  volume={614},
  number={7949},
  pages={676--681},
  year={2023},
  publisher={Nature Publishing Group UK London}
}

@article{lau2022nisq,
  title={NISQ computing: where are we and where do we go?},
  author={Lau, Jonathan Wei Zhong and Lim, Kian Hwee and Shrotriya, Harshank and Kwek, Leong Chuan},
  journal={AAPPS bulletin},
  volume={32},
  number={1},
  pages={27},
  year={2022},
  publisher={Springer}
}

@article{daley2022practical,
  title={Practical quantum advantage in quantum simulation},
  author={Daley, Andrew J and Bloch, Immanuel and Kokail, Christian and Flannigan, Stuart and Pearson, Natalie and Troyer, Matthias and Zoller, Peter},
  journal={Nature},
  volume={607},
  number={7920},
  pages={667--676},
  year={2022},
  publisher={Nature Publishing Group UK London}
}