@article{Clercq2019eHMI,
author = {Koen de Clercq and Andre Dietrich and Juan Pablo Núñez Velasco and Joost de Winter and Riender Happee},
title ={External Human-Machine Interfaces on Automated Vehicles: Effects on Pedestrian Crossing Decisions},

journal = {Human Factors},
volume = {61},
number = {8},
pages = {1353-1370},
year = {2019}
}

@inproceedings{chang2017eyes,
  title={Eyes on a Car: an Interface Design for Communication between an Autonomous Car and a Pedestrian},
  author={Chang, Chia-Ming and Toda, Koki and Sakamoto, Daisuke and Igarashi, Takeo},
  booktitle={Proceedings of the 9th international conference on automotive user interfaces and interactive vehicular applications},
  pages={65--73},
  year={2017}
}

@article{dey2021communicating,
  title={Communicating the intention of an automated vehicle to pedestrians: The contributions of eHMI and vehicle behavior},
  author={Dey, Debargha and Matviienko, Andrii and Berger, Melanie and Pfleging, Bastian and Martens, Marieke and Terken, Jacques},
  journal={it-Information Technology},
  volume={63},
  number={2},
  pages={123--141},
  year={2021},
  publisher={De Gruyter Oldenbourg}
}

@article{faas2020external,
  title={External HMI for self-driving vehicles: Which information shall be displayed?},
  author={Faas, Stefanie M and Mathis, Lesley-Ann and Baumann, Martin},
  journal={Transportation research part F: traffic psychology and behaviour},
  volume={68},
  pages={171--186},
  year={2020},
  publisher={Elsevier}
}

@article{lee2022learning,
  title={Learning to interpret novel eHMI: The effect of vehicle kinematics and eHMI familiarity on pedestrian’crossing behavior},
  author={Lee, Yee Mun and Madigan, Ruth and Uzondu, Chinebuli and Garcia, Jorge and Romano, Richard and Markkula, Gustav and Merat, Natasha},
  journal={Journal of safety research},
  volume={80},
  pages={270--280},
  year={2022},
  publisher={Elsevier}
}

@article{liehr2024you,
  title={Do You Know What’s Going On?--Examining Situation Awareness for Different Communication Concepts of an E-Cargo Bike Autonomous Parking Function},
  author={Liehr, Dorothea and Krei{\ss}ig, Isabel and Siegmund, Jakob and Creutz, Susanne and Mei{\ss}ner, Hendrik and Krems, Josef},
  journal={Human Interaction and Emerging Technologies (IHIET-AI 2024): Artificial Intelligence and Future Applications},
  volume={120},
  number={120},
  year={2024},
  publisher={AHFE Open Acces}
}

@inproceedings{liu2021importance,
  title={Importance of instruction for pedestrian-automated driving vehicle interaction with an external human machine interface: Effects on pedestrians' situation awareness, trust, perceived risks and decision making},
  author={Liu, Hailong and Hirayama, Takatsugu and Watanabe, Masaya},
  booktitle={2021 IEEE Intelligent Vehicles Symposium (IV)},
  pages={748--754},
  year={2021},
  organization={IEEE}
}

@article{liu2024_APMV_eHMI,
author = {Liu,Hailong and Li,Yang and Zeng,Zhe and Cheng,Hao and Peng,Chen and Wada,Takahiro},
title = {Is Silent eHMI Enough? A Passenger-Centric Study on Effective eHMI for Autonomous Personal Mobility Vehicles in the Field},
journal = {International Journal of Human–Computer Interaction},
year = {2024},
}

@inproceedings{liu2024causal,
  title={Causal Discovery from Psychological States to Walking Behaviors for Pedestrians Interacting an APMV Equipped with eHMIs},
  author={Liu, Hailong and Li, Yang and Hiraoka, Toshihiro and Wada, Takahiro},
  booktitle={2024 IEEE Intelligent Vehicles Symposium (IV)},
  pages={2976--2982},
  year={2024},
  organization={IEEE}
}

@article{loew2022go,
  title={Go Ahead, Please!—Evaluation of External Human—Machine Interfaces in a Real-World Crossing Scenario},
  author={Loew, Alexandra and Graefe, Julia and Heil, Lukas and Guthardt, Anne and Boos, Annika and Dietrich, Andr{\'e} and Bengler, Klaus},
  journal={Frontiers in Computer Science},
  volume={4},
  pages={863072},
  year={2022},
  publisher={Frontiers}
}

@article{zhang2024shared,
  title={Shared eHMI: Bridging Human--Machine Understanding in Autonomous Wheelchair Navigation},
  author={Zhang, Xiaochen and Song, Ziyang and Huang, Qianbo and Pan, Ziyi and Li, Wujing and Gong, Ruining and Zhao, Bi},
  journal={Applied Sciences},
  volume={14},
  number={1},
  pages={463},
  year={2024},
  publisher={MDPI}
}

