@inproceedings{llmint8,
  title={LLM.int8(): 8-bit Matrix Multiplication for Transformers at Scale},
  author={Dettmers, Tim and Lewis, Mike and Belkada, Younes and Zettlemoyer, Luke},
  booktitle={Proceedings of the 36th Conference on Neural Information Processing Systems (NeurIPS 2022)},
  year={2022},
  url={https://arxiv.org/abs/2208.07339}
}

@inproceedings{gptq,
  title={GPTQ: Accurate Post-Training Quantization for Generative Pre-trained Transformers},
  author={Frantar, Elias and Ashkboos, Saleh and Hoefler, Torsten and Alistarh, Dan},
  booktitle={Proceedings of the International Conference on Learning Representations (ICLR 2023)},
  year={2023},
  url={https://arxiv.org/abs/2210.17323}
}

@inproceedings{awq,
  title={AWQ: Activation-aware Weight Quantization for LLM Compression and Acceleration},
  author={Lin, Ji and Tang, Jiaming and Tang, Haotian and Yang, Shang and Chen, Wei-Ming and Wang, Wei-Chen and Xiao, Guangxuan and Dang, Xingyu and Gan, Chuang and Han, Song},
  booktitle={Proceedings of the 7th MLSys Conference 2024},
  year={2024},
  address={Santa Clara, CA, USA},
  url={https://arxiv.org/abs/2306.00978}
}

@inproceedings{smoothquant,
  title={SmoothQuant: Accurate and Efficient Post-Training Quantization for Large Language Models},
  author={Xiao, Guangxuan and Lin, Ji and Seznec, Mickael and Wu, Hao and Demouth, Julien and Han, Song},
  booktitle={Proceedings of the 40th International Conference on Machine Learning (ICML 2023)},
  year={2023},
  address={Honolulu, Hawaii, USA},
  series={PMLR 202},
  url={https://arxiv.org/abs/2211.10438}
}

@inproceedings{kivi,
  title = {KIVI: A Tuning-Free Asymmetric 2bit Quantization for KV Cache},
  author = {Liu, Zirui and Yuan, Jiayi and Jin, Hongye and Zhong, Shaochen and Xu, Zhaozhuo and Braverman, Vladimir and Chen, Beidi and Hu, Xia},
  booktitle = {Proceedings of the 41st International Conference on Machine Learning (ICML 2024)},
  year = {2024},
  address = {Vienna, Austria},
  series = {PMLR 235},
  url = {https://arxiv.org/abs/2402.02750}
}

@inproceedings{snapkv,
      title={SnapKV: LLM Knows What You are Looking for Before Generation}, 
      author={Yuhong Li and Yingbing Huang and Bowen Yang and Bharat Venkitesh and Acyr Locatelli and Hanchen Ye and Tianle Cai and Patrick Lewis and Deming Chen},
      booktitle={Proceedings of the 38th Conference on Neural Information Processing Systems (NeurIPS 2024)},
      year={2024},
      url={https://arxiv.org/abs/2404.14469}, 
}


@misc{whitepaperquant,
      title={A White Paper on Neural Network Quantization}, 
      author={Markus Nagel and Marios Fournarakis and Rana Ali Amjad and Yelysei Bondarenko and Mart van Baalen and Tijmen Blankevoort},
      year={2021},
      eprint={2106.08295},
      archivePrefix={arXiv},
      primaryClass={cs.LG},
      url={https://arxiv.org/abs/2106.08295},
}

@inproceedings{deepcompression,
  title={Deep Compression: Compressing Deep Neural Networks with Pruning, Trained Quantization and Huffman Coding},
  author={Han, Song and Mao, Huizi and Dally, William J.},
  booktitle={Proceedings of the International Conference on Learning Representations (ICLR 2016)},
  year={2016},
  note={Oral presentation},
  url={https://arxiv.org/abs/1510.00149}
}

@inproceedings{qlora,
  title={QLoRA: Efficient Finetuning of Quantized LLMs},
  author={Dettmers, Tim and Pagnoni, Artidoro and Holtzman, Ari and Zettlemoyer, Luke},
  booktitle={Proceedings of the 37th Conference on Neural Information Processing Systems (NeurIPS 2023)},
  year={2023},
  url={https://arxiv.org/abs/2305.14314}
}

@inproceedings{svdquant,
  title={SVDQuant: Absorbing Outliers by Low-Rank Components for 4-Bit Diffusion Models},
  author={Li, Muyang and Lin, Yujun and Zhang, Zhekai and Cai, Tianle and Li, Xiuyu and Guo, Junxian and Xie, Enze and Meng, Chenlin and Zhu, Jun-Yan and Han, Song},
  booktitle={Proceedings of the International Conference on Learning Representations (ICLR 2025)},
  year={2025},
  url={https://arxiv.org/abs/2411.05007}
}

@misc{giftsw,
      title={GIFT-SW: Gaussian noise Injected Fine-Tuning of Salient Weights for LLMs}, 
      author={Maxim Zhelnin and Viktor Moskvoretskii and Egor Shvetsov and Egor Venediktov and Mariya Krylova and Aleksandr Zuev and Evgeny Burnaev},
      year={2024},
      eprint={2408.15300},
      archivePrefix={arXiv},
      primaryClass={cs.LG},
      url={https://arxiv.org/abs/2408.15300}, 
}

@inproceedings{kvquant,
  title={KVQuant: Towards 10 Million Context Length LLM Inference with KV Cache Quantization},
  author={Hooper, Coleman and Kim, Sehoon and Mohammadzadeh, Hiva and Mahoney, Michael W. and Shao, Yakun Sophia and Keutzer, Kurt and Gholami, Amir},
  booktitle={Proceedings of the 38th Conference on Neural Information Processing Systems (NeurIPS 2024)},
  year={2024},
  url={https://arxiv.org/abs/2401.18079}
}

@inproceedings{skvq,
  title={SKVQ: Sliding-window Key and Value Cache Quantization for Large Language Models},
  author={Duanmu, Haojie and Yuan, Zhihang and Li, Xiuhong and Duan, Jiangfei and Zhang, Xingcheng and Lin, Dahua},
  booktitle={Proceedings of COLM 2024},
  year={2024},
  url={https://arxiv.org/abs/2405.06219}
}

@misc{qaq,
      title={QAQ: Quality Adaptive Quantization for LLM KV Cache}, 
      author={Shichen Dong and Wen Cheng and Jiayu Qin and Wei Wang},
      year={2024},
      eprint={2403.04643},
      archivePrefix={arXiv},
      primaryClass={cs.CL}
}

@inproceedings{think,
  title={ThinK: Thinner Key Cache by Query-Driven Pruning},
  author={Xu, Yuhui and Jie, Zhanming and Dong, Hanze and Wang, Lei and Lu, Xudong and Zhou, Aojun and Saha, Amrita and Xiong, Caiming and Sahoo, Doyen},
  booktitle={Proceedings of the International Conference on Learning Representations (ICLR 2025)},
  year={2025},
  url={https://arxiv.org/abs/2407.21018}
}

@inproceedings{transformers,
  title={Attention Is All You Need},
  author={Vaswani, Ashish and Shazeer, Noam and Parmar, Niki and Uszkoreit, Jakob and Jones, Llion and Gomez, Aidan N. and Kaiser, Lukasz and Polosukhin, Illia},
  booktitle={Proceedings of the 31st Conference on Neural Information Processing Systems (NeurIPS 2017)},
  year={2017},
  address={Long Beach, CA, USA},
  url={https://arxiv.org/abs/1706.03762}
}

@inproceedings{seq2seq,
  title={Sequence to Sequence Learning with Neural Networks},
  author={Sutskever, Ilya and Vinyals, Oriol and Le, Quoc V.},
  booktitle={Proceedings of the 27th Conference on Neural Information Processing Systems (NeurIPS 2014)},
  year={2014},
  url={https://arxiv.org/abs/1409.3215}
}

@misc{gpt1,
      title={Improving Language Understanding by Generative Pre-Training}, 
      author={Alec Radford and Karthik Narasimhan and Tim Salimans and Ilya Sutskever},
      year={2018},
      url={https://cdn.openai.com/research-covers/language-unsupervised/language_understanding_paper.pdf},
    note={Accessed via OpenAI.},
}

@misc{scalinglaws,
      title={Scaling Laws for Neural Language Models}, 
      author={Jared Kaplan and Sam McCandlish and Tom Henighan and Tom B. Brown and Benjamin Chess and Rewon Child and Scott Gray and Alec Radford and Jeffrey Wu and Dario Amodei},
      year={2020},
      eprint={2001.08361},
      archivePrefix={arXiv},
      primaryClass={cs.LG},
      url={https://arxiv.org/abs/2001.08361}, 
}

@misc{gpt2,
      title={Language Models are Unsupervised Multitask Learners}, 
      author={Alec Radford and Jeffrey Wu and Rewon Child and David Luan and Dario Amodei and Ilya Sutskever},
      year={2019},
      publisher={OpenAI},
      url={https://cdn.openai.com/better-language-models/language_models_are_unsupervised_multitask_learners.pdf},
    note={Accessed via OpenAI.},
}

@inproceedings{gpt3,
  title={Language Models are Few-Shot Learners}, 
  author={Tom B. Brown and Benjamin Mann and Nick Ryder and Melanie Subbiah and Jared Kaplan and Prafulla Dhariwal and Arvind Neelakantan and Pranav Shyam and Girish Sastry and Amanda Askell and Sandhini Agarwal and Ariel Herbert-Voss and Gretchen Krueger and Tom Henighan and Rewon Child and Aditya Ramesh and Daniel M. Ziegler and Jeffrey Wu and Clemens Winter and Christopher Hesse and Mark Chen and Eric Sigler and Mateusz Litwin and Scott Gray and Benjamin Chess and Jack Clark and Christopher Berner and Sam McCandlish and Alec Radford and Ilya Sutskever and Dario Amodei},
  booktitle={Proceedings of the 34th Conference on Neural Information Processing Systems (NeurIPS 2020)},
  year={2020},
  note={Vancouver, Canada},
  url={https://arxiv.org/abs/2005.14165}
}

@misc{gpt4,
      title={GPT-4 Technical Report}, 
      author={OpenAI and Josh Achiam and Steven Adler and Sandhini Agarwal and Lama Ahmad and Ilge Akkaya and Florencia Leoni Aleman and Diogo Almeida and Janko Altenschmidt and Sam Altman and Shyamal Anadkat and Red Avila and Igor Babuschkin and Suchir Balaji and Valerie Balcom and Paul Baltescu and Haiming Bao and Mohammad Bavarian and Jeff Belgum and Irwan Bello and Jake Berdine and Gabriel Bernadett-Shapiro and Christopher Berner and Lenny Bogdonoff and Oleg Boiko and Madelaine Boyd and Anna-Luisa Brakman and Greg Brockman and Tim Brooks and Miles Brundage and Kevin Button and Trevor Cai and Rosie Campbell and Andrew Cann and Brittany Carey and Chelsea Carlson and Rory Carmichael and Brooke Chan and Che Chang and Fotis Chantzis and Derek Chen and Sully Chen and Ruby Chen and Jason Chen and Mark Chen and Ben Chess and Chester Cho and Casey Chu and Hyung Won Chung and Dave Cummings and Jeremiah Currier and Yunxing Dai and Cory Decareaux and Thomas Degry and Noah Deutsch and Damien Deville and Arka Dhar and David Dohan and Steve Dowling and Sheila Dunning and Adrien Ecoffet and Atty Eleti and Tyna Eloundou and David Farhi and Liam Fedus and Niko Felix and Sim√≥n Posada Fishman and Juston Forte and Isabella Fulford and Leo Gao and Elie Georges and Christian Gibson and Vik Goel and Tarun Gogineni and Gabriel Goh and Rapha Gontijo-Lopes and Jonathan Gordon and Morgan Grafstein and Scott Gray and Ryan Greene and Joshua Gross and Shixiang Shane Gu and Yufei Guo and Chris Hallacy and Jesse Han and Jeff Harris and Yuchen He and Mike Heaton and Johannes Heidecke and Chris Hesse and Alan Hickey and Wade Hickey and Peter Hoeschele and Brandon Houghton and Kenny Hsu and Shengli Hu and Xin Hu and Joost Huizinga and Shantanu Jain and Shawn Jain and Joanne Jang and Angela Jiang and Roger Jiang and Haozhun Jin and Denny Jin and Shino Jomoto and Billie Jonn and Heewoo Jun and Tomer Kaftan and ≈Åukasz Kaiser and Ali Kamali and Ingmar Kanitscheider and Nitish Shirish Keskar and Tabarak Khan and Logan Kilpatrick and Jong Wook Kim and Christina Kim and Yongjik Kim and Jan Hendrik Kirchner and Jamie Kiros and Matt Knight and Daniel Kokotajlo and ≈Åukasz Kondraciuk and Andrew Kondrich and Aris Konstantinidis and Kyle Kosic and Gretchen Krueger and Vishal Kuo and Michael Lampe and Ikai Lan and Teddy Lee and Jan Leike and Jade Leung and Daniel Levy and Chak Ming Li and Rachel Lim and Molly Lin and Stephanie Lin and Mateusz Litwin and Theresa Lopez and Ryan Lowe and Patricia Lue and Anna Makanju and Kim Malfacini and Sam Manning and Todor Markov and Yaniv Markovski and Bianca Martin and Katie Mayer and Andrew Mayne and Bob McGrew and Scott Mayer McKinney and Christine McLeavey and Paul McMillan and Jake McNeil and David Medina and Aalok Mehta and Jacob Menick and Luke Metz and Andrey Mishchenko and Pamela Mishkin and Vinnie Monaco and Evan Morikawa and Daniel Mossing and Tong Mu and Mira Murati and Oleg Murk and David M√©ly and Ashvin Nair and Reiichiro Nakano and Rajeev Nayak and Arvind Neelakantan and Richard Ngo and Hyeonwoo Noh and Long Ouyang and Cullen O'Keefe and Jakub Pachocki and Alex Paino and Joe Palermo and Ashley Pantuliano and Giambattista Parascandolo and Joel Parish and Emy Parparita and Alex Passos and Mikhail Pavlov and Andrew Peng and Adam Perelman and Filipe de Avila Belbute Peres and Michael Petrov and Henrique Ponde de Oliveira Pinto and Michael and Pokorny and Michelle Pokrass and Vitchyr H. Pong and Tolly Powell and Alethea Power and Boris Power and Elizabeth Proehl and Raul Puri and Alec Radford and Jack Rae and Aditya Ramesh and Cameron Raymond and Francis Real and Kendra Rimbach and Carl Ross and Bob Rotsted and Henri Roussez and Nick Ryder and Mario Saltarelli and Ted Sanders and Shibani Santurkar and Girish Sastry and Heather Schmidt and David Schnurr and John Schulman and Daniel Selsam and Kyla Sheppard and Toki Sherbakov and Jessica Shieh and Sarah Shoker and Pranav Shyam and Szymon Sidor and Eric Sigler and Maddie Simens and Jordan Sitkin and Katarina Slama and Ian Sohl and Benjamin Sokolowsky and Yang Song and Natalie Staudacher and Felipe Petroski Such and Natalie Summers and Ilya Sutskever and Jie Tang and Nikolas Tezak and Madeleine B. Thompson and Phil Tillet and Amin Tootoonchian and Elizabeth Tseng and Preston Tuggle and Nick Turley and Jerry Tworek and Juan Felipe Cer√≥n Uribe and Andrea Vallone and Arun Vijayvergiya and Chelsea Voss and Carroll Wainwright and Justin Jay Wang and Alvin Wang and Ben Wang and Jonathan Ward and Jason Wei and CJ Weinmann and Akila Welihinda and Peter Welinder and Jiayi Weng and Lilian Weng and Matt Wiethoff and Dave Willner and Clemens Winter and Samuel Wolrich and Hannah Wong and Lauren Workman and Sherwin Wu and Jeff Wu and Michael Wu and Kai Xiao and Tao Xu and Sarah Yoo and Kevin Yu and Qiming Yuan and Wojciech Zaremba and Rowan Zellers and Chong Zhang and Marvin Zhang and Shengjia Zhao and Tianhao Zheng and Juntang Zhuang and William Zhuk and Barret Zoph},
      year={2024},
      eprint={2303.08774},
      archivePrefix={arXiv},
      primaryClass={cs.CL},
      url={https://arxiv.org/abs/2303.08774}, 
}

@misc{llama2,
      title={Llama 2: Open Foundation and Fine-Tuned Chat Models}, 
      author={Hugo Touvron and Louis Martin and Kevin Stone and Peter Albert and Amjad Almahairi and Yasmine Babaei and Nikolay Bashlykov and Soumya Batra and Prajjwal Bhargava and Shruti Bhosale and Dan Bikel and Lukas Blecher and Cristian Canton Ferrer and Moya Chen and Guillem Cucurull and David Esiobu and Jude Fernandes and Jeremy Fu and Wenyin Fu and Brian Fuller and Cynthia Gao and Vedanuj Goswami and Naman Goyal and Anthony Hartshorn and Saghar Hosseini and Rui Hou and Hakan Inan and Marcin Kardas and Viktor Kerkez and Madian Khabsa and Isabel Kloumann and Artem Korenev and Punit Singh Koura and Marie-Anne Lachaux and Thibaut Lavril and Jenya Lee and Diana Liskovich and Yinghai Lu and Yuning Mao and Xavier Martinet and Todor Mihaylov and Pushkar Mishra and Igor Molybog and Yixin Nie and Andrew Poulton and Jeremy Reizenstein and Rashi Rungta and Kalyan Saladi and Alan Schelten and Ruan Silva and Eric Michael Smith and Ranjan Subramanian and Xiaoqing Ellen Tan and Binh Tang and Ross Taylor and Adina Williams and Jian Xiang Kuan and Puxin Xu and Zheng Yan and Iliyan Zarov and Yuchen Zhang and Angela Fan and Melanie Kambadur and Sharan Narang and Aurelien Rodriguez and Robert Stojnic and Sergey Edunov and Thomas Scialom},
      year={2023},
      eprint={2307.09288},
      archivePrefix={arXiv},
      primaryClass={cs.CL},
      url={https://arxiv.org/abs/2307.09288}, 
}

@misc{llama3,
      title={The Llama 3 Herd of Models}, 
      author={Aaron Grattafiori and Abhimanyu Dubey and Abhinav Jauhri and Abhinav Pandey and Abhishek Kadian and Ahmad Al-Dahle and Aiesha Letman and Akhil Mathur and Alan Schelten and Alex Vaughan and Amy Yang and Angela Fan and Anirudh Goyal and Anthony Hartshorn and Aobo Yang and Archi Mitra and Archie Sravankumar and Artem Korenev and Arthur Hinsvark and Arun Rao and Aston Zhang and Aurelien Rodriguez and Austen Gregerson and Ava Spataru and Baptiste Roziere and Bethany Biron and Binh Tang and Bobbie Chern and Charlotte Caucheteux and Chaya Nayak and Chloe Bi and Chris Marra and Chris McConnell and Christian Keller and Christophe Touret and Chunyang Wu and Corinne Wong and Cristian Canton Ferrer and Cyrus Nikolaidis and Damien Allonsius and Daniel Song and Danielle Pintz and Danny Livshits and Danny Wyatt and David Esiobu and Dhruv Choudhary and Dhruv Mahajan and Diego Garcia-Olano and Diego Perino and Dieuwke Hupkes and Egor Lakomkin and Ehab AlBadawy and Elina Lobanova and Emily Dinan and Eric Michael Smith and Filip Radenovic and Francisco Guzm√°n and Frank Zhang and Gabriel Synnaeve and Gabrielle Lee and Georgia Lewis Anderson and Govind Thattai and Graeme Nail and Gregoire Mialon and Guan Pang and Guillem Cucurell and Hailey Nguyen and Hannah Korevaar and Hu Xu and Hugo Touvron and Iliyan Zarov and Imanol Arrieta Ibarra and Isabel Kloumann and Ishan Misra and Ivan Evtimov and Jack Zhang and Jade Copet and Jaewon Lee and Jan Geffert and Jana Vranes and Jason Park and Jay Mahadeokar and Jeet Shah and Jelmer van der Linde and Jennifer Billock and Jenny Hong and Jenya Lee and Jeremy Fu and Jianfeng Chi and Jianyu Huang and Jiawen Liu and Jie Wang and Jiecao Yu and Joanna Bitton and Joe Spisak and Jongsoo Park and Joseph Rocca and Joshua Johnstun and Joshua Saxe and Junteng Jia and Kalyan Vasuden Alwala and Karthik Prasad and Kartikeya Upasani and Kate Plawiak and Ke Li and Kenneth Heafield and Kevin Stone and Khalid El-Arini and Krithika Iyer and Kshitiz Malik and Kuenley Chiu and Kunal Bhalla and Kushal Lakhotia and Lauren Rantala-Yeary and Laurens van der Maaten and Lawrence Chen and Liang Tan and Liz Jenkins and Louis Martin and Lovish Madaan and Lubo Malo and Lukas Blecher and Lukas Landzaat and Luke de Oliveira and Madeline Muzzi and Mahesh Pasupuleti and Mannat Singh and Manohar Paluri and Marcin Kardas and Maria Tsimpoukelli and Mathew Oldham and Mathieu Rita and Maya Pavlova and Melanie Kambadur and Mike Lewis and Min Si and Mitesh Kumar Singh and Mona Hassan and Naman Goyal and Narjes Torabi and Nikolay Bashlykov and Nikolay Bogoychev and Niladri Chatterji and Ning Zhang and Olivier Duchenne and Onur √áelebi and Patrick Alrassy and Pengchuan Zhang and Pengwei Li and Petar Vasic and Peter Weng and Prajjwal Bhargava and Pratik Dubal and Praveen Krishnan and Punit Singh Koura and Puxin Xu and Qing He and Qingxiao Dong and Ragavan Srinivasan and Raj Ganapathy and Ramon Calderer and Ricardo Silveira Cabral and Robert Stojnic and Roberta Raileanu and Rohan Maheswari and Rohit Girdhar and Rohit Patel and Romain Sauvestre and Ronnie Polidoro and Roshan Sumbaly and Ross Taylor and Ruan Silva and Rui Hou and Rui Wang and Saghar Hosseini and Sahana Chennabasappa and Sanjay Singh and Sean Bell and Seohyun Sonia Kim and Sergey Edunov and Shaoliang Nie and Sharan Narang and Sharath Raparthy and Sheng Shen and Shengye Wan and Shruti Bhosale and Shun Zhang and Simon Vandenhende and Soumya Batra and Spencer Whitman and Sten Sootla and Stephane Collot and Suchin Gururangan and Sydney Borodinsky and Tamar Herman and Tara Fowler and Tarek Sheasha and Thomas Georgiou and Thomas Scialom and Tobias Speckbacher and Todor Mihaylov and Tong Xiao and Ujjwal Karn and Vedanuj Goswami and Vibhor Gupta and Vignesh Ramanathan and Viktor Kerkez and Vincent Gonguet and Virginie Do and Vish Vogeti and V√≠tor Albiero and Vladan Petrovic and Weiwei Chu and Wenhan Xiong and Wenyin Fu and Whitney Meers and Xavier Martinet and Xiaodong Wang and Xiaofang Wang and Xiaoqing Ellen Tan and Xide Xia and Xinfeng Xie and Xuchao Jia and Xuewei Wang and Yaelle Goldschlag and Yashesh Gaur and Yasmine Babaei and Yi Wen and Yiwen Song and Yuchen Zhang and Yue Li and Yuning Mao and Zacharie Delpierre Coudert and Zheng Yan and Zhengxing Chen and Zoe Papakipos and Aaditya Singh and Aayushi Srivastava and Abha Jain and Adam Kelsey and Adam Shajnfeld and Adithya Gangidi and Adolfo Victoria and Ahuva Goldstand and Ajay Menon and Ajay Sharma and Alex Boesenberg and Alexei Baevski and Allie Feinstein and Amanda Kallet and Amit Sangani and Amos Teo and Anam Yunus and Andrei Lupu and Andres Alvarado and Andrew Caples and Andrew Gu and Andrew Ho and Andrew Poulton and Andrew Ryan and Ankit Ramchandani and Annie Dong and Annie Franco and Anuj Goyal and Aparajita Saraf and Arkabandhu Chowdhury and Ashley Gabriel and Ashwin Bharambe and Assaf Eisenman and Azadeh Yazdan and Beau James and Ben Maurer and Benjamin Leonhardi and Bernie Huang and Beth Loyd and Beto De Paola and Bhargavi Paranjape and Bing Liu and Bo Wu and Boyu Ni and Braden Hancock and Bram Wasti and Brandon Spence and Brani Stojkovic and Brian Gamido and Britt Montalvo and Carl Parker and Carly Burton and Catalina Mejia and Ce Liu and Changhan Wang and Changkyu Kim and Chao Zhou and Chester Hu and Ching-Hsiang Chu and Chris Cai and Chris Tindal and Christoph Feichtenhofer and Cynthia Gao and Damon Civin and Dana Beaty and Daniel Kreymer and Daniel Li and David Adkins and David Xu and Davide Testuggine and Delia David and Devi Parikh and Diana Liskovich and Didem Foss and Dingkang Wang and Duc Le and Dustin Holland and Edward Dowling and Eissa Jamil and Elaine Montgomery and Eleonora Presani and Emily Hahn and Emily Wood and Eric-Tuan Le and Erik Brinkman and Esteban Arcaute and Evan Dunbar and Evan Smothers and Fei Sun and Felix Kreuk and Feng Tian and Filippos Kokkinos and Firat Ozgenel and Francesco Caggioni and Frank Kanayet and Frank Seide and Gabriela Medina Florez and Gabriella Schwarz and Gada Badeer and Georgia Swee and Gil Halpern and Grant Herman and Grigory Sizov and Guangyi and Zhang and Guna Lakshminarayanan and Hakan Inan and Hamid Shojanazeri and Han Zou and Hannah Wang and Hanwen Zha and Haroun Habeeb and Harrison Rudolph and Helen Suk and Henry Aspegren and Hunter Goldman and Hongyuan Zhan and Ibrahim Damlaj and Igor Molybog and Igor Tufanov and Ilias Leontiadis and Irina-Elena Veliche and Itai Gat and Jake Weissman and James Geboski and James Kohli and Janice Lam and Japhet Asher and Jean-Baptiste Gaya and Jeff Marcus and Jeff Tang and Jennifer Chan and Jenny Zhen and Jeremy Reizenstein and Jeremy Teboul and Jessica Zhong and Jian Jin and Jingyi Yang and Joe Cummings and Jon Carvill and Jon Shepard and Jonathan McPhie and Jonathan Torres and Josh Ginsburg and Junjie Wang and Kai Wu and Kam Hou U and Karan Saxena and Kartikay Khandelwal and Katayoun Zand and Kathy Matosich and Kaushik Veeraraghavan and Kelly Michelena and Keqian Li and Kiran Jagadeesh and Kun Huang and Kunal Chawla and Kyle Huang and Lailin Chen and Lakshya Garg and Lavender A and Leandro Silva and Lee Bell and Lei Zhang and Liangpeng Guo and Licheng Yu and Liron Moshkovich and Luca Wehrstedt and Madian Khabsa and Manav Avalani and Manish Bhatt and Martynas Mankus and Matan Hasson and Matthew Lennie and Matthias Reso and Maxim Groshev and Maxim Naumov and Maya Lathi and Meghan Keneally and Miao Liu and Michael L. Seltzer and Michal Valko and Michelle Restrepo and Mihir Patel and Mik Vyatskov and Mikayel Samvelyan and Mike Clark and Mike Macey and Mike Wang and Miquel Jubert Hermoso and Mo Metanat and Mohammad Rastegari and Munish Bansal and Nandhini Santhanam and Natascha Parks and Natasha White and Navyata Bawa and Nayan Singhal and Nick Egebo and Nicolas Usunier and Nikhil Mehta and Nikolay Pavlovich Laptev and Ning Dong and Norman Cheng and Oleg Chernoguz and Olivia Hart and Omkar Salpekar and Ozlem Kalinli and Parkin Kent and Parth Parekh and Paul Saab and Pavan Balaji and Pedro Rittner and Philip Bontrager and Pierre Roux and Piotr Dollar and Polina Zvyagina and Prashant Ratanchandani and Pritish Yuvraj and Qian Liang and Rachad Alao and Rachel Rodriguez and Rafi Ayub and Raghotham Murthy and Raghu Nayani and Rahul Mitra and Rangaprabhu Parthasarathy and Raymond Li and Rebekkah Hogan and Robin Battey and Rocky Wang and Russ Howes and Ruty Rinott and Sachin Mehta and Sachin Siby and Sai Jayesh Bondu and Samyak Datta and Sara Chugh and Sara Hunt and Sargun Dhillon and Sasha Sidorov and Satadru Pan and Saurabh Mahajan and Saurabh Verma and Seiji Yamamoto and Sharadh Ramaswamy and Shaun Lindsay and Shaun Lindsay and Sheng Feng and Shenghao Lin and Shengxin Cindy Zha and Shishir Patil and Shiva Shankar and Shuqiang Zhang and Shuqiang Zhang and Sinong Wang and Sneha Agarwal and Soji Sajuyigbe and Soumith Chintala and Stephanie Max and Stephen Chen and Steve Kehoe and Steve Satterfield and Sudarshan Govindaprasad and Sumit Gupta and Summer Deng and Sungmin Cho and Sunny Virk and Suraj Subramanian and Sy Choudhury and Sydney Goldman and Tal Remez and Tamar Glaser and Tamara Best and Thilo Koehler and Thomas Robinson and Tianhe Li and Tianjun Zhang and Tim Matthews and Timothy Chou and Tzook Shaked and Varun Vontimitta and Victoria Ajayi and Victoria Montanez and Vijai Mohan and Vinay Satish Kumar and Vishal Mangla and Vlad Ionescu and Vlad Poenaru and Vlad Tiberiu Mihailescu and Vladimir Ivanov and Wei Li and Wenchen Wang and Wenwen Jiang and Wes Bouaziz and Will Constable and Xiaocheng Tang and Xiaojian Wu and Xiaolan Wang and Xilun Wu and Xinbo Gao and Yaniv Kleinman and Yanjun Chen and Ye Hu and Ye Jia and Ye Qi and Yenda Li and Yilin Zhang and Ying Zhang and Yossi Adi and Youngjin Nam and Yu and Wang and Yu Zhao and Yuchen Hao and Yundi Qian and Yunlu Li and Yuzi He and Zach Rait and Zachary DeVito and Zef Rosnbrick and Zhaoduo Wen and Zhenyu Yang and Zhiwei Zhao and Zhiyu Ma},
      year={2024},
      eprint={2407.21783},
      archivePrefix={arXiv},
      primaryClass={cs.AI},
      url={https://arxiv.org/abs/2407.21783}, 
}

@misc{phi4,
      title={Phi-4 Technical Report}, 
      author={Marah Abdin and Jyoti Aneja and Harkirat Behl and S√©bastien Bubeck and Ronen Eldan and Suriya Gunasekar and Michael Harrison and Russell J. Hewett and Mojan Javaheripi and Piero Kauffmann and James R. Lee and Yin Tat Lee and Yuanzhi Li and Weishung Liu and Caio C. T. Mendes and Anh Nguyen and Eric Price and Gustavo de Rosa and Olli Saarikivi and Adil Salim and Shital Shah and Xin Wang and Rachel Ward and Yue Wu and Dingli Yu and Cyril Zhang and Yi Zhang},
      year={2024},
      eprint={2412.08905},
      archivePrefix={arXiv},
      primaryClass={cs.CL},
      url={https://arxiv.org/abs/2412.08905}, 
}

@misc{mistrallarge2,
  title={Mistral Large 2},
  author={Mistral-AI},
  year={2023},
  note={Mistral Large is a state-of-the-art language model reportedly featuring 30 billion parameters.},
  url={https://mistral.ai/en/news/mistral-large-2407?c=workana}
}

@misc{deepseekv3,
  title={DeepSeek-V3 Technical Report},
  author={DeepSeek-AI},
  year={2023},
  note={DeepSeek-V3 scales language models to over 600 billion parameters, pushing the limits of language understanding and generation capabilities.}
}

@article{efficientllm,
  title={Efficient Large Language Models: A Survey},
  author={Wan, Zhongwei and Wang, Xin and Liu, Che and Alam, Samiul and Zheng, Yu and Liu, Jiachen and Qu, Zhongnan and Yan, Shen and Zhu, Yi and Zhang, Quanlu and Chowdhury, Mosharaf and Zhang, Mi},
  journal={Transactions on Machine Learning Research (TMLR 2024)},
  month={May},
  year={2024},
  url={https://arxiv.org/abs/2312.03863}
}

@inproceedings{cot,
  title={Chain-of-Thought Prompting Elicits Reasoning in Large Language Models},
  author={Wei, Jason and Wang, Xuezhi and Schuurmans, Dale and Bosma, Maarten and Ichter, Brian and Xia, Fei and Chi, Ed and Le, Quoc and Zhou, Denny},
  booktitle={Proceedings of the 36th Conference on Neural Information Processing Systems (NeurIPS 2022)},
  year={2022},
  url={https://arxiv.org/abs/2201.11903}
}

@misc{inferencetimescale,
  title={Learning to Reason with LLMs},
  author={OpenAI},
  year={2024},
  note={URL: \url{https://openai.com/index/learnin g-to-reason-with-llms/}},
}

@misc{geminiflash2,
  title={Gemini 2.0 Flash},
  author={Google DeepMind},
  year={2025},
  note={Accessed via DeepMind Technologies.},
  url={https://deepmind.google/technologies/gemini/flash/},
}

@misc{openaio1,
  title={OpenAI O1 System Card},
  author={OpenAI},
  year={2024},
  note={Accessed via OpenAI.},
  url={https://cdn.openai.com/o1-system-card.pdf}
}

@misc{openaio3mini,
  title={OpenAI O3-mini},
  author={OpenAI},
  year={2025},
  note={Accessed via OpenAI.},
  url={https://openai.com/index/openai-o3-mini/}
}

@misc{deepseekr1,
      title={DeepSeek-R1: Incentivizing Reasoning Capability in LLMs via Reinforcement Learning}, 
      author={DeepSeek-AI and Daya Guo and Dejian Yang and Haowei Zhang and Junxiao Song and Ruoyu Zhang and Runxin Xu and Qihao Zhu and Shirong Ma and Peiyi Wang and Xiao Bi and Xiaokang Zhang and Xingkai Yu and Yu Wu and Z. F. Wu and Zhibin Gou and Zhihong Shao and Zhuoshu Li and Ziyi Gao and Aixin Liu and Bing Xue and Bingxuan Wang and Bochao Wu and Bei Feng and Chengda Lu and Chenggang Zhao and Chengqi Deng and Chenyu Zhang and Chong Ruan and Damai Dai and Deli Chen and Dongjie Ji and Erhang Li and Fangyun Lin and Fucong Dai and Fuli Luo and Guangbo Hao and Guanting Chen and Guowei Li and H. Zhang and Han Bao and Hanwei Xu and Haocheng Wang and Honghui Ding and Huajian Xin and Huazuo Gao and Hui Qu and Hui Li and Jianzhong Guo and Jiashi Li and Jiawei Wang and Jingchang Chen and Jingyang Yuan and Junjie Qiu and Junlong Li and J. L. Cai and Jiaqi Ni and Jian Liang and Jin Chen and Kai Dong and Kai Hu and Kaige Gao and Kang Guan and Kexin Huang and Kuai Yu and Lean Wang and Lecong Zhang and Liang Zhao and Litong Wang and Liyue Zhang and Lei Xu and Leyi Xia and Mingchuan Zhang and Minghua Zhang and Minghui Tang and Meng Li and Miaojun Wang and Mingming Li and Ning Tian and Panpan Huang and Peng Zhang and Qiancheng Wang and Qinyu Chen and Qiushi Du and Ruiqi Ge and Ruisong Zhang and Ruizhe Pan and Runji Wang and R. J. Chen and R. L. Jin and Ruyi Chen and Shanghao Lu and Shangyan Zhou and Shanhuang Chen and Shengfeng Ye and Shiyu Wang and Shuiping Yu and Shunfeng Zhou and Shuting Pan and S. S. Li and Shuang Zhou and Shaoqing Wu and Shengfeng Ye and Tao Yun and Tian Pei and Tianyu Sun and T. Wang and Wangding Zeng and Wanjia Zhao and Wen Liu and Wenfeng Liang and Wenjun Gao and Wenqin Yu and Wentao Zhang and W. L. Xiao and Wei An and Xiaodong Liu and Xiaohan Wang and Xiaokang Chen and Xiaotao Nie and Xin Cheng and Xin Liu and Xin Xie and Xingchao Liu and Xinyu Yang and Xinyuan Li and Xuecheng Su and Xuheng Lin and X. Q. Li and Xiangyue Jin and Xiaojin Shen and Xiaosha Chen and Xiaowen Sun and Xiaoxiang Wang and Xinnan Song and Xinyi Zhou and Xianzu Wang and Xinxia Shan and Y. K. Li and Y. Q. Wang and Y. X. Wei and Yang Zhang and Yanhong Xu and Yao Li and Yao Zhao and Yaofeng Sun and Yaohui Wang and Yi Yu and Yichao Zhang and Yifan Shi and Yiliang Xiong and Ying He and Yishi Piao and Yisong Wang and Yixuan Tan and Yiyang Ma and Yiyuan Liu and Yongqiang Guo and Yuan Ou and Yuduan Wang and Yue Gong and Yuheng Zou and Yujia He and Yunfan Xiong and Yuxiang Luo and Yuxiang You and Yuxuan Liu and Yuyang Zhou and Y. X. Zhu and Yanhong Xu and Yanping Huang and Yaohui Li and Yi Zheng and Yuchen Zhu and Yunxian Ma and Ying Tang and Yukun Zha and Yuting Yan and Z. Z. Ren and Zehui Ren and Zhangli Sha and Zhe Fu and Zhean Xu and Zhenda Xie and Zhengyan Zhang and Zhewen Hao and Zhicheng Ma and Zhigang Yan and Zhiyu Wu and Zihui Gu and Zijia Zhu and Zijun Liu and Zilin Li and Ziwei Xie and Ziyang Song and Zizheng Pan and Zhen Huang and Zhipeng Xu and Zhongyu Zhang and Zhen Zhang},
      year={2025},
      eprint={2501.12948},
      archivePrefix={arXiv},
      primaryClass={cs.CL},
      url={https://arxiv.org/abs/2501.12948}, 
}

@misc{nvidiablackwell,
  title={Blackwell Architecture},
  author={NVIDIA},
  year={2025},
  url={https://www.nvidia.com/en-us/data-center/technologies/blackwell-architecture/}
}

@inproceedings{quantizationtrainingneuralnetworks,
  title={Quantization and Training of Neural Networks for Efficient Integer-Arithmetic-Only Inference},
  author={Jacob, Benoit and Kligys, Skirmantas and Chen, Bo and Zhu, Menglong and Tang, Matthew and Howard, Andrew and Adam, Hartwig and Kalenichenko, Dmitry},
  booktitle={Proceedings of the IEEE Conference on Computer Vision and Pattern Recognition (CVPR 2017)},
  year={2017},
  url={https://arxiv.org/abs/1712.05877}
}

@inproceedings{datafreequantizationweightequalization,
  title={Data-Free Quantization Through Weight Equalization and Bias Correction},
  author={Nagel, Markus and van Baalen, Mart and Blankevoort, Tijmen and Welling, Max},
  booktitle={Proceedings of the IEEE/CVF International Conference on Computer Vision (ICCV 2019)},
  year={2019},
  url={https://arxiv.org/abs/1906.04721}
}

@inproceedings{surveyquantizationmethodsefficient,
      title={A Survey of Quantization Methods for Efficient Neural Network Inference}, 
      author={Amir Gholami and Sehoon Kim and Zhen Dong and Zhewei Yao and Michael W. Mahoney and Kurt Keutzer},
      booktitle={Low-Power Computer Vision},
     year={2022},
     publisher={Chapman and Hall/CRC},
      url={https://arxiv.org/abs/2103.13630}, 
}

@inproceedings{obq,
  title={Optimal Brain Compression: A Framework for Accurate Post-Training Quantization and Pruning},
  author={Frantar, Elias and Singh, Sidak Pal and Alistarh, Dan},
  booktitle={Proceedings of the 36th Conference on Neural Information Processing Systems (NeurIPS 2022)},
  year={2023},
  url={https://arxiv.org/abs/2208.11580}
}

@inproceedings{omniquant,
  title={OmniQuant: Omnidirectionally Calibrated Quantization for Large Language Models},
  author={Shao, Wenqi and Chen, Mengzhao and Zhang, Zhaoyang and Xu, Peng and Zhao, Lirui and Li, Zhiqian and Zhang, Kaipeng and Gao, Peng and Qiao, Yu and Luo, Ping},
  booktitle={Proceedings of the International Conference on Learning Representations (ICLR 2024)},
  year={2024},
  url={https://arxiv.org/abs/2308.13137}
}

@misc{wkvquant,
      title={WKVQuant: Quantizing Weight and Key/Value Cache for Large Language Models Gains More}, 
      author={Yuxuan Yue and Zhihang Yuan and Haojie Duanmu and Sifan Zhou and Jianlong Wu and Liqiang Nie},
      year={2024},
      eprint={2402.12065},
      archivePrefix={arXiv},
      primaryClass={cs.LG},
      url={https://arxiv.org/abs/2402.12065}, 
}

@inproceedings{efficientlyscalingtransformerinference,
  title={Efficiently Scaling Transformer Inference},
  author={Pope, Reiner and Douglas, Sholto and Chowdhery, Aakanksha and Devlin, Jacob and Bradbury, James and Levskaya, Anselm and Heek, Jonathan and Xiao, Kefan and Agrawal, Shivani and Dean, Jeff},
  booktitle={Proceedings of the 6th MLSys Conference 2023},
  year={2023},
  address={Miami Beach, FL, USA},
  url={https://www.arxiv.org/abs/2211.05102},
  note={Copyright 2023 by the author(s)}
}

@misc{kvcachequantsurvey,
      title={A Survey on Large Language Model Acceleration based on KV Cache Management}, 
      author={Haoyang Li and Yiming Li and Anxin Tian and Tianhao Tang and Zhanchao Xu and Xuejia Chen and Nicole Hu and Wei Dong and Qing Li and Lei Chen},
      year={2025},
      eprint={2412.19442},
      archivePrefix={arXiv},
      primaryClass={cs.AI},
      url={https://arxiv.org/abs/2412.19442}, 
}

@inproceedings{zeroquant,
  title={ZeroQuant: Efficient and Affordable Post-Training Quantization for Large-Scale Transformers},
  author={Yao, Zhewei and Aminabadi, Reza Yazdani and Zhang, Minjia and Wu, Xiaoxia and Li, Conglong and He, Yuxiong},
  booktitle={Proceedings of the 36th Conference on Neural Information Processing Systems (NeurIPS 2022)},
  year={2022},
  url={https://arxiv.org/abs/2206.01861}
}

@inproceedings{flexgen,
  title={FlexGen: High-Throughput Generative Inference of Large Language Models with a Single GPU},
  author={Sheng, Ying and Zheng, Lianmin and Yuan, Binhang and Li, Zhuohan and Ryabinin, Max and Fu, Daniel Y. and Xie, Zhiqiang and Chen, Beidi and Barrett, Clark and Gonzalez, Joseph E. and Liang, Percy and R√©, Christopher and Stoica, Ion and Zhang, Ce},
  booktitle={Proceedings of the 40th International Conference on Machine Learning (ICML 2023)},
  year={2023},
  address={Honolulu, Hawaii, USA},
  series={PMLR 202},
  url={https://arxiv.org/abs/2303.06865},
  note={Copyright 2023 by the author(s)}
}

@inproceedings{mmlu,
  title={Measuring Massive Multitask Language Understanding},
  author={Hendrycks, Dan and Burns, Collin and Basart, Steven and Zou, Andy and Mazeika, Mantas and Song, Dawn and Steinhardt, Jacob},
  booktitle={Proceedings of the International Conference on Learning Representations (ICLR 2021)},
  year={2021},
  url={https://arxiv.org/abs/2009.03300}
}

@misc{gsm8k,
      title={Training Verifiers to Solve Math Word Problems}, 
      author={Karl Cobbe and Vineet Kosaraju and Mohammad Bavarian and Mark Chen and Heewoo Jun and Lukasz Kaiser and Matthias Plappert and Jerry Tworek and Jacob Hilton and Reiichiro Nakano and Christopher Hesse and John Schulman},
      year={2021},
      eprint={2110.14168},
      archivePrefix={arXiv},
      primaryClass={cs.LG},
      url={https://arxiv.org/abs/2110.14168}, 
}

@misc{c4,
      title={Documenting Large Webtext Corpora: A Case Study on the Colossal Clean Crawled Corpus}, 
      author={Jesse Dodge and Maarten Sap and Ana Marasoviƒá and William Agnew and Gabriel Ilharco and Dirk Groeneveld and Margaret Mitchell and Matt Gardner},
      year={2021},
      eprint={2104.08758},
      archivePrefix={arXiv},
      primaryClass={cs.CL},
      url={https://arxiv.org/abs/2104.08758}, 
}


@article{elhage2021mathematical,
  title={A Mathematical Framework for Transformer Circuits},
  author={Elhage, Nelson and Nanda, Neel and Olsson, Catherine and Henighan, Tom and Joseph, Nicholas and Mann, Ben and Askell, Amanda and Bai, Yuntao and Chen, Anna and Conerly, Tom and others},
  journal={Transformer Circuits Thread},
  year={2021},
  month={Dec},
  url={https://transformer-circuits.pub/2021/framework/index.html}
}
