@article{Hanauer2015SupportingIR,
  title={Supporting information retrieval from electronic health records: A report of University of Michigan's nine-year experience in developing and using the Electronic Medical Record Search Engine (EMERSE)},
  author={David A. Hanauer and Qiaozhu Mei and James Law and Ritu Khanna and Kai Zheng},
  journal={Journal of biomedical informatics},
  year={2015},
  volume={55},
  pages={
          290-300
        },
  url={https://api.semanticscholar.org/CorpusID:15425858}
}

@article{Jiang2023Mistral7,
  title={Mistral 7B},
  author={Albert Qiaochu Jiang and Alexandre Sablayrolles and Arthur Mensch and Chris Bamford and Devendra Singh Chaplot and Diego de Las Casas and Florian Bressand and Gianna Lengyel and Guillaume Lample and Lucile Saulnier and L'elio Renard Lavaud and Marie-Anne Lachaux and Pierre Stock and Teven Le Scao and Thibaut Lavril and Thomas Wang and Timoth{\'e}e Lacroix and William El Sayed},
  journal={ArXiv},
  year={2023},
  volume={abs/2310.06825},
  url={https://api.semanticscholar.org/CorpusID:263830494}
}

@inproceedings{Lanz2024ParagraphRF,
  title={Paragraph Retrieval for Enhanced Question Answering in Clinical Documents},
  author={Vojtech Lanz and Pavel Pecina},
  booktitle={Workshop on Biomedical Natural Language Processing},
  year={2024},
  url={https://api.semanticscholar.org/CorpusID:271769434}
}

@article{Li2023TowardsGT,
  title={Towards General Text Embeddings with Multi-stage Contrastive Learning},
  author={Zehan Li and Xin Zhang and Yanzhao Zhang and Dingkun Long and Pengjun Xie and Meishan Zhang},
  journal={ArXiv},
  year={2023},
  volume={abs/2308.03281},
  url={https://api.semanticscholar.org/CorpusID:260682258}
}

@article{Liu2020ImplementationOA,
  title={Implementation of a Cohort Retrieval System for Clinical Data Repositories Using the Observational Medical Outcomes Partnership Common Data Model: Proof-of-Concept System Validation},
  author={Sijia Liu and Yanshan Wang and Andrew Wen and Liwei Wang and Na Hong and Feichen Shen and Steven Bedrick and William R. Hersh and Hongfang Liu},
  journal={JMIR Medical Informatics},
  year={2020},
  volume={8},
  url={https://api.semanticscholar.org/CorpusID:222152273}
}

@article{Ma2023FineTuningLF,
  title={Fine-Tuning LLaMA for Multi-Stage Text Retrieval},
  author={Xueguang Ma and Liang Wang and Nan Yang and Furu Wei and Jimmy Lin},
  journal={ArXiv},
  year={2023},
  volume={abs/2310.08319},
  url={https://api.semanticscholar.org/CorpusID:263908865}
}

@article{Myers2024LessonsLO,
  title={Lessons Learned on Information Retrieval in Electronic Health Records: A Comparison of Embedding Models and Pooling Strategies},
  author={Skatje Myers and Timothy A. Miller and Yanjun Gao and Matthew M. Churpek and Anoop M. Mayampurath and Dmitriy Dligach and Majid Afshar},
  journal={Journal of the American Medical Informatics Association : JAMIA},
  year={2024},
  url={https://api.semanticscholar.org/CorpusID:272827405}
}

@inproceedings{Pampari2018emrQAAL,
  title={emrQA: A Large Corpus for Question Answering on Electronic Medical Records},
  author={Anusri Pampari and Preethi Raghavan and Jennifer J. Liang and Jian Peng},
  booktitle={Conference on Empirical Methods in Natural Language Processing},
  year={2018},
  url={https://api.semanticscholar.org/CorpusID:52158121}
}

@article{Ping2021ResearchOS,
  title={Research on Search Ranking Technology of Chinese Electronic Medical Record Based on Adarank},
  author={Zhang Ping and Wu Jinfa},
  journal={2021 18th International Computer Conference on Wavelet Active Media Technology and Information Processing (ICCWAMTIP)},
  year={2021},
  pages={63-70},
  url={https://api.semanticscholar.org/CorpusID:246038817}
}

@article{Savova2010MayoCT,
  title={Mayo clinical Text Analysis and Knowledge Extraction System (cTAKES): architecture, component evaluation and applications},
  author={Guergana K. Savova and James J. Masanz and Philip V. Ogren and Jiaping Zheng and Sunghwan Sohn and Karin Kipper Schuler and Christopher G. Chute},
  journal={Journal of the American Medical Informatics Association : JAMIA},
  year={2010},
  volume={17 5},
  pages={
          507-13
        },
  url={https://api.semanticscholar.org/CorpusID:564263}
}

@article{Shekhar2023CouplingSR,
  title={Coupling Symbolic Reasoning with Language Modeling for Efficient Longitudinal Understanding of Unstructured Electronic Medical Records},
  author={Shivani Shekhar and Simran Tiwari and T. C. Rensink and Ramy Eskander and Wael Salloum},
  journal={ArXiv},
  year={2023},
  volume={abs/2308.03360},
  url={https://api.semanticscholar.org/CorpusID:260683273}
}

@inproceedings{Shi2022ImprovingNM,
  title={Improving Neural Models for Radiology Report Retrieval with Lexicon-based Automated Annotation},
  author={Luyao Shi and Tanveer F. Syeda-Mahmood and Tyler Baldwin},
  booktitle={North American Chapter of the Association for Computational Linguistics},
  year={2022},
  url={https://api.semanticscholar.org/CorpusID:250390560}
}

@article{Soni2020PatientCR,
  title={Patient Cohort Retrieval using Transformer Language Models},
  author={Sarvesh Soni and Kirk Roberts},
  journal={AMIA ... Annual Symposium proceedings. AMIA Symposium},
  year={2020},
  volume={2020},
  pages={
          1150-1159
        },
  url={https://api.semanticscholar.org/CorpusID:221640646}
}

@article{Sun2021UsingNI,
  title={Using NLP in openEHR archetypes retrieval to promote interoperability: a feasibility study in China},
  author={Bo Sun and Fei Zhang and Jing Li and Yicheng Yang and Xiaolin Diao and Wei Zhao and Ting Shu},
  journal={BMC Medical Informatics and Decision Making},
  year={2021},
  volume={21},
  url={https://api.semanticscholar.org/CorpusID:235638693}
}

@article{Thai2024ACRAB,
  title={ACR: A Benchmark for Automatic Cohort Retrieval},
  author={Dung Ngoc Thai and Victor Ardulov and Jose Ulises Mena and Simran Tiwari and Gleb Erofeev and Ramy Eskander and Karim Tarabishy and Ravi B Parikh and Wael Salloum},
  journal={ArXiv},
  year={2024},
  volume={abs/2406.14780},
  url={https://api.semanticscholar.org/CorpusID:270688618}
}

@article{Wang2019TestCF,
  title={Test collections for electronic health record-based clinical information retrieval},
  author={Yanshan Wang and Andrew Wen and Sijia Liu and William R. Hersh and Steven Bedrick and Hongfang Liu},
  journal={JAMIA Open},
  year={2019},
  volume={2},
  pages={360 - 368},
  url={https://api.semanticscholar.org/CorpusID:195441753}
}

@article{Xiao2020PatientTM,
  title={Patient trial matching using pseudo-siamese network.},
  author={Cao Xiao and Junyi Gao and Lucas Glass and Jimeng Sun},
  journal={Journal of Clinical Oncology},
  year={2020},
  volume={38},
  url={https://api.semanticscholar.org/CorpusID:219780496}
}

@inproceedings{Xiao2022RetroMAEPR,
  title={RetroMAE: Pre-Training Retrieval-oriented Language Models Via Masked Auto-Encoder},
  author={Shitao Xiao and Zheng Liu and Yingxia Shao and Zhao Cao},
  booktitle={Conference on Empirical Methods in Natural Language Processing},
  year={2022},
  url={https://api.semanticscholar.org/CorpusID:252917569}
}

@article{Yang2011QueryLA,
  title={Query log analysis of an electronic health record search engine.},
  author={Lei Yang and Qiaozhu Mei and Kai Zheng and David A. Hanauer},
  journal={AMIA ... Annual Symposium proceedings. AMIA Symposium},
  year={2011},
  volume={2011},
  pages={
          915-24
        },
  url={https://api.semanticscholar.org/CorpusID:35582937}
}

@article{Yang2021ImprovingCE,
  title={Improving Chinese electronic medical record retrieval by field weight assignment, negation detection, and re-ranking},
  author={Songchun Yang and Xiangwen Zheng and Yu Xiao and Xiangfei Yin and Jianfei Pang and Huajian Mao and Wei Wei and Wenqin Zhang and Yu Yang and Haifeng Xu and Mei Li and Dongsheng Zhao},
  journal={Journal of biomedical informatics},
  year={2021},
  pages={
          103836
        },
  url={https://api.semanticscholar.org/CorpusID:235413331}
}

@article{Yu2022BIOSAA,
  title={BIOS: An Algorithmically Generated Biomedical Knowledge Graph},
  author={Sheng Yu and Zheng Yuan and Jun Xia and Shengxuan Luo and Huaiyuan Ying and Sihang Zeng and Jingyi Ren and Hongyi Yuan and Zhengyun Zhao and Yucong Lin and K. Lu and Jing Wang and Yutao Xie and Heung-yeung Shum},
  journal={ArXiv},
  year={2022},
  volume={abs/2203.09975},
  url={https://api.semanticscholar.org/CorpusID:247594837}
}

@article{Yuan2020CODERKC,
  title={CODER: Knowledge-infused cross-lingual medical term embedding for term normalization},
  author={Zheng Yuan and Zhengyun Zhao and Sheng Yu},
  journal={Journal of biomedical informatics},
  year={2020},
  pages={
          103983
        },
  url={https://api.semanticscholar.org/CorpusID:226254376}
}

@article{bert,
  title={Bert: Pre-training of deep bidirectional transformers for language understanding},
  author={Devlin, Jacob},
  journal={arXiv preprint arXiv:1810.04805},
  year={2018}
}

@misc{bge_embedding,
      title={C-Pack: Packaged Resources To Advance General Chinese Embedding}, 
      author={Shitao Xiao and Zheng Liu and Peitian Zhang and Niklas Muennighoff},
      year={2023},
      eprint={2309.07597},
      archivePrefix={arXiv},
      primaryClass={cs.CL}
}

@article{bouzille2018drug,
  title={Drug safety and big clinical data: Detection of drug-induced anaphylactic shock events},
  author={Bouzill{\'e}, Guillaume and Osmont, Marie-No{\"e}lle and Triquet, Louise and Grabar, Natalia and Rochefort-Morel, C{\'e}cile and Chazard, Emmanuel and Polard, Elisabeth and Cuggia, Marc},
  journal={Journal of Evaluation in Clinical Practice},
  volume={24},
  number={3},
  pages={536--544},
  year={2018},
  publisher={Wiley Online Library}
}

@misc{gupta2024oncoretrievergenerativeclassifierretrieval,
      title={Onco-Retriever: Generative Classifier for Retrieval of EHR Records in Oncology}, 
      author={Shashi Kant Gupta and Aditya Basu and Bradley Taylor and Anai Kothari and Hrituraj Singh},
      year={2024},
      eprint={2404.06680},
      archivePrefix={arXiv},
      primaryClass={cs.CL},
      url={https://arxiv.org/abs/2404.06680}, 
}

@inproceedings{hammond2013use,
  title={Use of text search to effectively identify lifetime prevalence of suicide attempts among veterans},
  author={Hammond, Kenric W and Laundry, Ryan J and OLeary, T Michael and Jones, William P},
  booktitle={2013 46th Hawaii International Conference on System Sciences},
  pages={2676--2683},
  year={2013},
  organization={IEEE}
}

@article{jin2023medcpt,
  title={MedCPT: Contrastive Pre-trained Transformers with large-scale PubMed search logs for zero-shot biomedical information retrieval},
  author={Jin, Qiao and Kim, Won and Chen, Qingyu and Comeau, Donald C and Yeganova, Lana and Wilbur, W John and Lu, Zhiyong},
  journal={Bioinformatics},
  volume={39},
  number={11},
  pages={btad651},
  year={2023},
  publisher={Oxford University Press}
}

@article{karpukhin2020dense,
  title={Dense passage retrieval for open-domain question answering},
  author={Karpukhin, Vladimir and O{\u{g}}uz, Barlas and Min, Sewon and Lewis, Patrick and Wu, Ledell and Edunov, Sergey and Chen, Danqi and Yih, Wen-tau},
  journal={arXiv preprint arXiv:2004.04906},
  year={2020}
}

@article{koopman2016information,
  title={Information retrieval as semantic inference: A graph inference model applied to medical search},
  author={Koopman, Bevan and Zuccon, Guido and Bruza, Peter and Sitbon, Laurianne and Lawley, Michael},
  journal={Information Retrieval Journal},
  volume={19},
  pages={6--37},
  year={2016},
  publisher={Springer}
}

@article{lee2024nv,
  title={NV-Embed: Improved Techniques for Training LLMs as Generalist Embedding Models},
  author={Lee, Chankyu and Roy, Rajarshi and Xu, Mengyao and Raiman, Jonathan and Shoeybi, Mohammad and Catanzaro, Bryan and Ping, Wei},
  journal={arXiv preprint arXiv:2405.17428},
  year={2024}
}

@article{li2021patient,
  title={A patient-screening tool for clinical research based on electronic health records using OpenEHR: development study},
  author={Li, Mengyang and Cai, Hailing and Nan, Shan and Li, Jialin and Lu, Xudong and Duan, Huilong},
  journal={JMIR Medical Informatics},
  volume={9},
  number={10},
  pages={e33192},
  year={2021},
  publisher={JMIR Publications Toronto, Canada}
}

@article{martinez2014improving,
  title={Improving search over Electronic Health Records using UMLS-based query expansion through random walks},
  author={Martinez, David and Otegi, Arantxa and Soroa, Aitor and Agirre, Eneko},
  journal={Journal of biomedical informatics},
  volume={51},
  pages={100--106},
  year={2014},
  publisher={Elsevier}
}

@article{muennighoff2022mteb,
  title={MTEB: Massive text embedding benchmark},
  author={Muennighoff, Niklas and Tazi, Nouamane and Magne, Lo{\"\i}c and Reimers, Nils},
  journal={arXiv preprint arXiv:2210.07316},
  year={2022}
}

@article{neelakantan2022text,
  title={Text and code embeddings by contrastive pre-training},
  author={Neelakantan, Arvind and Xu, Tao and Puri, Raul and Radford, Alec and Han, Jesse Michael and Tworek, Jerry and Yuan, Qiming and Tezak, Nikolas and Kim, Jong Wook and Hallacy, Chris and others},
  journal={arXiv preprint arXiv:2201.10005},
  year={2022}
}

@article{ni2021large,
  title={Large dual encoders are generalizable retrievers},
  author={Ni, Jianmo and Qu, Chen and Lu, Jing and Dai, Zhuyun and {\'A}brego, Gustavo Hern{\'a}ndez and Ma, Ji and Zhao, Vincent Y and Luan, Yi and Hall, Keith B and Chang, Ming-Wei and others},
  journal={arXiv preprint arXiv:2112.07899},
  year={2021}
}

@article{qwen2,
  title={Qwen2 Technical Report},
  year={2024}
}

@article{ruppel2020assessment,
  title={Assessment of electronic health record search patterns and practices by practitioners in a large integrated health care system},
  author={Ruppel, Halley and Bhardwaj, Aashish and Manickam, Raj N and Adler-Milstein, Julia and Flagg, Marc and Ballesca, Manuel and Liu, Vincent X},
  journal={JAMA network open},
  volume={3},
  number={3},
  pages={e200512--e200512},
  year={2020},
  publisher={American Medical Association}
}

@article{sivarajkumar2024clinical,
  title={Clinical information retrieval: A literature review},
  author={Sivarajkumar, Sonish and Mohammad, Haneef Ahamed and Oniani, David and Roberts, Kirk and Hersh, William and Liu, Hongfang and He, Daqing and Visweswaran, Shyam and Wang, Yanshan},
  journal={Journal of Healthcare Informatics Research},
  pages={1--40},
  year={2024},
  publisher={Springer}
}

@article{thakur2021beir,
  title={Beir: A heterogenous benchmark for zero-shot evaluation of information retrieval models},
  author={Thakur, Nandan and Reimers, Nils and R{\"u}ckl{\'e}, Andreas and Srivastava, Abhishek and Gurevych, Iryna},
  journal={arXiv preprint arXiv:2104.08663},
  year={2021}
}

@inproceedings{trecmedicalrecord,
author = {Voorhees, Ellen M.},
title = {The TREC Medical Records Track},
year = {2013},
isbn = {9781450324342},
publisher = {Association for Computing Machinery},
address = {New York, NY, USA},
url = {https://doi.org/10.1145/2506583.2506624},
doi = {10.1145/2506583.2506624},
abstract = {The Text REtrieval Conference (TREC) is a series of annual workshops designed to build the infrastructure for large-scale evaluation of search systems and thus improve the state-of-the-art. Each workshop is organized around a set of "tracks", challenge problems that focus effort in particular research areas. The most recent TRECs have contained a Medical Records track whose goal is to enable semantic access to the free-text fields of electronic health records. Such access will enhance clinical care and support the secondary use of health records.The specific search task used in the track was a cohort-finding task. A search request described the criteria for inclusion in a (possible, but not actually planned) clinical study and the systems searched a set of de-identified clinical reports to identify candidates who matched the criteria. As anticipated, the search results demonstrate that language use within electronic health records is sufficiently different from general use to warrant domain-specific processing. Top-performing systems each used some sort of vocabulary normalization device specific to the medical domain to accommodate the array of abbreviations, acronyms, and other informal terminology used to designate medical procedures and findings in the records. The use of negative language is also much more prevalent in health records (e.g., patient denies pain, no fever) and thus requires appropriate handling for good search results.},
booktitle = {Proceedings of the International Conference on Bioinformatics, Computational Biology and Biomedical Informatics},
pages = {239–246},
numpages = {8},
keywords = {TREC, electronic health records},
location = {Wshington DC, USA},
series = {BCB'13}
}

@article{xu2024bmretriever,
  title={Bmretriever: Tuning large language models as better biomedical text retrievers},
  author={Xu, Ran and Shi, Wenqi and Yu, Yue and Zhuang, Yuchen and Zhu, Yanqiao and Wang, May D and Ho, Joyce C and Zhang, Chao and Yang, Carl},
  journal={arXiv preprint arXiv:2404.18443},
  year={2024}
}

@article{ye2018extracting,
  title={Extracting similar terms from multiple EMR-based semantic embeddings to support chart reviews},
  author={Ye, Cheng and Fabbri, Daniel},
  journal={Journal of biomedical informatics},
  volume={83},
  pages={63--72},
  year={2018},
  publisher={Elsevier}
}

@article{ye2021leveraging,
  title={Leveraging medical context to recommend semantically similar terms for chart reviews},
  author={Ye, Cheng and Malin, Bradley A and Fabbri, Daniel},
  journal={BMC Medical Informatics and Decision Making},
  volume={21},
  number={1},
  pages={353},
  year={2021},
  publisher={Springer}
}

@article{ying2024cortex,
  title={CoRTEx: contrastive learning for representing terms via explanations with applications on constructing biomedical knowledge graphs},
  author={Ying, Huaiyuan and Zhao, Zhengyun and Zhao, Yang and Zeng, Sihang and Yu, Sheng},
  journal={Journal of the American Medical Informatics Association},
  pages={ocae115},
  year={2024},
  publisher={Oxford University Press}
}

