@article{Bird,
  title={Can llm already serve as a database interface? a big bench for large-scale database grounded text-to-sqls},
  author={Li, Jinyang and Hui, Binyuan and Qu, Ge and Yang, Jiaxi and Li, Binhua and Li, Bowen and Wang, Bailin and Qin, Bowen and Geng, Ruiying and Huo, Nan and others},
  journal={Advances in Neural Information Processing Systems},
  volume={36},
  year={2024}
}

@article{DAILsQL,
  title={Text-to-sql empowered by large language models: A benchmark evaluation},
  author={Gao, Dawei and Wang, Haibin and Li, Yaliang and Sun, Xiuyu and Qian, Yichen and Ding, Bolin and Zhou, Jingren},
  journal={arXiv preprint arXiv:2308.15363},
  year={2023}
}

@misc{Distilgpt4,
      title={The Death of Schema Linking? Text-to-SQL in the Age of Well-Reasoned Language Models}, 
      author={Karime Maamari and Fadhil Abubaker and Daniel Jaroslawicz and Amine Mhedhbi},
      year={2024},
      eprint={2408.07702},
      archivePrefix={arXiv},
      primaryClass={cs.CL},
      url={https://arxiv.org/abs/2408.07702}, 
}

@article{advance_rag1,
  title={Query rewriting for retrieval-augmented large language models},
  author={Ma, Xinbei and Gong, Yeyun and He, Pengcheng and Zhao, Hai and Duan, Nan},
  journal={arXiv preprint arXiv:2305.14283},
  year={2023}
}

@article{advrag2,
  title={Precise zero-shot dense retrieval without relevance labels},
  author={Gao, Luyu and Ma, Xueguang and Lin, Jimmy and Callan, Jamie},
  journal={arXiv preprint arXiv:2212.10496},
  year={2022}
}

@article{agents1,
  title={Communicative agents for software development},
  author={Qian, Chen and Cong, Xin and Yang, Cheng and Chen, Weize and Su, Yusheng and Xu, Juyuan and Liu, Zhiyuan and Sun, Maosong},
  journal={arXiv preprint arXiv:2307.07924},
  year={2023}
}

@article{bai2023qwen,
  title={Qwen technical report},
  author={Bai, Jinze and Bai, Shuai and Chu, Yunfei and Cui, Zeyu and Dang, Kai and Deng, Xiaodong and Fan, Yang and Ge, Wenbin and Han, Yu and Huang, Fei and others},
  journal={arXiv preprint arXiv:2309.16609},
  year={2023}
}

@misc{bert,
      title={BERT: Pre-training of Deep Bidirectional Transformers for Language Understanding}, 
      author={Jacob Devlin and Ming-Wei Chang and Kenton Lee and Kristina Toutanova},
      year={2019},
      eprint={1810.04805},
      archivePrefix={arXiv},
      primaryClass={cs.CL},
      url={https://arxiv.org/abs/1810.04805}, 
}

@article{c3,
  title={C3: Zero-shot text-to-sql with chatgpt},
  author={Dong, Xuemei and Zhang, Chao and Ge, Yuhang and Mao, Yuren and Gao, Yunjun and Lin, Jinshu and Lou, Dongfang and others},
  journal={arXiv preprint arXiv:2307.07306},
  year={2023}
}

@misc{chess,
      title={CHESS: Contextual Harnessing for Efficient SQL Synthesis}, 
      author={Shayan Talaei and Mohammadreza Pourreza and Yu-Chen Chang and Azalia Mirhoseini and Amin Saberi},
      year={2024},
      eprint={2405.16755},
      archivePrefix={arXiv},
      primaryClass={cs.LG},
      url={https://arxiv.org/abs/2405.16755}, 
}

@misc{codes,
      title={CodeS: Towards Building Open-source Language Models for Text-to-SQL}, 
      author={Haoyang Li and Jing Zhang and Hanbing Liu and Ju Fan and Xiaokang Zhang and Jun Zhu and Renjie Wei and Hongyan Pan and Cuiping Li and Hong Chen},
      year={2024},
      eprint={2402.16347},
      archivePrefix={arXiv},
      primaryClass={cs.CL}
}

@article{dinsql,
  title={Din-sql: Decomposed in-context learning of text-to-sql with self-correction},
  author={Pourreza, Mohammadreza and Rafiei, Davood},
  journal={Advances in Neural Information Processing Systems},
  volume={36},
  year={2024}
}

@misc{dtssql,
      title={DTS-SQL: Decomposed Text-to-SQL with Small Large Language Models}, 
      author={Mohammadreza Pourreza and Davood Rafiei},
      year={2024},
      eprint={2402.01117},
      archivePrefix={arXiv},
      primaryClass={cs.CL}
}

@article{dubo,
  title={Dubo-SQL: Diverse Retrieval-Augmented Generation and Fine Tuning for Text-to-SQL},
  author={Thorpe, Dayton G and Duberstein, Andrew J and Kinsey, Ian A},
  journal={arXiv preprint arXiv:2404.12560},
  year={2024}
}

@article{gpt,
  title={Language models are unsupervised multitask learners},
  author={Radford, Alec and Wu, Jeffrey and Child, Rewon and Luan, David and Amodei, Dario and Sutskever, Ilya and others},
  journal={OpenAI blog},
  volume={1},
  number={8},
  pages={9},
  year={2019}
}

@inproceedings{graph2,
  title={Valuenet: A natural language-to-sql system that learns from database information},
  author={Brunner, Ursin and Stockinger, Kurt},
  booktitle={2021 IEEE 37th International Conference on Data Engineering (ICDE)},
  pages={2177--2182},
  year={2021},
  organization={IEEE}
}

@article{graph_1,
  title={Global reasoning over database structures for text-to-sql parsing},
  author={Bogin, Ben and Gardner, Matt and Berant, Jonathan},
  journal={arXiv preprint arXiv:1908.11214},
  year={2019}
}

@article{irnet,
  title={Towards complex text-to-sql in cross-domain database with intermediate representation},
  author={Guo, Jiaqi and Zhan, Zecheng and Gao, Yan and Xiao, Yan and Lou, Jian-Guang and Liu, Ting and Zhang, Dongmei},
  journal={arXiv preprint arXiv:1905.08205},
  year={2019}
}

@article{katsogiannis2023survey,
  title={A survey on deep learning approaches for text-to-SQL},
  author={Katsogiannis-Meimarakis, George and Koutrika, Georgia},
  journal={The VLDB Journal},
  volume={32},
  number={4},
  pages={905--936},
  year={2023},
  publisher={Springer}
}

@article{liu2024deepseek,
  title={Deepseek-v2: A strong, economical, and efficient mixture-of-experts language model},
  author={Liu, Aixin and Feng, Bei and Wang, Bin and Wang, Bingxuan and Liu, Bo and Zhao, Chenggang and Dengr, Chengqi and Ruan, Chong and Dai, Damai and Guo, Daya and others},
  journal={arXiv preprint arXiv:2405.04434},
  year={2024}
}

@misc{llama3,
  author = {Meta},
  title = {Introducing Meta Llama 3: The most capable openly available LLM to date},
  howpublished = {\url{https://ai.meta.com/blog/meta-llama-3/}},
  note = {Accessed: 2023-05-20},
  year = {2024}
}

@article{llmagentsurvey,
  title={A survey on large language model based autonomous agents},
  author={Wang, Lei and Ma, Chen and Feng, Xueyang and Zhang, Zeyu and Yang, Hao and Zhang, Jingsen and Chen, Zhiyuan and Tang, Jiakai and Chen, Xu and Lin, Yankai and others},
  journal={Frontiers of Computer Science},
  volume={18},
  number={6},
  pages={1--26},
  year={2024},
  publisher={Springer}
}

@article{mcssql,
  title={MCS-SQL: Leveraging Multiple Prompts and Multiple-Choice Selection For Text-to-SQL Generation},
  author={Lee, Dongjun and Park, Choongwon and Kim, Jaehyuk and Park, Heesoo},
  journal={arXiv preprint arXiv:2405.07467},
  year={2024}
}

@article{modrag1,
  title={Generate rather than retrieve: Large language models are strong context generators},
  author={Yu, Wenhao and Iter, Dan and Wang, Shuohang and Xu, Yichong and Ju, Mingxuan and Sanyal, Soumya and Zhu, Chenguang and Zeng, Michael and Jiang, Meng},
  journal={arXiv preprint arXiv:2209.10063},
  year={2022}
}

@article{modrag2,
  title={Enhancing retrieval-augmented large language models with iterative retrieval-generation synergy},
  author={Shao, Zhihong and Gong, Yeyun and Shen, Yelong and Huang, Minlie and Duan, Nan and Chen, Weizhu},
  journal={arXiv preprint arXiv:2305.15294},
  year={2023}
}

@misc{openai2024gpt4,
      title={GPT-4 Technical Report}, 
      author={OpenAI and Josh Achiam and Steven Adler and Sandhini Agarwal and Lama Ahmad and Ilge Akkaya and Florencia Leoni Aleman and Diogo Almeida and Janko Altenschmidt and Sam Altman and others},
      year={2024},
      eprint={2303.08774},
      archivePrefix={arXiv},
      primaryClass={cs.CL},
      url={https://arxiv.org/abs/2303.08774}, 
}

@misc{rag,
      title={Retrieval-Augmented Generation for Large Language Models: A Survey}, 
      author={Yunfan Gao and Yun Xiong and Xinyu Gao and Kangxiang Jia and Jinliu Pan and Yuxi Bi and Yi Dai and Jiawei Sun and Meng Wang and Haofen Wang},
      year={2024},
      eprint={2312.10997},
      archivePrefix={arXiv},
      primaryClass={cs.CL}
}

@article{ryansql,
  title={Ryansql: Recursively applying sketch-based slot fillings for complex text-to-sql in cross-domain databases},
  author={Choi, DongHyun and Shin, Myeong Cheol and Kim, EungGyun and Shin, Dong Ryeol},
  journal={Computational Linguistics},
  volume={47},
  number={2},
  pages={309--332},
  year={2021},
  publisher={MIT Press One Rogers Street, Cambridge, MA 02142-1209, USA journals-info~â€¦}
}

@article{smbop,
  title={SmBoP: Semi-autoregressive bottom-up semantic parsing},
  author={Rubin, Ohad and Berant, Jonathan},
  journal={arXiv preprint arXiv:2010.12412},
  year={2020}
}

@article{spider,
  title={Spider: A large-scale human-labeled dataset for complex and cross-domain semantic parsing and text-to-sql task},
  author={Yu, Tao and Zhang, Rui and Yang, Kai and Yasunaga, Michihiro and Wang, Dongxu and Li, Zifan and Ma, James and Li, Irene and Yao, Qingning and Roman, Shanelle and others},
  journal={arXiv preprint arXiv:1809.08887},
  year={2018}
}

@article{sqlnet,
  title={Sqlnet: Generating structured queries from natural language without reinforcement learning},
  author={Xu, Xiaojun and Liu, Chang and Song, Dawn},
  journal={arXiv preprint arXiv:1711.04436},
  year={2017}
}

@article{syntaxsqlnet,
  title={Syntaxsqlnet: Syntax tree networks for complex and cross-domaintext-to-sql task},
  author={Yu, Tao and Yasunaga, Michihiro and Yang, Kai and Zhang, Rui and Wang, Dongxu and Li, Zifan and Radev, Dragomir},
  journal={arXiv preprint arXiv:1810.05237},
  year={2018}
}

@misc{tai2023exploring,
      title={Exploring Chain-of-Thought Style Prompting for Text-to-SQL}, 
      author={Chang-You Tai and Ziru Chen and Tianshu Zhang and Xiang Deng and Huan Sun},
      year={2023},
      eprint={2305.14215},
      archivePrefix={arXiv},
      primaryClass={cs.CL}
}

@article{wikisql,
  title={Seq2sql: Generating structured queries from natural language using reinforcement learning},
  author={Zhong, Victor and Xiong, Caiming and Socher, Richard},
  journal={arXiv preprint arXiv:1709.00103},
  year={2017}
}

