@article{Bird,
  title={Can llm already serve as a database interface? a big bench for large-scale database grounded text-to-sqls},
  author={Li, Jinyang and Hui, Binyuan and Qu, Ge and Yang, Jiaxi and Li, Binhua and Li, Bowen and Wang, Bailin and Qin, Bowen and Geng, Ruiying and Huo, Nan and others},
  journal={Advances in Neural Information Processing Systems},
  volume={36},
  year={2024}
}
@article{spider,
  title={Spider: A large-scale human-labeled dataset for complex and cross-domain semantic parsing and text-to-sql task},
  author={Yu, Tao and Zhang, Rui and Yang, Kai and Yasunaga, Michihiro and Wang, Dongxu and Li, Zifan and Ma, James and Li, Irene and Yao, Qingning and Roman, Shanelle and others},
  journal={arXiv preprint arXiv:1809.08887},
  year={2018}
}
@misc{mqs,
      title={Prompting GPT-3.5 for Text-to-SQL with De-semanticization and Skeleton Retrieval}, 
      author={Chunxi Guo and Zhiliang Tian and Jintao Tang and Pancheng Wang and Zhihua Wen and Kang Yang and Ting Wang},
      year={2023},
      eprint={2304.13301},
      archivePrefix={arXiv},
      primaryClass={cs.CL},
      url={https://arxiv.org/abs/2304.13301}, 
}
@article{hallucination,
  title={Siren's song in the AI ocean: a survey on hallucination in large language models},
  author={Zhang, Yue and Li, Yafu and Cui, Leyang and Cai, Deng and Liu, Lemao and Fu, Tingchen and Huang, Xinting and Zhao, Enbo and Zhang, Yu and Chen, Yulong and others},
  journal={arXiv preprint arXiv:2309.01219},
  year={2023}
}
@misc{chess,
      title={CHESS: Contextual Harnessing for Efficient SQL Synthesis}, 
      author={Shayan Talaei and Mohammadreza Pourreza and Yu-Chen Chang and Azalia Mirhoseini and Amin Saberi},
      year={2024},
      eprint={2405.16755},
      archivePrefix={arXiv},
      primaryClass={cs.LG},
      url={https://arxiv.org/abs/2405.16755}, 
}
@misc{Distilgpt4,
      title={The Death of Schema Linking? Text-to-SQL in the Age of Well-Reasoned Language Models}, 
      author={Karime Maamari and Fadhil Abubaker and Daniel Jaroslawicz and Amine Mhedhbi},
      year={2024},
      eprint={2408.07702},
      archivePrefix={arXiv},
      primaryClass={cs.CL},
      url={https://arxiv.org/abs/2408.07702}, 
}
@misc{Birdleader,
  title = {BIRD Leaderboard},
  howpublished = {\url{https://bird-bench.github.io}},
  note = {Accessed: 2024-05-23},
  year = {2024},
}
@article{sqlnet,
  title={Sqlnet: Generating structured queries from natural language without reinforcement learning},
  author={Xu, Xiaojun and Liu, Chang and Song, Dawn},
  journal={arXiv preprint arXiv:1711.04436},
  year={2017}
}
@misc{spiderleader,
  title = {Spider Leaderboard},
  howpublished = {\url{https://yale-lily.github.io/spider}},
  note = {Accessed: 2024-05-23},
  year = {2024},
}
@article{macsql,
  title={Mac-sql: Multi-agent collaboration for text-to-sql},
  author={Wang, Bing and Ren, Changyu and Yang, Jian and Liang, Xinnian and Bai, Jiaqi and Zhang, Qian-Wen and Yan, Zhao and Li, Zhoujun},
  journal={arXiv preprint arXiv:2312.11242},
  year={2023}
}
@misc{test-suite,
      title={Semantic Evaluation for Text-to-SQL with Distilled Test Suites}, 
      author={Ruiqi Zhong and Tao Yu and Dan Klein},
      year={2020},
      eprint={2010.02840},
      archivePrefix={arXiv},
      primaryClass={cs.CL}
}
@article{dinsql,
  title={Din-sql: Decomposed in-context learning of text-to-sql with self-correction},
  author={Pourreza, Mohammadreza and Rafiei, Davood},
  journal={Advances in Neural Information Processing Systems},
  volume={36},
  year={2024}
}
@article{DAILsQL,
  title={Text-to-sql empowered by large language models: A benchmark evaluation},
  author={Gao, Dawei and Wang, Haibin and Li, Yaliang and Sun, Xiuyu and Qian, Yichen and Ding, Bolin and Zhou, Jingren},
  journal={arXiv preprint arXiv:2308.15363},
  year={2023}
}
@misc{bge_embedding,
      title={C-Pack: Packaged Resources To Advance General Chinese Embedding}, 
      author={Shitao Xiao and Zheng Liu and Peitian Zhang and Niklas Muennighoff},
      year={2023},
      eprint={2309.07597},
      archivePrefix={arXiv},
      primaryClass={cs.CL}
}
@article{katsogiannis2023survey,
  title={A survey on deep learning approaches for text-to-SQL},
  author={Katsogiannis-Meimarakis, George and Koutrika, Georgia},
  journal={The VLDB Journal},
  volume={32},
  number={4},
  pages={905--936},
  year={2023},
  publisher={Springer}
}
@misc{llama3,
  author = {Meta},
  title = {Introducing Meta Llama 3: The most capable openly available LLM to date},
  howpublished = {\url{https://ai.meta.com/blog/meta-llama-3/}},
  note = {Accessed: 2023-05-20},
  year = {2024}
}
@inproceedings{claude3,
  title={The Claude 3 Model Family: Opus, Sonnet, Haiku},
  author={Anthropic},
  url={https://api.semanticscholar.org/CorpusID:268232499}
}
@article{bai2023qwen,
  title={Qwen technical report},
  author={Bai, Jinze and Bai, Shuai and Chu, Yunfei and Cui, Zeyu and Dang, Kai and Deng, Xiaodong and Fan, Yang and Ge, Wenbin and Han, Yu and Huang, Fei and others},
  journal={arXiv preprint arXiv:2309.16609},
  year={2023}
}
@article{song2020mpnet,
  title={Mpnet: Masked and permuted pre-training for language understanding},
  author={Song, Kaitao and Tan, Xu and Qin, Tao and Lu, Jianfeng and Liu, Tie-Yan},
  journal={Advances in neural information processing systems},
  volume={33},
  pages={16857--16867},
  year={2020}
}
@article{mcssql,
  title={MCS-SQL: Leveraging Multiple Prompts and Multiple-Choice Selection For Text-to-SQL Generation},
  author={Lee, Dongjun and Park, Choongwon and Kim, Jaehyuk and Park, Heesoo},
  journal={arXiv preprint arXiv:2405.07467},
  year={2024}
}
@article{maskedqa,
  title={A case-based reasoning framework for adaptive prompting in cross-domain text-to-sql},
  author={Guo, Chunxi and Tian, Zhiliang and Tang, Jintao and Wang, Pancheng and Wen, Zhihua and Yang, Kang and Wang, Ting},
  journal={arXiv preprint arXiv:2304.13301},
  year={2023}
}

@article{rat,
  title={Rat-sql: Relation-aware schema encoding and linking for text-to-sql parsers},
  author={Wang, Bailin and Shin, Richard and Liu, Xiaodong and Polozov, Oleksandr and Richardson, Matthew},
  journal={arXiv preprint arXiv:1911.04942},
  year={2019}
}
@article{nmt1,
  title={Towards complex text-to-sql in cross-domain database with intermediate representation},
  author={Guo, Jiaqi and Zhan, Zecheng and Gao, Yan and Xiao, Yan and Lou, Jian-Guang and Liu, Ting and Zhang, Dongmei},
  journal={arXiv preprint arXiv:1905.08205},
  year={2019}
}
@inproceedings{parse_survey2,
  title={Synthesizing highly expressive SQL queries from input-output examples},
  author={Wang, Chenglong and Cheung, Alvin and Bodik, Rastislav},
  booktitle={Proceedings of the 38th ACM SIGPLAN Conference on Programming Language Design and Implementation},
  pages={452--466},
  year={2017}
}
@article{parse_survey1,
  title={Learning a neural semantic parser from user feedback},
  author={Iyer, Srinivasan and Konstas, Ioannis and Cheung, Alvin and Krishnamurthy, Jayant and Zettlemoyer, Luke},
  journal={arXiv preprint arXiv:1704.08760},
  year={2017}
}
@inproceedings{earlytxt2sql2,
  title={Discover: Keyword search in relational databases},
  author={Hristidis, Vagelis and Papakonstantinou, Yannis},
  booktitle={VLDB'02: Proceedings of the 28th International Conference on Very Large Databases},
  pages={670--681},
  year={2002},
  organization={Elsevier}
}
@inproceedings{earlytxt2sql1,
  title={Efficient IR-style keyword search over relational databases},
  author={Hristidis, Vagelis and Papakonstantinou, Yannis and Gravano, Luis},
  booktitle={Proceedings 2003 VLDB Conference},
  pages={850--861},
  year={2003},
  organization={Elsevier}
}
@article{llmagentsurvey,
  title={A survey on large language model based autonomous agents},
  author={Wang, Lei and Ma, Chen and Feng, Xueyang and Zhang, Zeyu and Yang, Hao and Zhang, Jingsen and Chen, Zhiyuan and Tang, Jiakai and Chen, Xu and Lin, Yankai and others},
  journal={Frontiers of Computer Science},
  volume={18},
  number={6},
  pages={1--26},
  year={2024},
  publisher={Springer}
}
@misc{tai2023exploring,
      title={Exploring Chain-of-Thought Style Prompting for Text-to-SQL}, 
      author={Chang-You Tai and Ziru Chen and Tianshu Zhang and Xiang Deng and Huan Sun},
      year={2023},
      eprint={2305.14215},
      archivePrefix={arXiv},
      primaryClass={cs.CL}
}
@article{wikisql,
  title={Seq2sql: Generating structured queries from natural language using reinforcement learning},
  author={Zhong, Victor and Xiong, Caiming and Socher, Richard},
  journal={arXiv preprint arXiv:1709.00103},
  year={2017}
}
@article{c3,
  title={C3: Zero-shot text-to-sql with chatgpt},
  author={Dong, Xuemei and Zhang, Chao and Ge, Yuhang and Mao, Yuren and Gao, Yunjun and Lin, Jinshu and Lou, Dongfang and others},
  journal={arXiv preprint arXiv:2307.07306},
  year={2023}
}
@article{advance_rag1,
  title={Query rewriting for retrieval-augmented large language models},
  author={Ma, Xinbei and Gong, Yeyun and He, Pengcheng and Zhao, Hai and Duan, Nan},
  journal={arXiv preprint arXiv:2305.14283},
  year={2023}
}
@article{advrag2,
  title={Precise zero-shot dense retrieval without relevance labels},
  author={Gao, Luyu and Ma, Xueguang and Lin, Jimmy and Callan, Jamie},
  journal={arXiv preprint arXiv:2212.10496},
  year={2022}
}
@article{dubo,
  title={Dubo-SQL: Diverse Retrieval-Augmented Generation and Fine Tuning for Text-to-SQL},
  author={Thorpe, Dayton G and Duberstein, Andrew J and Kinsey, Ian A},
  journal={arXiv preprint arXiv:2404.12560},
  year={2024}
}
@misc{rag,
      title={Retrieval-Augmented Generation for Large Language Models: A Survey}, 
      author={Yunfan Gao and Yun Xiong and Xinyu Gao and Kangxiang Jia and Jinliu Pan and Yuxi Bi and Yi Dai and Jiawei Sun and Meng Wang and Haofen Wang},
      year={2024},
      eprint={2312.10997},
      archivePrefix={arXiv},
      primaryClass={cs.CL}
}
@article{agents1,
  title={Communicative agents for software development},
  author={Qian, Chen and Cong, Xin and Yang, Cheng and Chen, Weize and Su, Yusheng and Xu, Juyuan and Liu, Zhiyuan and Sun, Maosong},
  journal={arXiv preprint arXiv:2307.07924},
  year={2023}
}
@misc{codes,
      title={CodeS: Towards Building Open-source Language Models for Text-to-SQL}, 
      author={Haoyang Li and Jing Zhang and Hanbing Liu and Ju Fan and Xiaokang Zhang and Jun Zhu and Renjie Wei and Hongyan Pan and Cuiping Li and Hong Chen},
      year={2024},
      eprint={2402.16347},
      archivePrefix={arXiv},
      primaryClass={cs.CL}
}
@misc{dtssql,
      title={DTS-SQL: Decomposed Text-to-SQL with Small Large Language Models}, 
      author={Mohammadreza Pourreza and Davood Rafiei},
      year={2024},
      eprint={2402.01117},
      archivePrefix={arXiv},
      primaryClass={cs.CL}
}
@article{modrag1,
  title={Generate rather than retrieve: Large language models are strong context generators},
  author={Yu, Wenhao and Iter, Dan and Wang, Shuohang and Xu, Yichong and Ju, Mingxuan and Sanyal, Soumya and Zhu, Chenguang and Zeng, Michael and Jiang, Meng},
  journal={arXiv preprint arXiv:2209.10063},
  year={2022}
}
@article{smbop,
  title={SmBoP: Semi-autoregressive bottom-up semantic parsing},
  author={Rubin, Ohad and Berant, Jonathan},
  journal={arXiv preprint arXiv:2010.12412},
  year={2020}
}
@article{irnet,
  title={Towards complex text-to-sql in cross-domain database with intermediate representation},
  author={Guo, Jiaqi and Zhan, Zecheng and Gao, Yan and Xiao, Yan and Lou, Jian-Guang and Liu, Ting and Zhang, Dongmei},
  journal={arXiv preprint arXiv:1905.08205},
  year={2019}
}
@inproceedings{graph2,
  title={Valuenet: A natural language-to-sql system that learns from database information},
  author={Brunner, Ursin and Stockinger, Kurt},
  booktitle={2021 IEEE 37th International Conference on Data Engineering (ICDE)},
  pages={2177--2182},
  year={2021},
  organization={IEEE}
}
@article{graph_1,
  title={Global reasoning over database structures for text-to-sql parsing},
  author={Bogin, Ben and Gardner, Matt and Berant, Jonathan},
  journal={arXiv preprint arXiv:1908.11214},
  year={2019}
}
@article{syntaxsqlnet,
  title={Syntaxsqlnet: Syntax tree networks for complex and cross-domaintext-to-sql task},
  author={Yu, Tao and Yasunaga, Michihiro and Yang, Kai and Zhang, Rui and Wang, Dongxu and Li, Zifan and Radev, Dragomir},
  journal={arXiv preprint arXiv:1810.05237},
  year={2018}
}
@misc{openai2024gpt4,
      title={GPT-4 Technical Report}, 
      author={OpenAI and Josh Achiam and Steven Adler and Sandhini Agarwal and Lama Ahmad and Ilge Akkaya and Florencia Leoni Aleman and Diogo Almeida and Janko Altenschmidt and Sam Altman and others},
      year={2024},
      eprint={2303.08774},
      archivePrefix={arXiv},
      primaryClass={cs.CL},
      url={https://arxiv.org/abs/2303.08774}, 
}
@article{liu2024deepseek,
  title={Deepseek-v2: A strong, economical, and efficient mixture-of-experts language model},
  author={Liu, Aixin and Feng, Bei and Wang, Bin and Wang, Bingxuan and Liu, Bo and Zhao, Chenggang and Dengr, Chengqi and Ruan, Chong and Dai, Damai and Guo, Daya and others},
  journal={arXiv preprint arXiv:2405.04434},
  year={2024}
}
@misc{hnsw,
      title={Efficient and robust approximate nearest neighbor search using Hierarchical Navigable Small World graphs}, 
      author={Yu. A. Malkov and D. A. Yashunin},
      year={2018},
      eprint={1603.09320},
      archivePrefix={arXiv},
      primaryClass={cs.DS},
      url={https://arxiv.org/abs/1603.09320}, 
}
@misc{resnet,
      title={Deep Residual Learning for Image Recognition}, 
      author={Kaiming He and Xiangyu Zhang and Shaoqing Ren and Jian Sun},
      year={2015},
      eprint={1512.03385},
      archivePrefix={arXiv},
      primaryClass={cs.CV},
      url={https://arxiv.org/abs/1512.03385}, 
}
@article{modrag2,
  title={Enhancing retrieval-augmented large language models with iterative retrieval-generation synergy},
  author={Shao, Zhihong and Gong, Yeyun and Shen, Yelong and Huang, Minlie and Duan, Nan and Chen, Weizhu},
  journal={arXiv preprint arXiv:2305.15294},
  year={2023}
}
@article{ryansql,
  title={Ryansql: Recursively applying sketch-based slot fillings for complex text-to-sql in cross-domain databases},
  author={Choi, DongHyun and Shin, Myeong Cheol and Kim, EungGyun and Shin, Dong Ryeol},
  journal={Computational Linguistics},
  volume={47},
  number={2},
  pages={309--332},
  year={2021},
  publisher={MIT Press One Rogers Street, Cambridge, MA 02142-1209, USA journals-info~…}
}
@misc{gemini,
      title={Gemini 1.5: Unlocking multimodal understanding across millions of tokens of context}, 
      author={Gemini Team and Petko Georgiev and Ving Ian Lei and Ryan Burnell and Libin Bai and Anmol Gulati and Garrett Tanzer and Damien Vincent and Zhufeng Pan and Shibo Wang and Soroosh Mariooryad and Yifan Ding and Xinyang Geng and Fred Alcober and Roy Frostig and Mark Omernick and Lexi Walker and Cosmin Paduraru and Christina Sorokin and Andrea Tacchetti and Colin Gaffney and Samira Daruki and Olcan Sercinoglu and Zach Gleicher and Juliette Love and Paul Voigtlaender and Rohan Jain and Gabriela Surita and Kareem Mohamed and Rory Blevins and Junwhan Ahn and Tao Zhu and Kornraphop Kawintiranon and Orhan Firat and Yiming Gu and Yujing Zhang and Matthew Rahtz and Manaal Faruqui and Natalie Clay and Justin Gilmer and JD Co-Reyes and Ivo Penchev and Rui Zhu and Nobuyuki Morioka and Kevin Hui and Krishna Haridasan and Victor Campos and Mahdis Mahdieh and Mandy Guo and Samer Hassan and Kevin Kilgour and Arpi Vezer and Heng-Tze Cheng and Raoul de Liedekerke and Siddharth Goyal and Paul Barham and DJ Strouse and Seb Noury and Jonas Adler and Mukund Sundararajan and Sharad Vikram and Dmitry Lepikhin and Michela Paganini and Xavier Garcia and Fan Yang and Dasha Valter and Maja Trebacz and Kiran Vodrahalli and Chulayuth Asawaroengchai and Roman Ring and Norbert Kalb and Livio Baldini Soares and Siddhartha Brahma and David Steiner and Tianhe Yu and Fabian Mentzer and Antoine He and Lucas Gonzalez and Bibo Xu and Raphael Lopez Kaufman and Laurent El Shafey and Junhyuk Oh and Tom Hennigan and George van den Driessche and Seth Odoom and Mario Lucic and Becca Roelofs and Sid Lall and Amit Marathe and Betty Chan and Santiago Ontanon and Luheng He and Denis Teplyashin and Jonathan Lai and Phil Crone and Bogdan Damoc and Lewis Ho and Sebastian Riedel and Karel Lenc and Chih-Kuan Yeh and Aakanksha Chowdhery and Yang Xu and Mehran Kazemi and Ehsan Amid and Anastasia Petrushkina and Kevin Swersky and Ali Khodaei and Gowoon Chen and Chris Larkin and Mario Pinto and Geng Yan and Adria Puigdomenech Badia and Piyush Patil and Steven Hansen and Dave Orr and Sebastien M. R. Arnold and Jordan Grimstad and Andrew Dai and Sholto Douglas and Rishika Sinha and Vikas Yadav and Xi Chen and Elena Gribovskaya and Jacob Austin and Jeffrey Zhao and Kaushal Patel and Paul Komarek and Sophia Austin and Sebastian Borgeaud and Linda Friso and Abhimanyu Goyal and Ben Caine and Kris Cao and Da-Woon Chung and Matthew Lamm and Gabe Barth-Maron and Thais Kagohara and Kate Olszewska and Mia Chen and Kaushik Shivakumar and Rishabh Agarwal and Harshal Godhia and Ravi Rajwar and Javier Snaider and Xerxes Dotiwalla and Yuan Liu and Aditya Barua and Victor Ungureanu and Yuan Zhang and Bat-Orgil Batsaikhan and Mateo Wirth and James Qin and Ivo Danihelka and Tulsee Doshi and Martin Chadwick and Jilin Chen and Sanil Jain and Quoc Le and Arjun Kar and Madhu Gurumurthy and Cheng Li and Ruoxin Sang and Fangyu Liu and Lampros Lamprou and Rich Munoz and Nathan Lintz and Harsh Mehta and Heidi Howard and Malcolm Reynolds and Lora Aroyo and Quan Wang and Lorenzo Blanco and Albin Cassirer and Jordan Griffith and Dipanjan Das and Stephan Lee and Jakub Sygnowski and Zach Fisher and James Besley and Richard Powell and Zafarali Ahmed and Dominik Paulus and David Reitter and Zalan Borsos and Rishabh Joshi and Aedan Pope and Steven Hand and Vittorio Selo and Vihan Jain and Nikhil Sethi and Megha Goel and Takaki Makino and Rhys May and Zhen Yang and Johan Schalkwyk and Christina Butterfield and Anja Hauth and Alex Goldin and Will Hawkins and Evan Senter and Sergey Brin and Oliver Woodman and Marvin Ritter and Eric Noland and Minh Giang and Vijay Bolina and Lisa Lee and Tim Blyth and Ian Mackinnon and Machel Reid and Obaid Sarvana and David Silver and Alexander Chen and Lily Wang and Loren Maggiore and Oscar Chang and Nithya Attaluri and Gregory Thornton and Chung-Cheng Chiu and Oskar Bunyan and Nir Levine and Timothy Chung and Evgenii Eltyshev and Xiance Si and Timothy Lillicrap and Demetra Brady and Vaibhav Aggarwal and Boxi Wu and Yuanzhong Xu and Ross McIlroy and Kartikeya Badola and Paramjit Sandhu and Erica Moreira and Wojciech Stokowiec and Ross Hemsley and Dong Li and Alex Tudor and Pranav Shyam and Elahe Rahimtoroghi and Salem Haykal and Pablo Sprechmann and Xiang Zhou and Diana Mincu and Yujia Li and Ravi Addanki and Kalpesh Krishna and Xiao Wu and Alexandre Frechette and Matan Eyal and Allan Dafoe and Dave Lacey and Jay Whang and Thi Avrahami and Ye Zhang and Emanuel Taropa and Hanzhao Lin and Daniel Toyama and Eliza Rutherford and Motoki Sano and HyunJeong Choe and Alex Tomala and Chalence Safranek-Shrader and Nora Kassner and Mantas Pajarskas and Matt Harvey and Sean Sechrist and Meire Fortunato and Christina Lyu and Gamaleldin Elsayed and Chenkai Kuang and James Lottes and Eric Chu and Chao Jia and Chih-Wei Chen and Peter Humphreys and Kate Baumli and Connie Tao and Rajkumar Samuel and Cicero Nogueira dos Santos and Anders Andreassen and Nemanja Rakićević and Dominik Grewe and Aviral Kumar and Stephanie Winkler and Jonathan Caton and Andrew Brock and Sid Dalmia and Hannah Sheahan and Iain Barr and Yingjie Miao and Paul Natsev and Jacob Devlin and Feryal Behbahani and Flavien Prost and Yanhua Sun and Artiom Myaskovsky and Thanumalayan Sankaranarayana Pillai and Dan Hurt and Angeliki Lazaridou and Xi Xiong and Ce Zheng and Fabio Pardo and Xiaowei Li and Dan Horgan and Joe Stanton and Moran Ambar and Fei Xia and Alejandro Lince and Mingqiu Wang and Basil Mustafa and Albert Webson and Hyo Lee and Rohan Anil and Martin Wicke and Timothy Dozat and Abhishek Sinha and Enrique Piqueras and Elahe Dabir and Shyam Upadhyay and Anudhyan Boral and Lisa Anne Hendricks and Corey Fry and Josip Djolonga and Yi Su and Jake Walker and Jane Labanowski and Ronny Huang and Vedant Misra and Jeremy Chen and RJ Skerry-Ryan and Avi Singh and Shruti Rijhwani and Dian Yu and Alex Castro-Ros and Beer Changpinyo and Romina Datta and Sumit Bagri and Arnar Mar Hrafnkelsson and Marcello Maggioni and Daniel Zheng and Yury Sulsky and Shaobo Hou and Tom Le Paine and Antoine Yang and Jason Riesa and Dominika Rogozinska and Dror Marcus and Dalia El Badawy and Qiao Zhang and Luyu Wang and Helen Miller and Jeremy Greer and Lars Lowe Sjos and Azade Nova and Heiga Zen and Rahma Chaabouni and Mihaela Rosca and Jiepu Jiang and Charlie Chen and Ruibo Liu and Tara Sainath and Maxim Krikun and Alex Polozov and Jean-Baptiste Lespiau and Josh Newlan and Zeyncep Cankara and Soo Kwak and Yunhan Xu and Phil Chen and Andy Coenen and Clemens Meyer and Katerina Tsihlas and Ada Ma and Juraj Gottweis and Jinwei Xing and Chenjie Gu and Jin Miao and Christian Frank and Zeynep Cankara and Sanjay Ganapathy and Ishita Dasgupta and Steph Hughes-Fitt and Heng Chen and David Reid and Keran Rong and Hongmin Fan and Joost van Amersfoort and Vincent Zhuang and Aaron Cohen and Shixiang Shane Gu and Anhad Mohananey and Anastasija Ilic and Taylor Tobin and John Wieting and Anna Bortsova and Phoebe Thacker and Emma Wang and Emily Caveness and Justin Chiu and Eren Sezener and Alex Kaskasoli and Steven Baker and Katie Millican and Mohamed Elhawaty and Kostas Aisopos and Carl Lebsack and Nathan Byrd and Hanjun Dai and Wenhao Jia and Matthew Wiethoff and Elnaz Davoodi and Albert Weston and Lakshman Yagati and Arun Ahuja and Isabel Gao and Golan Pundak and Susan Zhang and Michael Azzam and Khe Chai Sim and Sergi Caelles and James Keeling and Abhanshu Sharma and Andy Swing and YaGuang Li and Chenxi Liu and Carrie Grimes Bostock and Yamini Bansal and Zachary Nado and Ankesh Anand and Josh Lipschultz and Abhijit Karmarkar and Lev Proleev and Abe Ittycheriah and Soheil Hassas Yeganeh and George Polovets and Aleksandra Faust and Jiao Sun and Alban Rrustemi and Pen Li and Rakesh Shivanna and Jeremiah Liu and Chris Welty and Federico Lebron and Anirudh Baddepudi and Sebastian Krause and Emilio Parisotto and Radu Soricut and Zheng Xu and Dawn Bloxwich and Melvin Johnson and Behnam Neyshabur and Justin Mao-Jones and Renshen Wang and Vinay Ramasesh and Zaheer Abbas and Arthur Guez and Constant Segal and Duc Dung Nguyen and James Svensson and Le Hou and Sarah York and Kieran Milan and Sophie Bridgers and Wiktor Gworek and Marco Tagliasacchi and James Lee-Thorp and Michael Chang and Alexey Guseynov and Ale Jakse Hartman and Michael Kwong and Ruizhe Zhao and Sheleem Kashem and Elizabeth Cole and Antoine Miech and Richard Tanburn and Mary Phuong and Filip Pavetic and Sebastien Cevey and Ramona Comanescu and Richard Ives and Sherry Yang and Cosmo Du and Bo Li and Zizhao Zhang and Mariko Iinuma and Clara Huiyi Hu and Aurko Roy and Shaan Bijwadia and Zhenkai Zhu and Danilo Martins and Rachel Saputro and Anita Gergely and Steven Zheng and Dawei Jia and Ioannis Antonoglou and Adam Sadovsky and Shane Gu and Yingying Bi and Alek Andreev and Sina Samangooei and Mina Khan and Tomas Kocisky and Angelos Filos and Chintu Kumar and Colton Bishop and Adams Yu and Sarah Hodkinson and Sid Mittal and Premal Shah and Alexandre Moufarek and Yong Cheng and Adam Bloniarz and Jaehoon Lee and Pedram Pejman and Paul Michel and Stephen Spencer and Vladimir Feinberg and Xuehan Xiong and Nikolay Savinov and Charlotte Smith and Siamak Shakeri and Dustin Tran and Mary Chesus and Bernd Bohnet and George Tucker and Tamara von Glehn and Carrie Muir and Yiran Mao and Hideto Kazawa and Ambrose Slone and Kedar Soparkar and Disha Shrivastava and James Cobon-Kerr and Michael Sharman and Jay Pavagadhi and Carlos Araya and Karolis Misiunas and Nimesh Ghelani and Michael Laskin and David Barker and Qiujia Li and Anton Briukhov and Neil Houlsby and Mia Glaese and Balaji Lakshminarayanan and Nathan Schucher and Yunhao Tang and Eli Collins and Hyeontaek Lim and Fangxiaoyu Feng and Adria Recasens and Guangda Lai and Alberto Magni and Nicola De Cao and Aditya Siddhant and Zoe Ashwood and Jordi Orbay and Mostafa Dehghani and Jenny Brennan and Yifan He and Kelvin Xu and Yang Gao and Carl Saroufim and James Molloy and Xinyi Wu and Seb Arnold and Solomon Chang and Julian Schrittwieser and Elena Buchatskaya and Soroush Radpour and Martin Polacek and Skye Giordano and Ankur Bapna and Simon Tokumine and Vincent Hellendoorn and Thibault Sottiaux and Sarah Cogan and Aliaksei Severyn and Mohammad Saleh and Shantanu Thakoor and Laurent Shefey and Siyuan Qiao and Meenu Gaba and Shuo-yiin Chang and Craig Swanson and Biao Zhang and Benjamin Lee and Paul Kishan Rubenstein and Gan Song and Tom Kwiatkowski and Anna Koop and Ajay Kannan and David Kao and Parker Schuh and Axel Stjerngren and Golnaz Ghiasi and Gena Gibson and Luke Vilnis and Ye Yuan and Felipe Tiengo Ferreira and Aishwarya Kamath and Ted Klimenko and Ken Franko and Kefan Xiao and Indro Bhattacharya and Miteyan Patel and Rui Wang and Alex Morris and Robin Strudel and Vivek Sharma and Peter Choy and Sayed Hadi Hashemi and Jessica Landon and Mara Finkelstein and Priya Jhakra and Justin Frye and Megan Barnes and Matthew Mauger and Dennis Daun and Khuslen Baatarsukh and Matthew Tung and Wael Farhan and Henryk Michalewski and Fabio Viola and Felix de Chaumont Quitry and Charline Le Lan and Tom Hudson and Qingze Wang and Felix Fischer and Ivy Zheng and Elspeth White and Anca Dragan and Jean-baptiste Alayrac and Eric Ni and Alexander Pritzel and Adam Iwanicki and Michael Isard and Anna Bulanova and Lukas Zilka and Ethan Dyer and Devendra Sachan and Srivatsan Srinivasan and Hannah Muckenhirn and Honglong Cai and Amol Mandhane and Mukarram Tariq and Jack W. Rae and Gary Wang and Kareem Ayoub and Nicholas FitzGerald and Yao Zhao and Woohyun Han and Chris Alberti and Dan Garrette and Kashyap Krishnakumar and Mai Gimenez and Anselm Levskaya and Daniel Sohn and Josip Matak and Inaki Iturrate and Michael B. Chang and Jackie Xiang and Yuan Cao and Nishant Ranka and Geoff Brown and Adrian Hutter and Vahab Mirrokni and Nanxin Chen and Kaisheng Yao and Zoltan Egyed and Francois Galilee and Tyler Liechty and Praveen Kallakuri and Evan Palmer and Sanjay Ghemawat and Jasmine Liu and David Tao and Chloe Thornton and Tim Green and Mimi Jasarevic and Sharon Lin and Victor Cotruta and Yi-Xuan Tan and Noah Fiedel and Hongkun Yu and Ed Chi and Alexander Neitz and Jens Heitkaemper and Anu Sinha and Denny Zhou and Yi Sun and Charbel Kaed and Brice Hulse and Swaroop Mishra and Maria Georgaki and Sneha Kudugunta and Clement Farabet and Izhak Shafran and Daniel Vlasic and Anton Tsitsulin and Rajagopal Ananthanarayanan and Alen Carin and Guolong Su and Pei Sun and Shashank V and Gabriel Carvajal and Josef Broder and Iulia Comsa and Alena Repina and William Wong and Warren Weilun Chen and Peter Hawkins and Egor Filonov and Lucia Loher and Christoph Hirnschall and Weiyi Wang and Jingchen Ye and Andrea Burns and Hardie Cate and Diana Gage Wright and Federico Piccinini and Lei Zhang and Chu-Cheng Lin and Ionel Gog and Yana Kulizhskaya and Ashwin Sreevatsa and Shuang Song and Luis C. Cobo and Anand Iyer and Chetan Tekur and Guillermo Garrido and Zhuyun Xiao and Rupert Kemp and Huaixiu Steven Zheng and Hui Li and Ananth Agarwal and Christel Ngani and Kati Goshvadi and Rebeca Santamaria-Fernandez and Wojciech Fica and Xinyun Chen and Chris Gorgolewski and Sean Sun and Roopal Garg and Xinyu Ye and S. M. Ali Eslami and Nan Hua and Jon Simon and Pratik Joshi and Yelin Kim and Ian Tenney and Sahitya Potluri and Lam Nguyen Thiet and Quan Yuan and Florian Luisier and Alexandra Chronopoulou and Salvatore Scellato and Praveen Srinivasan and Minmin Chen and Vinod Koverkathu and Valentin Dalibard and Yaming Xu and Brennan Saeta and Keith Anderson and Thibault Sellam and Nick Fernando and Fantine Huot and Junehyuk Jung and Mani Varadarajan and Michael Quinn and Amit Raul and Maigo Le and Ruslan Habalov and Jon Clark and Komal Jalan and Kalesha Bullard and Achintya Singhal and Thang Luong and Boyu Wang and Sujeevan Rajayogam and Julian Eisenschlos and Johnson Jia and Daniel Finchelstein and Alex Yakubovich and Daniel Balle and Michael Fink and Sameer Agarwal and Jing Li and Dj Dvijotham and Shalini Pal and Kai Kang and Jaclyn Konzelmann and Jennifer Beattie and Olivier Dousse and Diane Wu and Remi Crocker and Chen Elkind and Siddhartha Reddy Jonnalagadda and Jong Lee and Dan Holtmann-Rice and Krystal Kallarackal and Rosanne Liu and Denis Vnukov and Neera Vats and Luca Invernizzi and Mohsen Jafari and Huanjie Zhou and Lilly Taylor and Jennifer Prendki and Marcus Wu and Tom Eccles and Tianqi Liu and Kavya Kopparapu and Francoise Beaufays and Christof Angermueller and Andreea Marzoca and Shourya Sarcar and Hilal Dib and Jeff Stanway and Frank Perbet and Nejc Trdin and Rachel Sterneck and Andrey Khorlin and Dinghua Li and Xihui Wu and Sonam Goenka and David Madras and Sasha Goldshtein and Willi Gierke and Tong Zhou and Yaxin Liu and Yannie Liang and Anais White and Yunjie Li and Shreya Singh and Sanaz Bahargam and Mark Epstein and Sujoy Basu and Li Lao and Adnan Ozturel and Carl Crous and Alex Zhai and Han Lu and Zora Tung and Neeraj Gaur and Alanna Walton and Lucas Dixon and Ming Zhang and Amir Globerson and Grant Uy and Andrew Bolt and Olivia Wiles and Milad Nasr and Ilia Shumailov and Marco Selvi and Francesco Piccinno and Ricardo Aguilar and Sara McCarthy and Misha Khalman and Mrinal Shukla and Vlado Galic and John Carpenter and Kevin Villela and Haibin Zhang and Harry Richardson and James Martens and Matko Bosnjak and Shreyas Rammohan Belle and Jeff Seibert and Mahmoud Alnahlawi and Brian McWilliams and Sankalp Singh and Annie Louis and Wen Ding and Dan Popovici and Lenin Simicich and Laura Knight and Pulkit Mehta and Nishesh Gupta and Chongyang Shi and Saaber Fatehi and Jovana Mitrovic and Alex Grills and Joseph Pagadora and Dessie Petrova and Danielle Eisenbud and Zhishuai Zhang and Damion Yates and Bhavishya Mittal and Nilesh Tripuraneni and Yannis Assael and Thomas Brovelli and Prateek Jain and Mihajlo Velimirovic and Canfer Akbulut and Jiaqi Mu and Wolfgang Macherey and Ravin Kumar and Jun Xu and Haroon Qureshi and Gheorghe Comanici and Jeremy Wiesner and Zhitao Gong and Anton Ruddock and Matthias Bauer and Nick Felt and Anirudh GP and Anurag Arnab and Dustin Zelle and Jonas Rothfuss and Bill Rosgen and Ashish Shenoy and Bryan Seybold and Xinjian Li and Jayaram Mudigonda and Goker Erdogan and Jiawei Xia and Jiri Simsa and Andrea Michi and Yi Yao and Christopher Yew and Steven Kan and Isaac Caswell and Carey Radebaugh and Andre Elisseeff and Pedro Valenzuela and Kay McKinney and Kim Paterson and Albert Cui and Eri Latorre-Chimoto and Solomon Kim and William Zeng and Ken Durden and Priya Ponnapalli and Tiberiu Sosea and Christopher A. Choquette-Choo and James Manyika and Brona Robenek and Harsha Vashisht and Sebastien Pereira and Hoi Lam and Marko Velic and Denese Owusu-Afriyie and Katherine Lee and Tolga Bolukbasi and Alicia Parrish and Shawn Lu and Jane Park and Balaji Venkatraman and Alice Talbert and Lambert Rosique and Yuchung Cheng and Andrei Sozanschi and Adam Paszke and Praveen Kumar and Jessica Austin and Lu Li and Khalid Salama and Wooyeol Kim and Nandita Dukkipati and Anthony Baryshnikov and Christos Kaplanis and XiangHai Sheng and Yuri Chervonyi and Caglar Unlu and Diego de Las Casas and Harry Askham and Kathryn Tunyasuvunakool and Felix Gimeno and Siim Poder and Chester Kwak and Matt Miecnikowski and Vahab Mirrokni and Alek Dimitriev and Aaron Parisi and Dangyi Liu and Tomy Tsai and Toby Shevlane and Christina Kouridi and Drew Garmon and Adrian Goedeckemeyer and Adam R. Brown and Anitha Vijayakumar and Ali Elqursh and Sadegh Jazayeri and Jin Huang and Sara Mc Carthy and Jay Hoover and Lucy Kim and Sandeep Kumar and Wei Chen and Courtney Biles and Garrett Bingham and Evan Rosen and Lisa Wang and Qijun Tan and David Engel and Francesco Pongetti and Dario de Cesare and Dongseong Hwang and Lily Yu and Jennifer Pullman and Srini Narayanan and Kyle Levin and Siddharth Gopal and Megan Li and Asaf Aharoni and Trieu Trinh and Jessica Lo and Norman Casagrande and Roopali Vij and Loic Matthey and Bramandia Ramadhana and Austin Matthews and CJ Carey and Matthew Johnson and Kremena Goranova and Rohin Shah and Shereen Ashraf and Kingshuk Dasgupta and Rasmus Larsen and Yicheng Wang and Manish Reddy Vuyyuru and Chong Jiang and Joana Ijazi and Kazuki Osawa and Celine Smith and Ramya Sree Boppana and Taylan Bilal and Yuma Koizumi and Ying Xu and Yasemin Altun and Nir Shabat and Ben Bariach and Alex Korchemniy and Kiam Choo and Olaf Ronneberger and Chimezie Iwuanyanwu and Shubin Zhao and David Soergel and Cho-Jui Hsieh and Irene Cai and Shariq Iqbal and Martin Sundermeyer and Zhe Chen and Elie Bursztein and Chaitanya Malaviya and Fadi Biadsy and Prakash Shroff and Inderjit Dhillon and Tejasi Latkar and Chris Dyer and Hannah Forbes and Massimo Nicosia and Vitaly Nikolaev and Somer Greene and Marin Georgiev and Pidong Wang and Nina Martin and Hanie Sedghi and John Zhang and Praseem Banzal and Doug Fritz and Vikram Rao and Xuezhi Wang and Jiageng Zhang and Viorica Patraucean and Dayou Du and Igor Mordatch and Ivan Jurin and Lewis Liu and Ayush Dubey and Abhi Mohan and Janek Nowakowski and Vlad-Doru Ion and Nan Wei and Reiko Tojo and Maria Abi Raad and Drew A. Hudson and Vaishakh Keshava and Shubham Agrawal and Kevin Ramirez and Zhichun Wu and Hoang Nguyen and Ji Liu and Madhavi Sewak and Bryce Petrini and DongHyun Choi and Ivan Philips and Ziyue Wang and Ioana Bica and Ankush Garg and Jarek Wilkiewicz and Priyanka Agrawal and Xiaowei Li and Danhao Guo and Emily Xue and Naseer Shaik and Andrew Leach and Sadh MNM Khan and Julia Wiesinger and Sammy Jerome and Abhishek Chakladar and Alek Wenjiao Wang and Tina Ornduff and Folake Abu and Alireza Ghaffarkhah and Marcus Wainwright and Mario Cortes and Frederick Liu and Joshua Maynez and Andreas Terzis and Pouya Samangouei and Riham Mansour and Tomasz Kępa and François-Xavier Aubet and Anton Algymr and Dan Banica and Agoston Weisz and Andras Orban and Alexandre Senges and Ewa Andrejczuk and Mark Geller and Niccolo Dal Santo and Valentin Anklin and Majd Al Merey and Martin Baeuml and Trevor Strohman and Junwen Bai and Slav Petrov and Yonghui Wu and Demis Hassabis and Koray Kavukcuoglu and Jeffrey Dean and Oriol Vinyals},
      year={2024},
      eprint={2403.05530},
      archivePrefix={arXiv},
      primaryClass={cs.CL},
      url={https://arxiv.org/abs/2403.05530}, 
}
@article{gpt,
  title={Language models are unsupervised multitask learners},
  author={Radford, Alec and Wu, Jeffrey and Child, Rewon and Luan, David and Amodei, Dario and Sutskever, Ilya and others},
  journal={OpenAI blog},
  volume={1},
  number={8},
  pages={9},
  year={2019}
}
@misc{bert,
      title={BERT: Pre-training of Deep Bidirectional Transformers for Language Understanding}, 
      author={Jacob Devlin and Ming-Wei Chang and Kenton Lee and Kristina Toutanova},
      year={2019},
      eprint={1810.04805},
      archivePrefix={arXiv},
      primaryClass={cs.CL},
      url={https://arxiv.org/abs/1810.04805}, 
}
@article{self-refine,
  title={Self-refine: Iterative refinement with self-feedback},
  author={Madaan, Aman and Tandon, Niket and Gupta, Prakhar and Hallinan, Skyler and Gao, Luyu and Wiegreffe, Sarah and Alon, Uri and Dziri, Nouha and Prabhumoye, Shrimai and Yang, Yiming and others},
  journal={Advances in Neural Information Processing Systems},
  volume={36},
  year={2024}
}
@misc{cot,
      title={Chain-of-Thought Prompting Elicits Reasoning in Large Language Models}, 
      author={Jason Wei and Xuezhi Wang and Dale Schuurmans and Maarten Bosma and Brian Ichter and Fei Xia and Ed Chi and Quoc Le and Denny Zhou},
      year={2023},
      eprint={2201.11903},
      archivePrefix={arXiv},
      primaryClass={cs.CL},
      url={https://arxiv.org/abs/2201.11903}, 
}