@inproceedings{cao2022monoscene,
  title={Monoscene: Monocular 3d semantic scene completion},
  author={Cao, Anh-Quan and De Charette, Raoul},
  booktitle={Proceedings of the IEEE/CVF Conference on Computer Vision and Pattern Recognition},
  pages={3991--4001},
  year={2022}
}

@article{duan2024cellmap,
  title={CELLmap: Enhancing LiDAR SLAM through Elastic and Lightweight Spherical Map Representation},
  author={Duan, Yifan and Zhang, Xinran and Li, Yao and You, Guoliang and Chu, Xiaomeng and Ji, Jianmin and Zhang, Yanyong},
  journal={arXiv preprint arXiv:2409.19597},
  year={2024}
}

@inproceedings{huang2023tri,
  title={Tri-perspective view for vision-based 3d semantic occupancy prediction},
  author={Huang, Yuanhui and Zheng, Wenzhao and Zhang, Yunpeng and Zhou, Jie and Lu, Jiwen},
  booktitle={Proceedings of the IEEE/CVF conference on computer vision and pattern recognition},
  pages={9223--9232},
  year={2023}
}

@article{huang2024textit,
  title={S3 Gaussian: Self-Supervised Street Gaussians for Autonomous Driving},
  author={Huang, Nan and Wei, Xiaobao and Zheng, Wenzhao and An, Pengju and Lu, Ming and Zhan, Wei and Tomizuka, Masayoshi and Keutzer, Kurt and Zhang, Shanghang},
  journal={arXiv preprint arXiv:2405.20323},
  year={2024}
}

@article{kerbl20233d,
  title={3D Gaussian Splatting for Real-Time Radiance Field Rendering.},
  author={Kerbl, Bernhard and Kopanas, Georgios and Leimk{\"u}hler, Thomas and Drettakis, George},
  journal={ACM Trans. Graph.},
  volume={42},
  number={4},
  pages={139--1},
  year={2023}
}

@inproceedings{li2024occ,
  title={Occ-vo: Dense mapping via 3d occupancy-based visual odometry for autonomous driving},
  author={Li, Heng and Duan, Yifan and Zhang, Xinran and Liu, Haiyi and Ji, Jianmin and Zhang, Yanyong},
  booktitle={2024 IEEE International Conference on Robotics and Automation (ICRA)},
  pages={17961--17967},
  year={2024},
  organization={IEEE}
}

@article{luiten2023dynamic,
  title={Dynamic 3d gaussians: Tracking by persistent dynamic view synthesis},
  author={Luiten, Jonathon and Kopanas, Georgios and Leibe, Bastian and Ramanan, Deva},
  journal={arXiv preprint arXiv:2308.09713},
  year={2023}
}

@inproceedings{ost2021neural,
  title={Neural scene graphs for dynamic scenes},
  author={Ost, Julian and Mannan, Fahim and Thuerey, Nils and Knodt, Julian and Heide, Felix},
  booktitle={Proceedings of the IEEE/CVF Conference on Computer Vision and Pattern Recognition},
  pages={2856--2865},
  year={2021}
}

@article{song2022towards,
  title={Towards efficient neural scene graphs by learning consistency fields},
  author={Song, Yeji and Kong, Chaerin and Lee, Seoyoung and Kwak, Nojun and Lee, Joonseok},
  journal={arXiv preprint arXiv:2210.04127},
  year={2022}
}

@article{tian2024occ3d,
  title={Occ3d: A large-scale 3d occupancy prediction benchmark for autonomous driving},
  author={Tian, Xiaoyu and Jiang, Tao and Yun, Longfei and Mao, Yucheng and Yang, Huitong and Wang, Yue and Wang, Yilun and Zhao, Hang},
  journal={Advances in Neural Information Processing Systems},
  volume={36},
  year={2024}
}

@inproceedings{turki2022mega,
  title={Mega-nerf: Scalable construction of large-scale nerfs for virtual fly-throughs},
  author={Turki, Haithem and Ramanan, Deva and Satyanarayanan, Mahadev},
  booktitle={Proceedings of the IEEE/CVF Conference on Computer Vision and Pattern Recognition},
  pages={12922--12931},
  year={2022}
}

@inproceedings{turki2023suds,
  title={Suds: Scalable urban dynamic scenes},
  author={Turki, Haithem and Zhang, Jason Y and Ferroni, Francesco and Ramanan, Deva},
  booktitle={Proceedings of the IEEE/CVF Conference on Computer Vision and Pattern Recognition},
  pages={12375--12385},
  year={2023}
}

@inproceedings{wei2023surroundocc,
  title={Surroundocc: Multi-camera 3d occupancy prediction for autonomous driving},
  author={Wei, Yi and Zhao, Linqing and Zheng, Wenzhao and Zhu, Zheng and Zhou, Jie and Lu, Jiwen},
  booktitle={Proceedings of the IEEE/CVF International Conference on Computer Vision},
  pages={21729--21740},
  year={2023}
}

@inproceedings{wu2023mars,
  title={Mars: An instance-aware, modular and realistic simulator for autonomous driving},
  author={Wu, Zirui and Liu, Tianyu and Luo, Liyi and Zhong, Zhide and Chen, Jianteng and Xiao, Hongmin and Hou, Chao and Lou, Haozhe and Chen, Yuantao and Yang, Runyi and others},
  booktitle={CAAI International Conference on Artificial Intelligence},
  pages={3--15},
  year={2023},
  organization={Springer}
}

@article{xie2023s,
  title={S-nerf: Neural radiance fields for street views},
  author={Xie, Ziyang and Zhang, Junge and Li, Wenye and Zhang, Feihu and Zhang, Li},
  journal={arXiv preprint arXiv:2303.00749},
  year={2023}
}

@inproceedings{xu2023grid,
  title={Grid-guided neural radiance fields for large urban scenes},
  author={Xu, Linning and Xiangli, Yuanbo and Peng, Sida and Pan, Xingang and Zhao, Nanxuan and Theobalt, Christian and Dai, Bo and Lin, Dahua},
  booktitle={Proceedings of the IEEE/CVF Conference on Computer Vision and Pattern Recognition},
  pages={8296--8306},
  year={2023}
}

@article{yan2024street,
  title={Street gaussians for modeling dynamic urban scenes},
  author={Yan, Yunzhi and Lin, Haotong and Zhou, Chenxu and Wang, Weijie and Sun, Haiyang and Zhan, Kun and Lang, Xianpeng and Zhou, Xiaowei and Peng, Sida},
  journal={arXiv preprint arXiv:2401.01339},
  year={2024}
}

@article{yang2023emernerf,
  title={Emernerf: Emergent spatial-temporal scene decomposition via self-supervision},
  author={Yang, Jiawei and Ivanovic, Boris and Litany, Or and Weng, Xinshuo and Kim, Seung Wook and Li, Boyi and Che, Tong and Xu, Danfei and Fidler, Sanja and Pavone, Marco and others},
  journal={arXiv preprint arXiv:2311.02077},
  year={2023}
}

@inproceedings{yang2024deformable,
  title={Deformable 3d gaussians for high-fidelity monocular dynamic scene reconstruction},
  author={Yang, Ziyi and Gao, Xinyu and Zhou, Wen and Jiao, Shaohui and Zhang, Yuqing and Jin, Xiaogang},
  booktitle={Proceedings of the IEEE/CVF Conference on Computer Vision and Pattern Recognition},
  pages={20331--20341},
  year={2024}
}

@article{zheng2023occworld,
  title={Occworld: Learning a 3d occupancy world model for autonomous driving},
  author={Zheng, Wenzhao and Chen, Weiliang and Huang, Yuanhui and Zhang, Borui and Duan, Yueqi and Lu, Jiwen},
  journal={arXiv preprint arXiv:2311.16038},
  year={2023}
}

@inproceedings{zhou2024drivinggaussian,
  title={Drivinggaussian: Composite gaussian splatting for surrounding dynamic autonomous driving scenes},
  author={Zhou, Xiaoyu and Lin, Zhiwei and Shan, Xiaojun and Wang, Yongtao and Sun, Deqing and Yang, Ming-Hsuan},
  booktitle={Proceedings of the IEEE/CVF Conference on Computer Vision and Pattern Recognition},
  pages={21634--21643},
  year={2024}
}

