@ARTICLE{DM16_CACM,
  author =       {P.~Drineas and M.~W.~Mahoney},
  title =        {{RandNLA}: Randomized Numerical Linear Algebra},
  journal =      {Communications of the ACM},
  year =         {2016},
  volume =       {59},
  number =       {},
  pages =        {80--90},
}

@ARTICLE{DM21_NoticesAMS,
  author =       {Derezi{\'n}ski, Micha{\l} and Mahoney, Michael W },
  title =        {Determinantal Point Processes in Randomized Numerical Linear Algebra},
  journal =      {Notices of the AMS},
  year =         {2021},
  volume =       {68},
  number =       {1},
  pages =        {34--45},
}

@book{anderson2010introduction, 
year = {2010}, 
title = {{An Introduction to Random Matrices}}, 
author = {Anderson, Greg W. and Guionnet, Alice and Zeitouni, Ofer}, 
volume = {118}, 
series = {Cambridge Studies in Advanced Mathematics}, 
publisher = {Cambridge University Press}, 
keywords = {}
}

@article{bollapragada2019exact,
  title={Exact and inexact subsampled {Newton} methods for optimization},
  author={Bollapragada, Raghu and Byrd, Richard H and Nocedal, Jorge},
  journal={IMA Journal of Numerical Analysis},
  volume={39},
  number={2},
  pages={545--578},
  year={2019},
  publisher={Oxford University Press}
}

@book{boyd2004convex,
  title={Convex {Optimization}},
  author={Boyd, Stephen P and Vandenberghe, Lieven},
  year={2004},
  publisher={Cambridge University Press}
}

@inproceedings{cohen2017input,
  title={Input sparsity time low-rank approximation via ridge leverage score sampling},
  author={Cohen, Michael B and Musco, Cameron and Musco, Christopher},
  booktitle={Proceedings of the Twenty-Eighth Annual ACM-SIAM Symposium on Discrete Algorithms},
  pages={1758--1777},
  year={2017},
  organization={SIAM}
}

@book{couillet2011random, 
year = {2011}, 
title = {{Random Matrix Methods for Wireless Communications}}, 
author = {Couillet, Romain and Debbah, Mérouane}, 
publisher = {Cambridge University Press}, 
keywords = {}
}

@book{couillet2022RMT4ML,
  title={{Random Matrix Methods for Machine Learning}},
  author={Couillet, Romain and Liao, Zhenyu},
  year={2022},
  publisher={Cambridge University Press}
}

@article{deng2024subsampling,
  title={Subsampling spectral clustering for stochastic block models in large-scale networks},
  author={Deng, Jiayi and Huang, Danyang and Ding, Yi and Zhu, Yingqiu and Jing, Bingyi and Zhang, Bo},
  journal={{Computational Statistics \textnormal{\&} Data Analysis}},
  volume={189},
  pages={107835},
  year={2024},
  publisher={Elsevier}
}

@inproceedings{derezinski2021newtonless,
 author = {Derezi{\'n}ski, Micha{\l} and Lacotte, Jonathan and Pilanci, Mert and Mahoney, Michael W},
 booktitle = {Advances in Neural Information Processing Systems},
 pages = {2835--2847},
 publisher = {Curran Associates, Inc.},
 title = {Newton-LESS: Sparsification without Trade-offs for the Sketched {Newton} Update},
 volume = {34},
 year = {2021}
}

@inproceedings{derezinski2021sparse,
  title =    {Sparse sketches with small inversion bias},
  author =       {Derezi{\'n}ski, Micha{\l} and Liao, Zhenyu and Dobriban, Edgar and Mahoney, Michael},
  booktitle =    {Proceedings of Thirty Fourth Conference on Learning Theory },
  pages =    {1467--1510},
  year =   {2021},
  volume =   {134},
  publisher =    {PMLR},
  pdf =    {http://proceedings.mlr.press/v134/derezinski21a/derezinski21a.pdf}
}

@article{drineas2006fast1,
  title={Fast {Monte Carlo} algorithms for matrices {I}: Approximating matrix multiplication},
  author={Drineas, Petros and Kannan, Ravi and Mahoney, Michael W},
  journal={SIAM Journal on Computing},
  volume={36},
  number={1},
  pages={132--157},
  year={2006},
  publisher={SIAM}
}

@inproceedings{drineas2006sampling,
  title={Sampling algorithms for $l_2$ regression and applications},
  author={Drineas, Petros and Mahoney, Michael W and Muthukrishnan, Shan},
  booktitle={Proceedings of the Seventeenth Annual ACM-SIAM Symposium on Discrete Algorithm},
  pages={1127--1136},
  year={2006}
}

@article{drineas2012fast,
  title={Fast approximation of matrix coherence and statistical leverage},
  author={Drineas, Petros and Magdon-Ismail, Malik and Mahoney, Michael W and Woodruff, David P},
  journal={The Journal of Machine Learning Research},
  volume={13},
  number={1},
  pages={3475--3506},
  year={2012},
  publisher={JMLR. org}
}

@inproceedings{fan2020spectra,  
title = {{Spectra of the Conjugate Kernel and Neural Tangent Kernel for linear-width neural networks}}, 
author = {Fan, Zhou and Wang, Zhichao}, 
 booktitle = {Advances in Neural Information Processing Systems}, 
pages = {7710--7721},
 publisher = {Curran Associates, Inc.},
volume = {33},
 year = {2020}
}

@article{kalantzis2013Accelerating,
  title = {Accelerating Data Uncertainty Quantification by Solving Linear Systems with Multiple Right-Hand Sides},
  author = {Kalantzis, V. and Bekas, C. and Curioni, A. and Gallopoulos, E.},
  year = {2013},
  journal = {Numerical Algorithms},
  volume = {62},
  number = {4},
  pages = {637--653},
  urldate = {2024-05-16},
  langid = {english}
}

@article{lacotte2019faster,
  title={Faster least squares optimization},
  author={Lacotte, Jonathan and Pilanci, Mert},
  journal={arXiv preprint arXiv:1911.02675},
  year={2019}
}

@inproceedings{liao2020random,
 author = {Liao, Zhenyu and Couillet, Romain and Mahoney, Michael W},
 booktitle = {Advances in Neural Information Processing Systems},
 pages = {13939--13950},
 publisher = {Curran Associates, Inc.},
 title = {A random matrix analysis of random {Fourier} features: Beyond the {Gaussian} kernel, a precise phase transition, and the corresponding double descent},
 volume = {33},
 year = {2020}
}

@inproceedings{liao2021hessian,
  title = {Hessian Eigenspectra of More Realistic Nonlinear Models},
  booktitle = {Advances in Neural Information Processing Systems},
  author = {Liao, Zhenyu and Mahoney, Michael W},
  year = {2021},
  volume = {34},
  pages = {20104--20117},
  publisher = {Curran Associates, Inc.},
  copyright = {All rights reserved}
}

@inproceedings{liao2021sparse, 
year = {2021}, 
author = {Liao, Zhenyu and Couillet, Romain and Mahoney, Michael W.}, 
title = {Sparse Quantized Spectral Clustering}, 
booktitle = {International Conference on Learning Representations}, 
keywords = {}
}

@article{ma2015statistical,
  title={A Statistical Perspective on Algorithmic Leveraging},
  author={Ma, Ping and Mahoney, Michael W and Yu, Bin},
  journal={Journal of Machine Learning Research},
  volume={16},
  pages={861--911},
  year={2015}
}

@article{ma2022asymptotic,
  title={Asymptotic analysis of sampling estimators for randomized numerical linear algebra algorithms},
  author={Ma, Ping and Chen, Yongkai and Zhang, Xinlian and Xing, Xin and Ma, Jingyi and Mahoney, Michael W},
  journal={Journal of Machine Learning Research},
  volume={23},
  number={177},
  pages={1--45},
  year={2022}
}

@article{mahoney2011randomized, 
year = {2011}, 
title = {Randomized Algorithms for Matrices and Data}, 
author = {Mahoney, Michael W.}, 
journal = {Foundations and Trends® in Machine Learning}, 
pages = {123--224}, 
number = {2}, 
volume = {3}
}

@article{mei2021generalization, 
title = {The Generalization Error of Random Features Regression: Precise Asymptotics and the Double Descent Curve}, 
author = {Mei, Song and Montanari, Andrea}, 
journal = {Communications on Pure and Applied Mathematics}, 
 volume={75},
  number={4},
  pages={667--766},
  year={2022},
  publisher={Wiley Online Library},
keywords = {}
}

@inproceedings{michal2020precise,
  title = {Precise Expressions for Random Projections: {{Low-rank}} Approximation and Randomized {{Newton}}},
  booktitle = {Advances in Neural Information Processing Systems},
  author = {Derezi{\'n}ski, Micha{\l} and Liang, Feynman T and Liao, Zhenyu and Mahoney, Michael W.},
  year = {2020},
  volume = {33},
  pages = {18272---18283},
  publisher = {Curran Associates, Inc.},
  copyright = {All rights reserved}
}

@inproceedings{paquette2021SGDa,
  title = {{{SGD}} in the Large: {{Average-case}} Analysis, Asymptotics, and Stepsize Criticality},
  shorttitle = {{{SGD}} in the {{Large}}},
  booktitle = {Proceedings of {{Thirty Fourth Conference}} on {{Learning Theory}}},
  author = {Paquette, Courtney and Lee, Kiwon and Pedregosa, Fabian and Paquette, Elliot},
  year = {2021},
  pages = {3548--3626},
  publisher = {PMLR},
  urldate = {2024-05-16},
  langid = {english}
}

@article{paquette2023Haltinga,
  title = {Halting Time Is Predictable for Large Models: A Universality Property and Average-Case Analysis},
  shorttitle = {Halting {{Time}} Is {{Predictable}} for {{Large Models}}},
  author = {Paquette, Courtney and {van Merri{\"e}nboer}, Bart and Paquette, Elliot and Pedregosa, Fabian},
  year = {2023},
  journal = {Foundations of Computational Mathematics},
  volume = {23},
  number = {2},
  pages = {597--673},
  urldate = {2024-05-16},
  langid = {english}
}

@inproceedings{pennington2017nonlinear, 
year = {2017}, 
author = {Pennington, Jeffrey and Worah, Pratik}, 
title = {{Nonlinear random matrix theory for deep learning}}, 
booktitle = {Advances in Neural Information Processing Systems}, 
pages = {2637--2646}, 
volume = {30}, 
series = {NIPS'17}, 
publisher = {Curran Associates, Inc.}, 
keywords = {}
}

@article{pilanci2016iterative,
  title={Iterative {Hessian} sketch: Fast and accurate solution approximation for constrained least-squares},
  author={Pilanci, Mert and Wainwright, Martin J},
  journal={Journal of Machine Learning Research},
  volume={17},
  number={53},
  pages={1--38},
  year={2016}
}

@article{plerou2002Random,
  title = {Random Matrix Approach to Cross Correlations in Financial Data},
  author = {Plerou, Vasiliki and Gopikrishnan, Parameswaran and Rosenow, Bernd and Amaral, Lu{\'i}s A. Nunes and Guhr, Thomas and Stanley, H. Eugene},
  year = {2002},
  journal = {Physical Review E},
  volume = {65},
  number = {6},
  pages = {066126},
  publisher = {American Physical Society},
  urldate = {2024-05-16}
}

@book{pukelsheim2006optimal,
  title={{Optimal Design of Experiments}},
  author={Pukelsheim, Friedrich},
  year={2006},
  publisher={SIAM}
}

@inproceedings{randnla_kdd24_TR,
author = {Derezi{\'n}ski, Micha{\l} and Mahoney, Michael W.},
title = {Recent and Upcoming Developments in Randomized Numerical Linear Algebra for Machine Learning},
year = {2024},
publisher = {Association for Computing Machinery},
address = {New York, NY, USA},
booktitle = {Proceedings of the 30th ACM SIGKDD Conference on Knowledge Discovery and Data Mining},
pages = {6470–6479},
numpages = {10},
location = {Barcelona, Spain},
series = {KDD '24}
}

@article{roosta2019subsampled, 
year = {2019}, 
title = {Sub-sampled {Newton} methods}, 
author = {Roosta-Khorasani, Farbod and Mahoney, Michael W.}, 
journal = {Mathematical Programming}, 
pages = {293--326}, 
number = {1-2}, 
volume = {174}
}

@article{wang2018optimal,
  title={Optimal subsampling for large sample logistic regression},
  author={Wang, HaiYing and Zhu, Rong and Ma, Ping},
  journal={Journal of the American Statistical Association},
  volume={113},
  number={522},
  pages={829--844},
  year={2018},
  publisher={Taylor \& Francis}
}

@article{wang2021optimal,
  title={Optimal subsampling for quantile regression in big data},
  author={Wang, Haiying and Ma, Yanyuan},
  journal={Biometrika},
  volume={108},
  number={1},
  pages={99--112},
  year={2021},
  publisher={Oxford University Press}
}

@inproceedings{xu2016subsampled, 
year = {2016}, 
author = {Xu, Peng and Yang, Jiyan and Roosta-Khorasani, Farbod and Ré, Christopher and Mahoney, Michael W.}, 
title = {Sub-sampled {Newton} Methods with Non-uniform Sampling}, 
booktitle = {Advances in Neural Information Processing Systems}, 
pages = {3000--3008}, 
volume = {29}, 
series = {NIPS‘16}, 
publisher = {Curran Associates, Inc.}
}

@article{xu2020newton, 
year = {2020}, 
title = {{Newton-type methods for non-convex optimization under inexact Hessian information}}, 
author = {Xu, Peng and Roosta-Khorasani, Farbod and Mahoney, Michael W.}, 
journal = {Mathematical Programming},  
pages = {35--70}, 
number = {1-2}, 
volume = {184}
}

@article{ye2021approximate,
  title={Approximate {Newton} methods},
  author={Ye, Haishan and Luo, Luo and Zhang, Zhihua},
  journal={Journal of Machine Learning Research},
  volume={22},
  number={66},
  pages={1--41},
  year={2021}
}

@article{yu2022optimal,
  title={Optimal distributed subsampling for maximum quasi-likelihood estimators with massive data},
  author={Yu, Jun and Wang, HaiYing and Ai, Mingyao and Zhang, Huiming},
  journal={Journal of the American Statistical Association},
  volume={117},
  number={537},
  pages={265--276},
  year={2022},
  publisher={Taylor \& Francis}
}

