@TECHREPORT{randlapack_book_v2_arxiv,
  author =       {R. Murray and J. Demmel and M. W. Mahoney and N. B. Erichson and M. Melnichenko and O. A. Malik and L. Grigori and P. Luszczek and M. Derezi{\'n}ski and M. E. Lopes and T. Liang and H. Luo and J. Dongarra},
  title =        {{Randomized Numerical Linear Algebra} -- A Perspective on the Field with an Eye to Software},
  number =       {Preprint: arXiv:2302.11474v2},
  year =         {2023},
} 

@ARTICLE{DM16_CACM,
  author =       {P.~Drineas and M.~W.~Mahoney},
  title =        {{RandNLA}: Randomized Numerical Linear Algebra},
  journal =      {Communications of the ACM},
  year =         {2016},
  volume =       {59},
  number =       {},
  pages =        {80--90},
} 

@article{johnson1984extensions, 
year = {1984}, 
title = {{Extensions of Lipschitz mappings into a Hilbert space}}, 
author = {Johnson, William B. and Lindenstrauss, Joram}, 
journal = {Contemporary Mathematics}, 
pages = {189--206}
}
@inproceedings{drineas2006sampling,
  title={Sampling algorithms for $l_2$ regression and applications},
  author={Drineas, Petros and Mahoney, Michael W and Muthukrishnan, Shan},
  booktitle={Proceedings of the Seventeenth Annual ACM-SIAM Symposium on Discrete Algorithm},
  pages={1127--1136},
  year={2006}
}
@article{drineas2011faster,
  title={Faster least squares approximation},
  author={Drineas, Petros and Mahoney, Michael W and Muthukrishnan, Shan and Sarl{\'o}s, Tam{\'a}s},
  journal={Numerische Mathematik},
  volume={117},
  number={2},
  pages={219--249},
  year={2011},
  publisher={Springer}
}
@article{drineas2012fast,
  title={Fast approximation of matrix coherence and statistical leverage},
  author={Drineas, Petros and Magdon-Ismail, Malik and Mahoney, Michael W and Woodruff, David P},
  journal={The Journal of Machine Learning Research},
  volume={13},
  number={1},
  pages={3475--3506},
  year={2012},
  publisher={JMLR. org}
}
@article{lacotte2022adaptive,
  title={Adaptive and oblivious randomized subspace methods for high-dimensional optimization: {Sharp} analysis and lower bounds},
  author={Lacotte, Jonathan and Pilanci, Mert},
  journal={IEEE Transactions on Information Theory},
  volume={68},
  number={5},
  pages={3281--3303},
  year={2022},
  publisher={IEEE}
}

@article{avron2017faster,
  title={Faster kernel ridge regression using sketching and preconditioning},
  author={Avron, Haim and Clarkson, Kenneth L and Woodruff, David P},
  journal={SIAM Journal on Matrix Analysis and Applications},
  volume={38},
  number={4},
  pages={1116--1138},
  year={2017},
  publisher={SIAM}
}

@ARTICLE{DM21_NoticesAMS,
  author =       {Derezi{\'n}ski, Micha{\l} and Mahoney, Michael W },
  title =        {Determinantal Point Processes in Randomized Numerical Linear Algebra},
  journal =      {Notices of the AMS},
  year =         {2021},
  volume =       {68},
  number =       {1},
  pages =        {34--45},
}

@article{mahoney2011randomized, 
year = {2011}, 
title = {Randomized Algorithms for Matrices and Data}, 
author = {Mahoney, Michael W.}, 
journal = {Foundations and Trends® in Machine Learning}, 
pages = {123--224}, 
number = {2}, 
volume = {3}
}

@article{halko2011finding,
  title={Finding structure with randomness: {Probabilistic} algorithms for constructing approximate matrix decompositions},
  author={Halko, Nathan and Martinsson, Per-Gunnar and Tropp, Joel A},
  journal={SIAM Review},
  volume={53},
  number={2},
  pages={217--288},
  year={2011},
  publisher={SIAM}
}

@article{david2014sketching,
year = {2014},
volume = {10},
journal = {Foundations and Trends® in Theoretical Computer Science},
title = {Sketching as a Tool for Numerical Linear Algebra},
number = {1–2},
pages = {1-157},
author = {David P. Woodruff}
}

@INCOLLECTION{RandNLA_PCMIchapter_chapter,
  author =       {P. Drineas and M. W. Mahoney},
  title =        {Lectures on Randomized Numerical Linear Algebra},
  booktitle =    {The Mathematics of Data},
  year =         {2018},
  pages =        {1--48},
  editor =       {M. W. Mahoney and J. C. Duchi and A. C. Gilbert},
  series =       {IAS/Park City Mathematics Series},
  publisher =    {AMS/IAS/SIAM},
} 

@article{martinsson2020randomized,
  title={Randomized numerical linear algebra: Foundations and algorithms},
  author={Martinsson, Per-Gunnar and Tropp, Joel A},
  journal={Acta Numerica},
  volume={29},
  pages={403--572},
  year={2020},
  publisher={Cambridge University Press}
}


@inproceedings{randnla_kdd24_TR,
author = {Derezi{\'n}ski, Micha{\l} and Mahoney, Michael W.},
title = {Recent and Upcoming Developments in Randomized Numerical Linear Algebra for Machine Learning},
year = {2024},
publisher = {Association for Computing Machinery},
address = {New York, NY, USA},
booktitle = {Proceedings of the 30th ACM SIGKDD Conference on Knowledge Discovery and Data Mining},
pages = {6470–6479},
numpages = {10},
location = {Barcelona, Spain},
series = {KDD '24}
}



@article{haff1979identity,
  title = {An Identity for the {{Wishart}} Distribution with Applications},
  author = {Haff, L. R},
  year = {1979},
  journal = {Journal of Multivariate Analysis},
  volume = {9},
  number = {4},
  pages = {531--544},
  urldate = {2024-05-13}
}

@inproceedings{derezinski2021sparse,
  title =    {Sparse sketches with small inversion bias},
  author =       {Derezi{\'n}ski, Micha{\l} and Liao, Zhenyu and Dobriban, Edgar and Mahoney, Michael},
  booktitle =    {Proceedings of Thirty Fourth Conference on Learning Theory },
  pages =    {1467--1510},
  year =   {2021},
  volume =   {134},
  publisher =    {PMLR},
  pdf =    {http://proceedings.mlr.press/v134/derezinski21a/derezinski21a.pdf}
}

@inproceedings{derezinski2021newtonless,
 author = {Derezi{\'n}ski, Micha{\l} and Lacotte, Jonathan and Pilanci, Mert and Mahoney, Michael W},
 booktitle = {Advances in Neural Information Processing Systems},
 pages = {2835--2847},
 publisher = {Curran Associates, Inc.},
 title = {Newton-LESS: Sparsification without Trade-offs for the Sketched {Newton} Update},
 volume = {34},
 year = {2021}
}

@article{pilanci2017Newton,
  title = {{Newton} Sketch: {A} Near Linear-Time Optimization Algorithm with Linear-Quadratic Convergence},
  shorttitle = {Newton {{Sketch}}},
  author = {Pilanci, Mert and Wainwright, Martin J.},
  year = {2017},
  journal = {SIAM Journal on Optimization},
  volume = {27},
  number = {1},
  pages = {205--245},
  publisher = {{Society for Industrial and Applied Mathematics}},
  urldate = {2024-05-13}
}

@inproceedings{ailon2006approximate,
  title={Approximate nearest neighbors and the fast {Johnson-Lindenstrauss} transform},
  author={Ailon, Nir and Chazelle, Bernard},
  booktitle={Proceedings of the Thirty-Eighth Annual ACM Symposium on Theory of Computing},
  pages={557--563},
  year={2006}
}

@article{roosta2019subsampled, 
year = {2019}, 
title = {Sub-sampled {Newton} methods}, 
author = {Roosta-Khorasani, Farbod and Mahoney, Michael W.}, 
journal = {Mathematical Programming}, 
pages = {293--326}, 
number = {1-2}, 
volume = {174}
}
@article{xu2020newton, 
year = {2020}, 
title = {{Newton-type methods for non-convex optimization under inexact Hessian information}}, 
author = {Xu, Peng and Roosta-Khorasani, Farbod and Mahoney, Michael W.}, 
journal = {Mathematical Programming},  
pages = {35--70}, 
number = {1-2}, 
volume = {184}
}
@article{yao2018inexact,
  title={Inexact non-convex {Newton}-type methods},
  author={Yao, Zhewei and Xu, Peng and Roosta-Khorasani, Farbod and Mahoney, Michael W},
  journal={arXiv preprint arXiv:1802.06925},
  year={2018}
}
@book{boyd2004convex,
  title={Convex {Optimization}},
  author={Boyd, Stephen P and Vandenberghe, Lieven},
  year={2004},
  publisher={Cambridge University Press}
}
@article{kalantzis2013Accelerating,
  title = {Accelerating Data Uncertainty Quantification by Solving Linear Systems with Multiple Right-Hand Sides},
  author = {Kalantzis, V. and Bekas, C. and Curioni, A. and Gallopoulos, E.},
  year = {2013},
  journal = {Numerical Algorithms},
  volume = {62},
  number = {4},
  pages = {637--653},
  urldate = {2024-05-16},
  langid = {english}
}
@book{pukelsheim2006optimal,
  title={{Optimal Design of Experiments}},
  author={Pukelsheim, Friedrich},
  year={2006},
  publisher={SIAM}
}
@inproceedings{michal2020precise,
  title = {Precise Expressions for Random Projections: {{Low-rank}} Approximation and Randomized {{Newton}}},
  booktitle = {Advances in Neural Information Processing Systems},
  author = {Derezi{\'n}ski, Micha{\l} and Liang, Feynman T and Liao, Zhenyu and Mahoney, Michael W.},
  year = {2020},
  volume = {33},
  pages = {18272---18283},
  publisher = {Curran Associates, Inc.},
  copyright = {All rights reserved}
}
@article{ma2015statistical,
  title={A Statistical Perspective on Algorithmic Leveraging},
  author={Ma, Ping and Mahoney, Michael W and Yu, Bin},
  journal={Journal of Machine Learning Research},
  volume={16},
  pages={861--911},
  year={2015}
}
@article{drineas2006fast1,
  title={Fast {Monte Carlo} algorithms for matrices {I}: Approximating matrix multiplication},
  author={Drineas, Petros and Kannan, Ravi and Mahoney, Michael W},
  journal={SIAM Journal on Computing},
  volume={36},
  number={1},
  pages={132--157},
  year={2006},
  publisher={SIAM}
}

@inproceedings{cohen2017input,
  title={Input sparsity time low-rank approximation via ridge leverage score sampling},
  author={Cohen, Michael B and Musco, Cameron and Musco, Christopher},
  booktitle={Proceedings of the Twenty-Eighth Annual ACM-SIAM Symposium on Discrete Algorithms},
  pages={1758--1777},
  year={2017},
  organization={SIAM}
}

@article{wang2018optimal,
  title={Optimal subsampling for large sample logistic regression},
  author={Wang, HaiYing and Zhu, Rong and Ma, Ping},
  journal={Journal of the American Statistical Association},
  volume={113},
  number={522},
  pages={829--844},
  year={2018},
  publisher={Taylor \& Francis}
}

@article{deng2024subsampling,
  title={Subsampling spectral clustering for stochastic block models in large-scale networks},
  author={Deng, Jiayi and Huang, Danyang and Ding, Yi and Zhu, Yingqiu and Jing, Bingyi and Zhang, Bo},
  journal={{Computational Statistics \textnormal{\&} Data Analysis}},
  volume={189},
  pages={107835},
  year={2024},
  publisher={Elsevier}
}

@article{wang2021optimal,
  title={Optimal subsampling for quantile regression in big data},
  author={Wang, Haiying and Ma, Yanyuan},
  journal={Biometrika},
  volume={108},
  number={1},
  pages={99--112},
  year={2021},
  publisher={Oxford University Press}
}

@article{yu2022optimal,
  title={Optimal distributed subsampling for maximum quasi-likelihood estimators with massive data},
  author={Yu, Jun and Wang, HaiYing and Ai, Mingyao and Zhang, Huiming},
  journal={Journal of the American Statistical Association},
  volume={117},
  number={537},
  pages={265--276},
  year={2022},
  publisher={Taylor \& Francis}
}
@article{ma2022asymptotic,
  title={Asymptotic analysis of sampling estimators for randomized numerical linear algebra algorithms},
  author={Ma, Ping and Chen, Yongkai and Zhang, Xinlian and Xing, Xin and Ma, Jingyi and Mahoney, Michael W},
  journal={Journal of Machine Learning Research},
  volume={23},
  number={177},
  pages={1--45},
  year={2022}
}
@inproceedings{xu2016subsampled, 
year = {2016}, 
author = {Xu, Peng and Yang, Jiyan and Roosta-Khorasani, Farbod and Ré, Christopher and Mahoney, Michael W.}, 
title = {Sub-sampled {Newton} Methods with Non-uniform Sampling}, 
booktitle = {Advances in Neural Information Processing Systems}, 
pages = {3000--3008}, 
volume = {29}, 
series = {NIPS‘16}, 
publisher = {Curran Associates, Inc.}
}
@article{bollapragada2019exact,
  title={Exact and inexact subsampled {Newton} methods for optimization},
  author={Bollapragada, Raghu and Byrd, Richard H and Nocedal, Jorge},
  journal={IMA Journal of Numerical Analysis},
  volume={39},
  number={2},
  pages={545--578},
  year={2019},
  publisher={Oxford University Press}
}
@article{ye2021approximate,
  title={Approximate {Newton} methods},
  author={Ye, Haishan and Luo, Luo and Zhang, Zhihua},
  journal={Journal of Machine Learning Research},
  volume={22},
  number={66},
  pages={1--41},
  year={2021}
}
@article{lacotte2019faster,
  title={Faster least squares optimization},
  author={Lacotte, Jonathan and Pilanci, Mert},
  journal={arXiv preprint arXiv:1911.02675},
  year={2019}
}
@article{pilanci2016iterative,
  title={Iterative {Hessian} sketch: Fast and accurate solution approximation for constrained least-squares},
  author={Pilanci, Mert and Wainwright, Martin J},
  journal={Journal of Machine Learning Research},
  volume={17},
  number={53},
  pages={1--38},
  year={2016}
}
@book{anderson2010introduction, 
year = {2010}, 
title = {{An Introduction to Random Matrices}}, 
author = {Anderson, Greg W. and Guionnet, Alice and Zeitouni, Ofer}, 
volume = {118}, 
series = {Cambridge Studies in Advanced Mathematics}, 
publisher = {Cambridge University Press}, 
keywords = {}
}
@book{couillet2011random, 
year = {2011}, 
title = {{Random Matrix Methods for Wireless Communications}}, 
author = {Couillet, Romain and Debbah, Mérouane}, 
publisher = {Cambridge University Press}, 
keywords = {}
}
@article{plerou2002Random,
  title = {Random Matrix Approach to Cross Correlations in Financial Data},
  author = {Plerou, Vasiliki and Gopikrishnan, Parameswaran and Rosenow, Bernd and Amaral, Lu{\'i}s A. Nunes and Guhr, Thomas and Stanley, H. Eugene},
  year = {2002},
  journal = {Physical Review E},
  volume = {65},
  number = {6},
  pages = {066126},
  publisher = {American Physical Society},
  urldate = {2024-05-16}
}
@inproceedings{paquette2021SGDa,
  title = {{{SGD}} in the Large: {{Average-case}} Analysis, Asymptotics, and Stepsize Criticality},
  shorttitle = {{{SGD}} in the {{Large}}},
  booktitle = {Proceedings of {{Thirty Fourth Conference}} on {{Learning Theory}}},
  author = {Paquette, Courtney and Lee, Kiwon and Pedregosa, Fabian and Paquette, Elliot},
  year = {2021},
  pages = {3548--3626},
  publisher = {PMLR},
  urldate = {2024-05-16},
  langid = {english}
}
@article{paquette2023Haltinga,
  title = {Halting Time Is Predictable for Large Models: A Universality Property and Average-Case Analysis},
  shorttitle = {Halting {{Time}} Is {{Predictable}} for {{Large Models}}},
  author = {Paquette, Courtney and {van Merri{\"e}nboer}, Bart and Paquette, Elliot and Pedregosa, Fabian},
  year = {2023},
  journal = {Foundations of Computational Mathematics},
  volume = {23},
  number = {2},
  pages = {597--673},
  urldate = {2024-05-16},
  langid = {english}
}
@inproceedings{pennington2017nonlinear, 
year = {2017}, 
author = {Pennington, Jeffrey and Worah, Pratik}, 
title = {{Nonlinear random matrix theory for deep learning}}, 
booktitle = {Advances in Neural Information Processing Systems}, 
pages = {2637--2646}, 
volume = {30}, 
series = {NIPS'17}, 
publisher = {Curran Associates, Inc.}, 
keywords = {}
}
@inproceedings{fan2020spectra,  
title = {{Spectra of the Conjugate Kernel and Neural Tangent Kernel for linear-width neural networks}}, 
author = {Fan, Zhou and Wang, Zhichao}, 
 booktitle = {Advances in Neural Information Processing Systems}, 
pages = {7710--7721},
 publisher = {Curran Associates, Inc.},
volume = {33},
 year = {2020}
}

@article{mei2021generalization, 
title = {The Generalization Error of Random Features Regression: Precise Asymptotics and the Double Descent Curve}, 
author = {Mei, Song and Montanari, Andrea}, 
journal = {Communications on Pure and Applied Mathematics}, 
 volume={75},
  number={4},
  pages={667--766},
  year={2022},
  publisher={Wiley Online Library},
keywords = {}
}


@book{couillet2022RMT4ML,
  title={{Random Matrix Methods for Machine Learning}},
  author={Couillet, Romain and Liao, Zhenyu},
  year={2022},
  publisher={Cambridge University Press}
}
@inproceedings{liao2021sparse, 
year = {2021}, 
author = {Liao, Zhenyu and Couillet, Romain and Mahoney, Michael W.}, 
title = {Sparse Quantized Spectral Clustering}, 
booktitle = {International Conference on Learning Representations}, 
keywords = {}
}
@inproceedings{liao2021hessian,
  title = {Hessian Eigenspectra of More Realistic Nonlinear Models},
  booktitle = {Advances in Neural Information Processing Systems},
  author = {Liao, Zhenyu and Mahoney, Michael W},
  year = {2021},
  volume = {34},
  pages = {20104--20117},
  publisher = {Curran Associates, Inc.},
  copyright = {All rights reserved}
}
@inproceedings{liao2020random,
 author = {Liao, Zhenyu and Couillet, Romain and Mahoney, Michael W},
 booktitle = {Advances in Neural Information Processing Systems},
 pages = {13939--13950},
 publisher = {Curran Associates, Inc.},
 title = {A random matrix analysis of random {Fourier} features: Beyond the {Gaussian} kernel, a precise phase transition, and the corresponding double descent},
 volume = {33},
 year = {2020}
}
@inproceedings{alaoui2015fast,
  title={Fast randomized kernel ridge regression with statistical guarantees},
  author={El Alaoui, Ahmed and Mahoney, Michael W},
  booktitle = {Advances in Neural Information Processing Systems},
pages = {},
 publisher = {Curran Associates, Inc.},
  volume={28},
  year={2015}

}
@article{clarkson2017low,
  title={Low-rank approximation and regression in input sparsity time},
  author={Clarkson, Kenneth L and Woodruff, David P},
  journal={Journal of the ACM (JACM)},
  volume={63},
  number={6},
  pages={1--45},
  year={2017},
  publisher={ACM New York, NY, USA}
}
@INPROCEEDINGS{Sarlos06,
  author =       {T.~Sarl\'{o}s},
  title =        {Improved Approximation Algorithms for Large Matrices via Random Projections},
  booktitle =    {Proceedings of the 47th Annual IEEE Symposium on Foundations of Computer Science},
  year =         {2006},
  pages =        {143--152},
} 
@inproceedings{chowdhury2018iterative,
title={An iterative, sketching-based framework for ridge regression},
	author={Chowdhury, Agniva and Yang, Jiasen and Drineas, Petros},
	pages={{ 989--998}},
	year={2018},
	volume = 	 { {80}},	
booktitle={Proceedings of the 35th International Conference on Machine Learning},
series = 	 {Proceedings of Machine Learning Research},
  publisher =    {PMLR},
}



@article{tropp2011improved,
  title={Improved analysis of the subsampled randomized {Hadamard} transform},
  author={Tropp, Joel A},
  journal={Advances in Adaptive Data Analysis},
  volume={3},
  number={01n02},
  pages={115--126},
  year={2011},
  publisher={World Scientific}
}
@inproceedings{lacotte2021adaptive,
  title={Adaptive {Newton} sketch: Linear-time optimization with quadratic convergence and effective {Hessian} dimensionality},
  author={Lacotte, Jonathan and Wang, Yifei and Pilanci, Mert},
  booktitle={Proceedings of the 38th International Conference on Machine Learning},
  pages={5926--5936},
  year={2021},
   volume = 	 {139},
  series = 	 {Proceedings of Machine Learning Research},
  publisher =    {PMLR}
}

@article{lecun1998gradient, 
year = {1998}, 
title = {{Gradient-based learning applied to document recognition}}, 
author = {LeCun, Yann and Bottou, Leon and Bengio, Yoshua and Haffner, Patrick}, 
journal = {Proceedings of the IEEE}, 
pages = {2278--2324}, 
number = {11}, 
volume = {86}
}

@phdthesis{krizhevsky2009Learning,
  title = {Learning {{Multiple Layers}} of {{Features}} from {{Tiny Images}}},
  author = {Krizhevsky, Alex},
  year = {2009},
  langid= {english}
}

@article{zhan2001singular,
  title={Singular values of differences of positive semidefinite matrices},
  author={Zhan, Xingzhi},
  journal={SIAM Journal on Matrix Analysis and Applications},
  volume={22},
  number={3},
  pages={819--823},
  year={2001},
  publisher={SIAM}
}
@article{tropp2015introduction,
  title={An introduction to matrix concentration inequalities},
  author={Tropp, Joel A },
  journal={Foundations and Trends{\textregistered} in Machine Learning},
  volume={8},
  number={1-2},
  pages={1--230},
  year={2015},
  publisher={Now Publishers, Inc.}
}
@article{burkholder1973Distribution,
  title = {Distribution Function Inequalities for Martingales},
  author = {Burkholder, D. L.},
  year = {1973},
  journal = {The Annals of Probability},
  volume = {1},
  number = {1},
  pages = {19--42},
  publisher = {Institute of Mathematical Statistics},
  urldate = {2024-04-26}
}
@book{vershynin2018high, 
year = {2018}, 
title = {{High-Dimensional Probability: An Introduction with Applications in Data Science}}, 
author = {Vershynin, Roman}, 
series = {Cambridge Series in Statistical and Probabilistic Mathematics}, 
publisher = {Cambridge University Press}, 
keywords = {}
}
@article{silverstein1995empirical, 
year = {1995}, 
title = {On the Empirical Distribution of Eigenvalues of a Class of Large Dimensional Random Matrices}, 
author = {Silverstein, Jack W. and Bai, Zhidong}, 
journal = {Journal of Multivariate Analysis},  
pages = {175--192}, 
number = {2}, 
volume = {54}
}
@book{bonnans2006numerical,
  title={{Numerical Optimization: Theoretical and Practical Aspects}},
  author={Bonnans, Joseph-Fr{\'e}d{\'e}ric and Gilbert, Jean Charles and Lemar{\'e}chal, Claude and Sagastiz{\'a}bal, Claudia A},
  year={2006},
  publisher={Springer Science \& Business Media}
}
