@article{ahmadi2021computer,
  title={Computer aided diagnosis system using deep convolutional neural networks for ADHD subtypes},
  author={Ahmadi, Amirmasoud and Kashefi, Mehrdad and Shahrokhi, Hassan and Nazari, Mohammad Ali},
  journal={Biomedical Signal Processing and Control},
  volume={63},
  pages={102227},
  year={2021},
  publisher={Elsevier}
}

@incollection{carpentier2012adhd,
  title={ADHD},
  author={Carpentier, Pieter-Jan},
  booktitle={Drug Abuse and Addiction in Medical Illness: Causes, Consequences and Treatment},
  pages={285--296},
  year={2012},
  publisher={Springer}
}

@article{claussen2022all,
  title={All in the family? A systematic review and meta-analysis of parenting and family environment as risk factors for attention-deficit/hyperactivity disorder (ADHD) in children},
  author={Claussen, Angelika H and Holbrook, Joseph R and Hutchins, Helena J and Robinson, Lara R and Bloomfield, Jeanette and Meng, Lu and Bitsko, Rebecca H and Oâ€™Masta, Brenna and Cerles, Audrey and Maher, Brion and others},
  journal={Prevention Science},
  pages={1--23},
  year={2022},
  publisher={Springer}
}

@article{cortese2022half,
  title={Half a century of research on attention-deficit/hyperactivity disorder: A scientometric study},
  author={Cortese, Samuele and Sab{\'e}, Michel and Chen, Chaomei and Perroud, Nader and Solmi, Marco},
  journal={Neuroscience \& Biobehavioral Reviews},
  pages={104769},
  year={2022},
  publisher={Elsevier}
}

@article{faraone2021world,
  title={The world federation of ADHD international consensus statement: 208 evidence-based conclusions about the disorder},
  author={Faraone, Stephen V and Banaschewski, Tobias and Coghill, David and Zheng, Yi and Biederman, Joseph and Bellgrove, Mark A and Newcorn, Jeffrey H and Gignac, Martin and Al Saud, Nouf M and Manor, Iris and others},
  journal={Neuroscience \& Biobehavioral Reviews},
  volume={128},
  pages={789--818},
  year={2021},
  publisher={Elsevier}
}

@article{galvez2022therapeutic,
  title={Therapeutic approaches for ADHD by developmental stage and clinical presentation},
  author={Galvez-Contreras, Alma Y and Vargas-de la Cruz, Ivette and Beltran-Navarro, Beatriz and Gonzalez-Castaneda, Rocio E and Gonzalez-Perez, Oscar},
  journal={International Journal of Environmental Research and Public Health},
  volume={19},
  number={19},
  pages={12880},
  year={2022},
  publisher={MDPI}
}

@article{hernandez2023machine,
  title={Machine and Deep Learning Algorithms for ADHD Detection: A Review},
  author={Hern{\'a}ndez-Capistran, Jonathan and S{\'a}nchez-Morales, Laura Nely and Alor-Hern{\'a}ndez, Giner and Bustos-L{\'o}pez, Maritza and S{\'a}nchez-Cervantes, Jos{\'e} Luis},
  journal={Innovations in Machine and Deep Learning: Case Studies and Applications},
  pages={163--191},
  year={2023},
  publisher={Springer}
}

@article{kessler2019role,
  title={The role of big data analytics in predicting suicide},
  author={Kessler, Ronald C and Bernecker, Samantha L and Bossarte, Robert M and Luedtke, Alex R and McCarthy, John F and Nock, Matthew K and Pigeon, Wilfred R and Petukhova, Maria V and Sadikova, Ekaterina and VanderWeele, Tyler J and others},
  journal={Personalized psychiatry: Big data analytics in mental health},
  pages={77--98},
  year={2019},
  publisher={Springer}
}

@article{kim2021can,
  title={Can the MMPI predict adult ADHD? An approach using machine learning methods},
  author={Kim, Sunhae and Lee, Hye-Kyung and Lee, Kounseok},
  journal={Diagnostics},
  volume={11},
  number={6},
  pages={976},
  year={2021},
  publisher={MDPI}
}

@article{loh2022automated,
  title={Automated detection of ADHD: Current trends and future perspective},
  author={Loh, Hui Wen and Ooi, Chui Ping and Barua, Prabal Datta and Palmer, Elizabeth E and Molinari, Filippo and Acharya, U Rajendra},
  journal={Computers in Biology and Medicine},
  volume={146},
  pages={105525},
  year={2022},
  publisher={Elsevier}
}

@article{morrow2020leveraging,
  title={Leveraging machine learning to identify predictors of receiving psychosocial treatment for Attention Deficit/Hyperactivity Disorder},
  author={Morrow, Anne S and Campos Vega, Alexandro D and Zhao, Xin and Liriano, Michelle M},
  journal={Administration and Policy in Mental Health and Mental Health Services Research},
  volume={47},
  pages={680--692},
  year={2020},
  publisher={Springer}
}

@article{slobodin2020machine,
  title={A machine-based prediction model of ADHD using CPT data},
  author={Slobodin, Ortal and Yahav, Inbal and Berger, Itai},
  journal={Frontiers in human neuroscience},
  volume={14},
  pages={560021},
  year={2020},
  publisher={Frontiers Media SA}
}

@inproceedings{uluyagmur2016adhd,
  title={ADHD and ASD classification based on emotion recognition data},
  author={Uluyagmur-Ozturk, Mahiye and Arman, Ayse Rodopman and Yilmaz, Seval Sultan and Findik, Onur Tugce Poyraz and Genc, Herdem Aslan and Carkaxhiu-Bulut, Gresa and Yazgan, M Yanki and Teker, Umut and Cataltepe, Zehra},
  booktitle={2016 15th IEEE International Conference on Machine Learning and Applications (ICMLA)},
  pages={810--813},
  year={2016},
  organization={IEEE}
}

@article{wang2022attention,
  title={Attention deficit hyperactivity disorder classification based on deep learning},
  author={Wang, Donglin and Hong, Don and Wu, Qiang},
  journal={IEEE/ACM Transactions on Computational Biology and Bioinformatics},
  volume={20},
  number={2},
  pages={1581--1586},
  year={2022},
  publisher={IEEE}
}

@article{zea2022machine,
  title={Machine learning to predict outcomes and cost by phase of care after coronary artery bypass grafting},
  author={Zea-Vera, Rodrigo and Ryan, Christopher T and Havelka, Jim and Corr, Stuart J and Nguyen, Tom C and Chatterjee, Subhasis and Wall Jr, Matthew J and Coselli, Joseph S and Rosengart, Todd K and Ghanta, Ravi K},
  journal={The Annals of Thoracic Surgery},
  volume={114},
  number={3},
  pages={711--719},
  year={2022},
  publisher={Elsevier}
}

@article{zhang2021evidence,
  title={Evidence for similar structural brain anomalies in youth and adult attention-deficit/hyperactivity disorder: a machine learning analysis},
  author={Zhang-James, Yanli and Helminen, Emily C and Liu, Jinru and Franke, Barbara and Hoogman, Martine and Faraone, Stephen V},
  journal={Translational psychiatry},
  volume={11},
  number={1},
  pages={82},
  year={2021},
  publisher={Nature Publishing Group UK London}
}

