@article{motamed2022recognition,
  title={Recognition of Attention Deficit/Hyperactivity Disorder (ADHD) Based on Electroencephalographic Signals Using Convolutional Neural Networks (CNNs)},
  author={Motamed, Sara and Askari, Elham},
  journal={Journal of Information Systems and Telecommunication (JIST)},
  volume={3},
  number={39},
  pages={222},
  year={2022},
  publisher={RICEST}
}

@article{ericsson2022self,
  title={Self-supervised representation learning: Introduction, advances, and challenges},
  author={Ericsson, Linus and Gouk, Henry and Loy, Chen Change and Hospedales, Timothy M},
  journal={IEEE Signal Processing Magazine},
  volume={39},
  number={3},
  pages={42--62},
  year={2022},
  publisher={IEEE}
}
@article{salari2023global,
  title={The global prevalence of ADHD in children and adolescents: a systematic review and meta-analysis},
  author={Salari, Nader and Ghasemi, Hooman and Abdoli, Nasrin and Rahmani, Adibeh and Shiri, Mohammad Hossain and Hashemian, Amir Hossein and Akbari, Hakimeh and Mohammadi, Masoud},
  journal={Italian journal of pediatrics},
  volume={49},
  number={1},
  pages={48},
  year={2023},
  publisher={Springer}
}
@incollection{carpentier2012adhd,
  title={ADHD},
  author={Carpentier, Pieter-Jan},
  booktitle={Drug Abuse and Addiction in Medical Illness: Causes, Consequences and Treatment},
  pages={285--296},
  year={2012},
  publisher={Springer}
}
@article{chawla2002smote,
  title={SMOTE: synthetic minority over-sampling technique},
  author={Chawla, Nitesh V and Bowyer, Kevin W and Hall, Lawrence O and Kegelmeyer, W Philip},
  journal={Journal of artificial intelligence research},
  volume={16},
  pages={321--357},
  year={2002}
}
@article{luo2023aberrant,
  title={Aberrant brain dynamics and spectral power in children with ADHD and its subtypes},
  author={Luo, Na and Luo, Xiangsheng and Zheng, Suli and Yao, Dongren and Zhao, Min and Cui, Yue and Zhu, Yu and Calhoun, Vince D and Sun, Li and Sui, Jing},
  journal={European Child \& Adolescent Psychiatry},
  volume={32},
  number={11},
  pages={2223--2234},
  year={2023},
  publisher={Springer}
}

@incollection{gonzalez2022attention,
  title={Attention deficit and hyperactivity disorder classification with EEG and machine learning},
  author={Gonz{\'a}lez, Claudia Lizbeth Mart{\'\i}nez and Ortiz, Efra{\'\i}n Jos{\'e} Mart{\'\i}nez and Escobar, Jes{\'u}s Jaime Moreno and Rivera, Juan Alfredo Durand},
  booktitle={Biosignal Processing and Classification Using Computational Learning and Intelligence},
  pages={447--469},
  year={2022},
  publisher={Elsevier}
}

@article{alves2023identifying,
  title={Identifying ADHD and subtypes through microstates analysis and complex networks},
  author={Alves, Lorraine Marques and C{\^o}co, Klaus Fabian and De Souza, Mariane Lima and Ciarelli, Patrick Marques},
  journal={Medical \& Biological Engineering \& Computing},
  pages={1--14},
  year={2023},
  publisher={Springer}
}

@article{sakkalis2008assessment,
  title={Assessment of linear and nonlinear synchronization measures for analyzing EEG in a mild epileptic paradigm},
  author={Sakkalis, Vangelis and Giurcaneanu, Ciprian Doru and Xanthopoulos, Petros and Zervakis, Michalis E and Tsiaras, Vassilis and Yang, Yinghua and Karakonstantaki, Eleni and Micheloyannis, Sifis},
  journal={IEEE Transactions on Information Technology in Biomedicine},
  volume={13},
  number={4},
  pages={433--441},
  year={2008},
  publisher={IEEE}
}
@article{taghibeyglou2022detection,
  title={Detection of ADHD cases using CNN and classical classifiers of raw EEG},
  author={TaghiBeyglou, Behrad and Shahbazi, Ashkan and Bagheri, Fatemeh and Akbarian, Sina and Jahed, Mehran},
  journal={Computer Methods and Programs in Biomedicine Update},
  volume={2},
  pages={100080},
  year={2022},
  publisher={Elsevier}
}
@article{debnath2021investigating,
  title={Investigating brain electrical activity and functional connectivity in adolescents with clinically elevated levels of ADHD symptoms in alpha frequency band},
  author={Debnath, Ranjan and Miller, Natalie Viola and Morales, Santiago and Seddio, Kaylee R and Fox, Nathan A},
  journal={Brain research},
  volume={1750},
  pages={147142},
  year={2021},
  publisher={Elsevier}
}

@article{furlong2021resting,
  title={Resting-state EEG connectivity in young children with ADHD},
  author={Furlong, Sarah and Cohen, Jessica R and Hopfinger, Joseph and Snyder, Jenna and Robertson, Madeline M and Sheridan, Margaret A},
  journal={Journal of Clinical Child \& Adolescent Psychology},
  volume={50},
  number={6},
  pages={746--762},
  year={2021},
  publisher={Taylor \& Francis}
}

@article{kiiski2020functional,
  title={Functional EEG connectivity is a neuromarker for adult attention deficit hyperactivity disorder symptoms},
  author={Kiiski, Hanni and Rueda-Delgado, Laura M and Bennett, Marc and Knight, Rachel and Rai, Laura and Roddy, Darren and Grogan, Katie and Bramham, Jessica and Kelly, Clare and Whelan, Robert},
  journal={Clinical Neurophysiology},
  volume={131},
  number={1},
  pages={330--342},
  year={2020},
  publisher={Elsevier}
}

@article{ahmadlou2012graph,
  title={Graph theoretical analysis of organization of functional brain networks in ADHD},
  author={Ahmadlou, Mehran and Adeli, Hojjat and Adeli, Amir},
  journal={Clinical EEG and neuroscience},
  volume={43},
  number={1},
  pages={5--13},
  year={2012},
  publisher={SAGE Publications Sage CA: Los Angeles, CA}
}

@article{briels2020reproducibility,
  title={Reproducibility of EEG functional connectivity in Alzheimer’s disease},
  author={Briels, Casper T and Schoonhoven, Deborah N and Stam, Cornelis J and de Waal, Hanneke and Scheltens, Philip and Gouw, Alida A},
  journal={Alzheimer's research \& therapy},
  volume={12},
  pages={1--14},
  year={2020},
  publisher={Springer}
}

@article{van2019network,
  title={Network perspectives on epilepsy using EEG/MEG source connectivity},
  author={Van Mierlo, Pieter and H{\"o}ller, Yvonne and Focke, Niels K and Vulliemoz, Serge},
  journal={Frontiers in neurology},
  volume={10},
  pages={721},
  year={2019},
  publisher={Frontiers Media SA}
}

@article{bovckova2019impairment,
  title={Impairment of brain functions in Parkinson’s disease reflected by alterations in neural connectivity in EEG studies: A viewpoint},
  author={Bo{\v{c}}kov{\'a}, Martina and Rektor, Ivan},
  journal={Clinical Neurophysiology},
  volume={130},
  number={2},
  pages={239--247},
  year={2019},
  publisher={Elsevier}
}


@article{altinkaynak2020diagnosis,
  title={Diagnosis of Attention Deficit Hyperactivity Disorder with combined time and frequency features},
  author={Alt{\i}nkaynak, Miray and Dolu, Nazan and G{\"u}ven, Ay{\c{s}}eg{\"u}l and Pekta{\c{s}}, Ferhat and {\"O}zmen, Sevgi and Demirci, Esra and {\.I}zzeto{\u{g}}lu, Meltem},
  journal={Biocybernetics and Biomedical Engineering},
  volume={40},
  number={3},
  pages={927--937},
  year={2020},
  publisher={Elsevier}
}

@article{chen2019use,
  title={Use of deep learning to detect personalized spatial-frequency abnormalities in EEGs of children with ADHD},
  author={Chen, He and Song, Yan and Li, Xiaoli},
  journal={Journal of neural engineering},
  volume={16},
  number={6},
  pages={066046},
  year={2019},
  publisher={IOP Publishing}
}

@article{moghaddari2020diagnose,
  title={Diagnose ADHD disorder in children using convolutional neural network based on continuous mental task EEG},
  author={Moghaddari, Majid and Lighvan, Mina Zolfy and Danishvar, Sebelan},
  journal={Computer Methods and Programs in Biomedicine},
  volume={197},
  pages={105738},
  year={2020},
  publisher={Elsevier}
}

@article{ahmadi2021computer,
  title={Computer aided diagnosis system using deep convolutional neural networks for ADHD subtypes},
  author={Ahmadi, Amirmasoud and Kashefi, Mehrdad and Shahrokhi, Hassan and Nazari, Mohammad Ali},
  journal={Biomedical Signal Processing and Control},
  volume={63},
  pages={102227},
  year={2021},
  publisher={Elsevier}
}


@article{cortese2022half,
  title={Half a century of research on attention-deficit/hyperactivity disorder: A scientometric study},
  author={Cortese, Samuele and Sab{\'e}, Michel and Chen, Chaomei and Perroud, Nader and Solmi, Marco},
  journal={Neuroscience \& Biobehavioral Reviews},
  pages={104769},
  year={2022},
  publisher={Elsevier}
}

@article{loh2022automated,
  title={Automated detection of ADHD: Current trends and future perspective},
  author={Loh, Hui Wen and Ooi, Chui Ping and Barua, Prabal Datta and Palmer, Elizabeth E and Molinari, Filippo and Acharya, U Rajendra},
  journal={Computers in Biology and Medicine},
  volume={146},
  pages={105525},
  year={2022},
  publisher={Elsevier}
}

@article{hernandez2023machine,
  title={Machine and Deep Learning Algorithms for ADHD Detection: A Review},
  author={Hern{\'a}ndez-Capistran, Jonathan and S{\'a}nchez-Morales, Laura Nely and Alor-Hern{\'a}ndez, Giner and Bustos-L{\'o}pez, Maritza and S{\'a}nchez-Cervantes, Jos{\'e} Luis},
  journal={Innovations in Machine and Deep Learning: Case Studies and Applications},
  pages={163--191},
  year={2023},
  publisher={Springer}
}

@article{wang2022attention,
  title={Attention deficit hyperactivity disorder classification based on deep learning},
  author={Wang, Donglin and Hong, Don and Wu, Qiang},
  journal={IEEE/ACM Transactions on Computational Biology and Bioinformatics},
  volume={20},
  number={2},
  pages={1581--1586},
  year={2022},
  publisher={IEEE}
}

@article{galvez2022therapeutic,
  title={Therapeutic approaches for ADHD by developmental stage and clinical presentation},
  author={Galvez-Contreras, Alma Y and Vargas-de la Cruz, Ivette and Beltran-Navarro, Beatriz and Gonzalez-Castaneda, Rocio E and Gonzalez-Perez, Oscar},
  journal={International Journal of Environmental Research and Public Health},
  volume={19},
  number={19},
  pages={12880},
  year={2022},
  publisher={MDPI}
}

@article{faraone2021world,
  title={The world federation of ADHD international consensus statement: 208 evidence-based conclusions about the disorder},
  author={Faraone, Stephen V and Banaschewski, Tobias and Coghill, David and Zheng, Yi and Biederman, Joseph and Bellgrove, Mark A and Newcorn, Jeffrey H and Gignac, Martin and Al Saud, Nouf M and Manor, Iris and others},
  journal={Neuroscience \& Biobehavioral Reviews},
  volume={128},
  pages={789--818},
  year={2021},
  publisher={Elsevier}
}

@article{claussen2022all,
  title={All in the family? A systematic review and meta-analysis of parenting and family environment as risk factors for attention-deficit/hyperactivity disorder (ADHD) in children},
  author={Claussen, Angelika H and Holbrook, Joseph R and Hutchins, Helena J and Robinson, Lara R and Bloomfield, Jeanette and Meng, Lu and Bitsko, Rebecca H and O’Masta, Brenna and Cerles, Audrey and Maher, Brion and others},
  journal={Prevention Science},
  pages={1--23},
  year={2022},
  publisher={Springer}
}

@article{kessler2019role,
  title={The role of big data analytics in predicting suicide},
  author={Kessler, Ronald C and Bernecker, Samantha L and Bossarte, Robert M and Luedtke, Alex R and McCarthy, John F and Nock, Matthew K and Pigeon, Wilfred R and Petukhova, Maria V and Sadikova, Ekaterina and VanderWeele, Tyler J and others},
  journal={Personalized psychiatry: Big data analytics in mental health},
  pages={77--98},
  year={2019},
  publisher={Springer}
}

@article{zea2022machine,
  title={Machine learning to predict outcomes and cost by phase of care after coronary artery bypass grafting},
  author={Zea-Vera, Rodrigo and Ryan, Christopher T and Havelka, Jim and Corr, Stuart J and Nguyen, Tom C and Chatterjee, Subhasis and Wall Jr, Matthew J and Coselli, Joseph S and Rosengart, Todd K and Ghanta, Ravi K},
  journal={The Annals of Thoracic Surgery},
  volume={114},
  number={3},
  pages={711--719},
  year={2022},
  publisher={Elsevier}
}



@article{kim2021can,
  title={Can the MMPI predict adult ADHD? An approach using machine learning methods},
  author={Kim, Sunhae and Lee, Hye-Kyung and Lee, Kounseok},
  journal={Diagnostics},
  volume={11},
  number={6},
  pages={976},
  year={2021},
  publisher={MDPI}
}

@article{zhang2021evidence,
  title={Evidence for similar structural brain anomalies in youth and adult attention-deficit/hyperactivity disorder: a machine learning analysis},
  author={Zhang-James, Yanli and Helminen, Emily C and Liu, Jinru and Franke, Barbara and Hoogman, Martine and Faraone, Stephen V},
  journal={Translational psychiatry},
  volume={11},
  number={1},
  pages={82},
  year={2021},
  publisher={Nature Publishing Group UK London}
}

@inproceedings{uluyagmur2016adhd,
  title={ADHD and ASD classification based on emotion recognition data},
  author={Uluyagmur-Ozturk, Mahiye and Arman, Ayse Rodopman and Yilmaz, Seval Sultan and Findik, Onur Tugce Poyraz and Genc, Herdem Aslan and Carkaxhiu-Bulut, Gresa and Yazgan, M Yanki and Teker, Umut and Cataltepe, Zehra},
  booktitle={2016 15th IEEE International Conference on Machine Learning and Applications (ICMLA)},
  pages={810--813},
  year={2016},
  organization={IEEE}
}

@article{slobodin2020machine,
  title={A machine-based prediction model of ADHD using CPT data},
  author={Slobodin, Ortal and Yahav, Inbal and Berger, Itai},
  journal={Frontiers in human neuroscience},
  volume={14},
  pages={560021},
  year={2020},
  publisher={Frontiers Media SA}
}

@article{morrow2020leveraging,
  title={Leveraging machine learning to identify predictors of receiving psychosocial treatment for Attention Deficit/Hyperactivity Disorder},
  author={Morrow, Anne S and Campos Vega, Alexandro D and Zhao, Xin and Liriano, Michelle M},
  journal={Administration and Policy in Mental Health and Mental Health Services Research},
  volume={47},
  pages={680--692},
  year={2020},
  publisher={Springer}
}

@article{alim2023automatic,
  title={Automatic Identification of Children with ADHD from EEG Brain Waves},
  author={Alim, Anika and Imtiaz, Masudul H},
  journal={Signals},
  volume={4},
  number={1},
  pages={193--205},
  year={2023},
  publisher={MDPI}
}

@article{stein2022psychiatric,
  title={Psychiatric disorders are soft natural kinds},
  author={Stein, Dan J},
  journal={Philosophy, Psychiatry, \& Psychology},
  volume={29},
  number={3},
  pages={183--185},
  year={2022},
  publisher={Johns Hopkins University Press}
}

@article{ekhlasi2021direction,
  title={Direction of information flow between brain regions in ADHD and healthy children based on EEG by using directed phase transfer entropy},
  author={Ekhlasi, Ali and Nasrabadi, Ali Motie and Mohammadi, Mohammad Reza},
  journal={Cognitive Neurodynamics},
  volume={15},
  number={6},
  pages={975--986},
  year={2021},
  publisher={Springer}
}


@article{mohammadi2016eeg,
  title={EEG classification of ADHD and normal children using non-linear features and neural network},
  author={Mohammadi, Mohammad Reza and Khaleghi, Ali and Nasrabadi, Ali Moti and Rafieivand, Safa and Begol, Moslem and Zarafshan, Hadi},
  journal={Biomedical Engineering Letters},
  volume={6},
  pages={66--73},
  year={2016},
  publisher={Springer}
}