% Use this file for citations not found in the ACL Anthology (contained in "anthology.bib").

@inproceedings{he2016deep,
  title={Deep Residual Learning for Image Recognition},
  author={He, Kaiming and Zhang, Xiangyu and Ren, Shaoqing and Sun, Jian},
  booktitle={Proceedings of the IEEE conference on computer vision and pattern recognition (CVPR)},
  pages={770--778},
  year={2016}
}

@inproceedings{touvron2021training,
  title={Training data-efficient image transformers \& distillation through attention},
  author={Touvron, Hugo and Cord, Matthieu and Douze, Matthijs and Massa, Francisco and Sablayrolles, Alexandre and J{\'e}gou, Herv{\'e}},
  booktitle={International Conference on Machine Learning (ICML)},
  pages={10347--10357},
  year={2021}
}

@inproceedings{alayrac2023flamingo,
  title={Flamingo: a Visual Language Model for Few-Shot Learning},
  author={Alayrac, Jean-Baptiste and others},
  booktitle={Advances in Neural Information Processing Systems (NeurIPS)},
  year={2023}
}

@inproceedings{girdhar2023imagebind,
  title={Imagebind: One embedding space to bind them all},
  author={Girdhar, Rohit and El-Nouby, Alaaeldin and Liu, Zhuang and Singh, Mannat and Alwala, Kalyan Vasudev and Joulin, Armand and Misra, Ishan},
  booktitle={Proceedings of the IEEE/CVF Conference on Computer Vision and Pattern Recognition},
  pages={15180--15190},
  year={2023}
}

@misc{hamara2024latentenginemanifoldsanalyzing,
      title={From Latent to Engine Manifolds: Analyzing ImageBind's Multimodal Embedding Space}, 
      author={Andrew Hamara and Pablo Rivas},
      year={2024},
      eprint={2409.10528},
      archivePrefix={arXiv},
      primaryClass={cs.CV},
      url={https://arxiv.org/abs/2409.10528}, 
}

@misc{dosovitskiy2021imageworth16x16words,
      title={An Image is Worth 16x16 Words: Transformers for Image Recognition at Scale}, 
      author={Alexey Dosovitskiy and Lucas Beyer and Alexander Kolesnikov and Dirk Weissenborn and Xiaohua Zhai and Thomas Unterthiner and Mostafa Dehghani and Matthias Minderer and Georg Heigold and Sylvain Gelly and Jakob Uszkoreit and Neil Houlsby},
      year={2021},
      eprint={2010.11929},
      archivePrefix={arXiv},
      primaryClass={cs.CV},
      url={https://arxiv.org/abs/2010.11929}, 
}

@misc{wu2020visualtransformerstokenbasedimage,
      title={Visual Transformers: Token-based Image Representation and Processing for Computer Vision}, 
      author={Bichen Wu and Chenfeng Xu and Xiaoliang Dai and Alvin Wan and Peizhao Zhang and Zhicheng Yan and Masayoshi Tomizuka and Joseph Gonzalez and Kurt Keutzer and Peter Vajda},
      year={2020},
      eprint={2006.03677},
      archivePrefix={arXiv},
      primaryClass={cs.CV},
      url={https://arxiv.org/abs/2006.03677}, 
}

@misc{cordonnier2020relationshipselfattentionconvolutionallayers,
      title={On the Relationship between Self-Attention and Convolutional Layers}, 
      author={Jean-Baptiste Cordonnier and Andreas Loukas and Martin Jaggi},
      year={2020},
      eprint={1911.03584},
      archivePrefix={arXiv},
      primaryClass={cs.LG},
      url={https://arxiv.org/abs/1911.03584}, 
}

@misc{carion2020endtoendobjectdetectiontransformers,
      title={End-to-End Object Detection with Transformers}, 
      author={Nicolas Carion and Francisco Massa and Gabriel Synnaeve and Nicolas Usunier and Alexander Kirillov and Sergey Zagoruyko},
      year={2020},
      eprint={2005.12872},
      archivePrefix={arXiv},
      primaryClass={cs.CV},
      url={https://arxiv.org/abs/2005.12872}, 
}

@misc{abnar2020quantifyingattentionflowtransformers,
      title={Quantifying Attention Flow in Transformers}, 
      author={Samira Abnar and Willem Zuidema},
      year={2020},
      eprint={2005.00928},
      archivePrefix={arXiv},
      primaryClass={cs.LG},
      url={https://arxiv.org/abs/2005.00928}, 
}

@misc{rashid2024aisafetypracticeenhancing,
      title={AI Safety in Practice: Enhancing Adversarial Robustness in Multimodal Image Captioning}, 
      author={Maisha Binte Rashid and Pablo Rivas},
      year={2024},
      eprint={2407.21174},
      archivePrefix={arXiv},
      primaryClass={cs.CV},
      url={https://arxiv.org/abs/2407.21174}, 
}

@misc{vaswani2023attentionneed,
      title={Attention Is All You Need}, 
      author={Ashish Vaswani and Noam Shazeer and Niki Parmar and Jakob Uszkoreit and Llion Jones and Aidan N. Gomez and Lukasz Kaiser and Illia Polosukhin},
      year={2023},
      eprint={1706.03762},
      archivePrefix={arXiv},
      primaryClass={cs.CL},
      url={https://arxiv.org/abs/1706.03762}, 
}

@misc{radford2016unsupervisedrepresentationlearningdeep,
      title={Unsupervised Representation Learning with Deep Convolutional Generative Adversarial Networks}, 
      author={Alec Radford and Luke Metz and Soumith Chintala},
      year={2016},
      eprint={1511.06434},
      archivePrefix={arXiv},
      primaryClass={cs.LG},
      url={https://arxiv.org/abs/1511.06434}, 
}

@misc{khalil2023comprehensivestudyvisiontransformers,
      title={A Comprehensive Study of Vision Transformers in Image Classification Tasks}, 
      author={Mahmoud Khalil and Ahmad Khalil and Alioune Ngom},
      year={2023},
      eprint={2312.01232},
      archivePrefix={arXiv},
      primaryClass={cs.CV},
      url={https://arxiv.org/abs/2312.01232}, 
}

@inproceedings{Radford2018ImprovingLU,
  title={Improving Language Understanding by Generative Pre-Training},
  author={Alec Radford and Karthik Narasimhan},
  year={2018},
  url={https://api.semanticscholar.org/CorpusID:49313245}
}

@misc{mcinnes2020umap,
      title={UMAP: Uniform Manifold Approximation and Projection for Dimension Reduction}, 
      author={Leland McInnes and John Healy and James Melville},
      year={2020},
      eprint={1802.03426},
      archivePrefix={arXiv},
      primaryClass={stat.ML}
}

@article{ROUSSEEUW198753,
title = {Silhouettes: A graphical aid to the interpretation and validation of cluster analysis},
journal = {Journal of Computational and Applied Mathematics},
volume = {20},
pages = {53-65},
year = {1987},
issn = {0377-0427},
doi = {https://doi.org/10.1016/0377-0427(87)90125-7},
url = {https://www.sciencedirect.com/science/article/pii/0377042787901257},
author = {Peter J. Rousseeuw},
keywords = {Graphical display, cluster analysis, clustering validity, classification},
abstract = {A new graphical display is proposed for partitioning techniques. Each cluster is represented by a so-called silhouette, which is based on the comparison of its tightness and separation. This silhouette shows which objects lie well within their cluster, and which ones are merely somewhere in between clusters. The entire clustering is displayed by combining the silhouettes into a single plot, allowing an appreciation of the relative quality of the clusters and an overview of the data configuration. The average silhouette width provides an evaluation of clustering validity, and might be used to select an ‘appropriate’ number of clusters.}
}

@article{calinskiharabasz1974,
author = {T. Caliński and J. Harabasz},
title = {A dendrite method for cluster analysis},
journal = {Communications in Statistics},
volume = {3},
number = {1},
pages = {1--27},
year = {1974},
publisher = {Taylor \& Francis},
doi = {10.1080/03610927408827101},

URL = {      https://www.tandfonline.com/doi/abs/10.1080/03610927408827101
},
eprint = {   https://www.tandfonline.com/doi/pdf/10.1080/03610927408827101
}
}

@ARTICLE{4766909,
  author={Davies, David L. and Bouldin, Donald W.},
  journal={IEEE Transactions on Pattern Analysis and Machine Intelligence}, 
  title={A Cluster Separation Measure}, 
  year={1979},
  volume={PAMI-1},
  number={2},
  pages={224-227},
  keywords={Dispersion;Density measurement;Algorithm design and analysis;Clustering algorithms;Partitioning algorithms;Multidimensional systems;Data analysis;Performance analysis;Humans;Missiles;Cluster;data partitions;multidimensional data analysis;parametric clustering;partitions;similarity measure},
  doi={10.1109/TPAMI.1979.4766909}}

@misc{shehzadi2023objectdetectiontransformersreview,
      title={Object Detection with Transformers: A Review}, 
      author={Tahira Shehzadi and Khurram Azeem Hashmi and Didier Stricker and Muhammad Zeshan Afzal},
      year={2023},
      eprint={2306.04670},
      archivePrefix={arXiv},
      primaryClass={cs.CV},
      url={https://arxiv.org/abs/2306.04670}, 
}

@misc{goodfellow2014generativeadversarialnetworks,
      title={Generative Adversarial Networks}, 
      author={Ian J. Goodfellow and Jean Pouget-Abadie and Mehdi Mirza and Bing Xu and David Warde-Farley and Sherjil Ozair and Aaron Courville and Yoshua Bengio},
      year={2014},
      eprint={1406.2661},
      archivePrefix={arXiv},
      primaryClass={stat.ML},
      url={https://arxiv.org/abs/1406.2661}, 
}

@inproceedings{ester1996density,
  title={A density-based algorithm for discovering clusters in large spatial databases with noise},
  author={Ester, Martin and Kriegel, Hans-Peter and Sander, J{\"o}rg and Xu, Xiaowei and others},
  booktitle={kdd},
  volume={96},
  number={34},
  pages={226--231},
  year={1996}
}

@article{murtagh2012algorithms,
  title={Algorithms for hierarchical clustering: an overview},
  author={Murtagh, Fionn and Contreras, Pedro},
  journal={Wiley Interdisciplinary Reviews: Data Mining and Knowledge Discovery},
  volume={2},
  number={1},
  pages={86--97},
  year={2012},
  publisher={Wiley Online Library}
}
