@inproceedings{alayrac2023flamingo,
  title={Flamingo: a Visual Language Model for Few-Shot Learning},
  author={Alayrac, Jean-Baptiste and others},
  booktitle={Advances in Neural Information Processing Systems (NeurIPS)},
  year={2023}
}

@misc{carion2020endtoendobjectdetectiontransformers,
      title={End-to-End Object Detection with Transformers}, 
      author={Nicolas Carion and Francisco Massa and Gabriel Synnaeve and Nicolas Usunier and Alexander Kirillov and Sergey Zagoruyko},
      year={2020},
      eprint={2005.12872},
      archivePrefix={arXiv},
      primaryClass={cs.CV},
      url={https://arxiv.org/abs/2005.12872}, 
}

@misc{dosovitskiy2021imageworth16x16words,
      title={An Image is Worth 16x16 Words: Transformers for Image Recognition at Scale}, 
      author={Alexey Dosovitskiy and Lucas Beyer and Alexander Kolesnikov and Dirk Weissenborn and Xiaohua Zhai and Thomas Unterthiner and Mostafa Dehghani and Matthias Minderer and Georg Heigold and Sylvain Gelly and Jakob Uszkoreit and Neil Houlsby},
      year={2021},
      eprint={2010.11929},
      archivePrefix={arXiv},
      primaryClass={cs.CV},
      url={https://arxiv.org/abs/2010.11929}, 
}

@inproceedings{girdhar2023imagebind,
  title={Imagebind: One embedding space to bind them all},
  author={Girdhar, Rohit and El-Nouby, Alaaeldin and Liu, Zhuang and Singh, Mannat and Alwala, Kalyan Vasudev and Joulin, Armand and Misra, Ishan},
  booktitle={Proceedings of the IEEE/CVF Conference on Computer Vision and Pattern Recognition},
  pages={15180--15190},
  year={2023}
}

@misc{hamara2024latentenginemanifoldsanalyzing,
      title={From Latent to Engine Manifolds: Analyzing ImageBind's Multimodal Embedding Space}, 
      author={Andrew Hamara and Pablo Rivas},
      year={2024},
      eprint={2409.10528},
      archivePrefix={arXiv},
      primaryClass={cs.CV},
      url={https://arxiv.org/abs/2409.10528}, 
}

@inproceedings{he2016deep,
  title={Deep Residual Learning for Image Recognition},
  author={He, Kaiming and Zhang, Xiangyu and Ren, Shaoqing and Sun, Jian},
  booktitle={Proceedings of the IEEE conference on computer vision and pattern recognition (CVPR)},
  pages={770--778},
  year={2016}
}

@misc{radford2016unsupervisedrepresentationlearningdeep,
      title={Unsupervised Representation Learning with Deep Convolutional Generative Adversarial Networks}, 
      author={Alec Radford and Luke Metz and Soumith Chintala},
      year={2016},
      eprint={1511.06434},
      archivePrefix={arXiv},
      primaryClass={cs.LG},
      url={https://arxiv.org/abs/1511.06434}, 
}

@misc{rashid2024aisafetypracticeenhancing,
      title={AI Safety in Practice: Enhancing Adversarial Robustness in Multimodal Image Captioning}, 
      author={Maisha Binte Rashid and Pablo Rivas},
      year={2024},
      eprint={2407.21174},
      archivePrefix={arXiv},
      primaryClass={cs.CV},
      url={https://arxiv.org/abs/2407.21174}, 
}

@inproceedings{touvron2021training,
  title={Training data-efficient image transformers \& distillation through attention},
  author={Touvron, Hugo and Cord, Matthieu and Douze, Matthijs and Massa, Francisco and Sablayrolles, Alexandre and J{\'e}gou, Herv{\'e}},
  booktitle={International Conference on Machine Learning (ICML)},
  pages={10347--10357},
  year={2021}
}

@misc{vaswani2023attentionneed,
      title={Attention Is All You Need}, 
      author={Ashish Vaswani and Noam Shazeer and Niki Parmar and Jakob Uszkoreit and Llion Jones and Aidan N. Gomez and Lukasz Kaiser and Illia Polosukhin},
      year={2023},
      eprint={1706.03762},
      archivePrefix={arXiv},
      primaryClass={cs.CL},
      url={https://arxiv.org/abs/1706.03762}, 
}

@misc{wu2020visualtransformerstokenbasedimage,
      title={Visual Transformers: Token-based Image Representation and Processing for Computer Vision}, 
      author={Bichen Wu and Chenfeng Xu and Xiaoliang Dai and Alvin Wan and Peizhao Zhang and Zhicheng Yan and Masayoshi Tomizuka and Joseph Gonzalez and Kurt Keutzer and Peter Vajda},
      year={2020},
      eprint={2006.03677},
      archivePrefix={arXiv},
      primaryClass={cs.CV},
      url={https://arxiv.org/abs/2006.03677}, 
}

