@article{SpaGE,
  title={SpaGE: spatial gene enhancement using scRNA-seq},
  author={Abdelaal, Tamim and Mourragui, Soufiane and others},
  journal={Nucleic Acids Research},
  volume={48},
  number={18},
  pages={e107--e107},
  year={2020},
  publisher={Oxford University Press}
}

@article{SpaOTsc,
  title={Inferring spatial and signaling relationships between cells from single cell transcriptomic data},
  author={Cang, Zixuan and Nie, Qing},
  journal={Nature Communications},
  volume={11},
  number={1},
  pages={2084},
  year={2020},
  publisher={Nature Publishing Group UK London}
}

@article{SpatialScope,
  title={Integrating spatial and single-cell transcriptomics data using deep generative models with SpatialScope},
  author={Wan, Xiaomeng and Xiao, Jiashun and others},
  journal={Nature Communications},
  volume={14},
  number={1},
  pages={7848},
  year={2023},
  publisher={Nature Publishing Group UK London}
}

@article{Tangram,
  title={Deep learning and alignment of spatially resolved single-cell transcriptomes with Tangram},
  author={Biancalani, Tommaso and Scalia, Gabriele and others},
  journal={Nature Methods},
  volume={18},
  number={11},
  pages={1352--1362},
  year={2021},
  publisher={Nature Publishing Group US New York}
}

@article{li2024spadit,
  title={SpaDiT: diffusion transformer for spatial gene expression prediction using scRNA-seq},
  author={Li, Xiaoyu and Zhu, Fangfang and Min, Wenwen},
  journal={Briefings in Bioinformatics},
  volume={25},
  number={6},
  pages={bbae571},
  year={2024},
  publisher={Oxford University Press}
}

@article{novoSpaRc,
  title={NovoSpaRc: flexible spatial reconstruction of single-cell gene expression with optimal transport},
  author={Moriel, Noa and Senel, Enes and others},
  journal={Nature Protocols},
  volume={16},
  number={9},
  pages={4177--4200},
  year={2021},
  publisher={Nature Publishing Group UK London}
}

@article{scVI,
  title={Deep generative modeling for single-cell transcriptomics},
  author={Lopez, Romain and Regier, Jeffrey and others},
  journal={Nature Methods},
  volume={15},
  number={12},
  pages={1053--1058},
  year={2018},
  publisher={Nature Publishing Group US New York}
}

@article{stDiff,
  title={stDiff: a diffusion model for imputing spatial transcriptomics through single-cell transcriptomics},
  author={Li, Kongming and Li, Jiahao and others},
  journal={Briefings in Bioinformatics},
  volume={25},
  number={3},
  pages={bbae171},
  year={2024},
  publisher={Oxford University Press}
}

@article{stPlus,
  title={stPlus: a reference-based method for the accurate enhancement of spatial transcriptomics},
  author={Shengquan, Chen and Boheng, Zhang and others},
  journal={Bioinformatics},
  volume={37},
  number={Supplement\_1},
  pages={i299--i307},
  year={2021},
  publisher={Oxford University Press}
}

