
% Journals

% First the Full Name is given, then the abbreviation used in the AMS Math
% Reviews, with an indication if it could not be found there.
% Note the 2nd overwrites the 1st, so swap them if you want the full name.

 %{AMS}
 @String{AMSTrans = "American Mathematical Society Translations" }
 @String{AMSTrans = "Amer. Math. Soc. Transl." }
 @String{BullAMS = "Bulletin of the American Mathematical Society" }
 @String{BullAMS = "Bull. Amer. Math. Soc." }
 @String{ProcAMS = "Proceedings of the American Mathematical Society" }
 @String{ProcAMS = "Proc. Amer. Math. Soc." }
 @String{TransAMS = "Transactions of the American Mathematical Society" }
 @String{TransAMS = "Trans. Amer. Math. Soc." }

 %ACM
 @String{CACM = "Communications of the {ACM}" }
 @String{CACM = "Commun. {ACM}" }
 @String{CompServ = "Comput. Surveys" }
 @String{JACM = "J. ACM" }
 @String{ACMMathSoft = "{ACM} Transactions on Mathematical Software" }
 @String{ACMMathSoft = "{ACM} Trans. Math. Software" }
 @String{SIGNUM = "{ACM} {SIGNUM} Newsletter" }
 @String{SIGNUM = "{ACM} {SIGNUM} Newslett." }

 @String{AmerSocio = "American Journal of Sociology" }
 @String{AmerStatAssoc = "Journal of the American Statistical Association" }
 @String{AmerStatAssoc = "J. Amer. Statist. Assoc." }
 @String{ApplMathComp = "Applied Mathematics and Computation" }
 @String{ApplMathComp = "Appl. Math. Comput." }
 @String{AmerMathMonthly = "American Mathematical Monthly" }
 @String{AmerMathMonthly = "Amer. Math. Monthly" }
 @String{BIT = "{BIT}" }
 @String{BritStatPsych = "British Journal of Mathematical and Statistical
          Psychology" }
 @String{BritStatPsych = "Brit. J. Math. Statist. Psych." }
 @String{CanMathBull = "Canadian Mathematical Bulletin" }
 @String{CanMathBull = "Canad. Math. Bull." }
 @String{CompApplMath = "Journal of Computational and Applied Mathematics" }
 @String{CompApplMath = "J. Comput. Appl. Math." }
 @String{CompPhys = "Journal of Computational Physics" }
 @String{CompPhys = "J. Comput. Phys." }
 @String{CompStruct = "Computers and Structures" }
 @String{CompStruct = "Comput. \& Structures" }
 @String{CompJour = "The Computer Journal" }
 @String{CompJour = "Comput. J." }
 @String{CompSysSci = "Journal of Computer and System Sciences" }
 @String{CompSysSci = "J. Comput. System Sci." }
 @String{Computing = "Computing" }
 @String{ContempMath = "Contemporary Mathematics" }
 @String{ContempMath = "Contemp. Math." }
 @String{Crelle = "Crelle's Journal" }
 @String{GiornaleMath = "Giornale di Mathematiche" }
 @String{GiornaleMath = "Giorn. Mat." } % didn't find in AMS MR., ibid.

 %IEEE
 @String{Computer = "{IEEE} Computer" }
 @String{IEEETransComp = "{IEEE} Transactions on Computers" }
 @String{IEEETransComp = "{IEEE} Trans. Comput." }
 @String{IEEETransAC = "{IEEE} Transactions on Automatic Control" }
 @String{IEEETransAC = "{IEEE} Trans. Automat. Control" }
 @String{IEEESpec = "{IEEE} Spectrum" } % didn't find in AMS MR
 @String{ProcIEEE = "Proceedings of the {IEEE}" }
 @String{ProcIEEE = "Proc. {IEEE}" } % didn't find in AMS MR
 @String{IEEETransAeroElec = "{IEEE} Transactions on Aerospace and Electronic
     Systems" }
 @String{IEEETransAeroElec = "{IEEE} Trans. Aerospace Electron. Systems" }

 @String{IMANumerAna = "{IMA} Journal of Numerical Analysis" }
 @String{IMANumerAna = "{IMA} J. Numer. Anal." }
 @String{InfProcLet = "Information Processing Letters" }
 @String{InfProcLet = "Inform. Process. Lett." }
 @String{InstMathApp = "Journal of the Institute of Mathematics and
     its Applications" }
 @String{InstMathApp = "J. Inst. Math. Appl." }
 @String{IntControl = "International Journal of Control" }
 @String{IntControl = "Internat. J. Control" }
 @String{IntNumerEng = "International Journal for Numerical Methods in
     Engineering" }
 @String{IntNumerEng = "Internat. J. Numer. Methods Engrg." }
 @String{IntSuper = "International Journal of Supercomputing Applications" }
 @String{IntSuper = "Internat. J. Supercomputing Applic." } % didn't find
%% in AMS MR
 @String{Kibernetika = "Kibernetika" }
 @String{JResNatBurStand = "Journal of Research of the National Bureau
     of Standards" }
 @String{JResNatBurStand = "J. Res. Nat. Bur. Standards" }
 @String{LinAlgApp = "Linear Algebra and its Applications" }
 @String{LinAlgApp = "Linear Algebra Appl." }
 @String{MathAnaAppl = "Journal of Mathematical Analysis and Applications" }
 @String{MathAnaAppl = "J. Math. Anal. Appl." }
 @String{MathAnnalen = "Mathematische Annalen" }
 @String{MathAnnalen = "Math. Ann." }
 @String{MathPhys = "Journal of Mathematical Physics" }
 @String{MathPhys = "J. Math. Phys." }
 @String{MathComp = "Mathematics of Computation" }
 @String{MathComp = "Math. Comp." }
 @String{MathScand = "Mathematica Scandinavica" }
 @String{MathScand = "Math. Scand." }
 @String{TablesAidsComp = "Mathematical Tables and Other Aids to Computation" }
 @String{TablesAidsComp = "Math. Tables Aids Comput." }
 @String{NumerMath = "Numerische Mathematik" }
 @String{NumerMath = "Numer. Math." }
 @String{PacificMath = "Pacific Journal of Mathematics" }
 @String{PacificMath = "Pacific J. Math." }
 @String{ParDistComp = "Journal of Parallel and Distributed Computing" }
 @String{ParDistComp = "J. Parallel and Distrib. Comput." } % didn't find
%% in AMS MR
 @String{ParComputing = "Parallel Computing" }
 @String{ParComputing = "Parallel Comput." }
 @String{PhilMag = "Philosophical Magazine" }
 @String{PhilMag = "Philos. Mag." }
 @String{ProcNAS = "Proceedings of the National Academy of Sciences
                    of the USA" }
 @String{ProcNAS = "Proc. Nat. Acad. Sci. U. S. A." }
 @String{Psychometrika = "Psychometrika" }
 @String{QuartMath = "Quarterly Journal of Mathematics, Oxford, Series (2)" }
 @String{QuartMath = "Quart. J. Math. Oxford Ser. (2)" }
 @String{QuartApplMath = "Quarterly of Applied Mathematics" }
 @String{QuartApplMath = "Quart. Appl. Math." }
 @String{RevueInstStat = "Review of the International Statisical Institute" }
 @String{RevueInstStat = "Rev. Inst. Internat. Statist." }

 %SIAM
 @String{JSIAM = "Journal of the Society for Industrial and Applied
     Mathematics" }
 @String{JSIAM = "J. Soc. Indust. Appl. Math." }
 @String{JSIAMB = "Journal of the Society for Industrial and Applied
     Mathematics, Series B, Numerical Analysis" }
 @String{JSIAMB = "J. Soc. Indust. Appl. Math. Ser. B Numer. Anal." }
 @String{SIAMAlgMeth = "{SIAM} Journal on Algebraic and Discrete Methods" }
 @String{SIAMAlgMeth = "{SIAM} J. Algebraic Discrete Methods" }
 @String{SIAMAppMath = "{SIAM} Journal on Applied Mathematics" }
 @String{SIAMAppMath = "{SIAM} J. Appl. Math." }
 @String{SIAMComp = "{SIAM} Journal on Computing" }
 @String{SIAMComp = "{SIAM} J. Comput." }
 @String{SIAMMatrix = "{SIAM} Journal on Matrix Analysis and Applications" }
 @String{SIAMMatrix = "{SIAM} J. Matrix Anal. Appl." }
 @String{SIAMNumAnal = "{SIAM} Journal on Numerical Analysis" }
 @String{SIAMNumAnal = "{SIAM} J. Numer. Anal." }
 @String{SIAMReview = "{SIAM} Review" }
 @String{SIAMReview = "{SIAM} Rev." }
 @String{SIAMSciStat = "{SIAM} Journal on Scientific and Statistical
     Computing" }
 @String{SIAMSciStat = "{SIAM} J. Sci. Statist. Comput." }

 @String{SoftPracExp = "Software Practice and Experience" }
 @String{SoftPracExp = "Software Prac. Experience" } % didn't find in AMS MR
 @String{StatScience = "Statistical Science" }
 @String{StatScience = "Statist. Sci." }
 @String{Techno = "Technometrics" }
 @String{USSRCompMathPhys = "{USSR} Computational Mathematics and Mathematical
     Physics" }
 @String{USSRCompMathPhys = "{U. S. S. R.} Comput. Math. and Math. Phys." }
 @String{VLSICompSys = "Journal of {VLSI} and Computer Systems" }
 @String{VLSICompSys = "J. {VLSI} Comput. Syst." }
 @String{ZAngewMathMech = "Zeitschrift fur Angewandte Mathematik und
     Mechanik" }
 @String{ZAngewMathMech = "Z. Angew. Math. Mech." }
 @String{ZAngewMathPhys = "Zeitschrift fur Angewandte Mathematik und Physik" }
 @String{ZAngewMathPhys = "Z. Angew. Math. Phys." }

% Publishers % ================================================= |

 @String{Academic = "Academic Press" }
 @String{ACMPress = "{ACM} Press" }
 @String{AdamHilger = "Adam Hilger" }
 @String{AddisonWesley = "Addison-Wesley" }
 @String{AllynBacon = "Allyn and Bacon" }
 @String{AMS = "American Mathematical Society" }
 @String{Birkhauser = "Birkha{\"u}ser" }
 @String{CambridgePress = "Cambridge University Press" }
 @String{Chelsea = "Chelsea" }
 @String{ClaredonPress = "Claredon Press" }
 @String{DoverPub = "Dover Publications" }
 @String{Eyolles = "Eyolles" }
 @String{HoltRinehartWinston = "Holt, Rinehart and Winston" }
 @String{Interscience = "Interscience" }
 @String{JohnsHopkinsPress = "The Johns Hopkins University Press" }
 @String{JohnWileySons = "John Wiley and Sons" }
 @String{Macmillan = "Macmillan" }
 @String{MathWorks = "The Math Works Inc." }
 @String{McGrawHill = "McGraw-Hill" }
 @String{NatBurStd = "National Bureau of Standards" }
 @String{NorthHolland = "North-Holland" }
 @String{OxfordPress = "Oxford University Press" }  %address Oxford or London?
 @String{PergamonPress = "Pergamon Press" }
 @String{PlenumPress = "Plenum Press" }
 @String{PrenticeHall = "Prentice-Hall" }
 @String{SIAMPub = "{SIAM} Publications" }
 @String{Springer = "Springer-Verlag" }
 @String{TexasPress = "University of Texas Press" }
 @String{VanNostrand = "Van Nostrand" }
 @String{WHFreeman = "W. H. Freeman and Co." }

%Entries


@article{Benchmark,
  title={Benchmarking spatial and single-cell transcriptomics integration methods for transcript distribution prediction and cell type deconvolution},
  author={Li, Bin and Zhang, Wen and others},
  journal={Nature Methods},
  volume={19},
  number={6},
  pages={662--670},
  year={2022},
  publisher={Nature Publishing Group US New York}
}

@article{Tangram,
  title={Deep learning and alignment of spatially resolved single-cell transcriptomes with Tangram},
  author={Biancalani, Tommaso and Scalia, Gabriele and others},
  journal={Nature Methods},
  volume={18},
  number={11},
  pages={1352--1362},
  year={2021},
  publisher={Nature Publishing Group US New York}
}

@article{scVI,
  title={Deep generative modeling for single-cell transcriptomics},
  author={Lopez, Romain and Regier, Jeffrey and others},
  journal={Nature Methods},
  volume={15},
  number={12},
  pages={1053--1058},
  year={2018},
  publisher={Nature Publishing Group US New York}
}

@article{SpaGE,
  title={SpaGE: spatial gene enhancement using scRNA-seq},
  author={Abdelaal, Tamim and Mourragui, Soufiane and others},
  journal={Nucleic Acids Research},
  volume={48},
  number={18},
  pages={e107--e107},
  year={2020},
  publisher={Oxford University Press}
}

@article{stPlus,
  title={stPlus: a reference-based method for the accurate enhancement of spatial transcriptomics},
  author={Shengquan, Chen and Boheng, Zhang and others},
  journal={Bioinformatics},
  volume={37},
  number={Supplement\_1},
  pages={i299--i307},
  year={2021},
  publisher={Oxford University Press}
}

@article{SpaOTsc,
  title={Inferring spatial and signaling relationships between cells from single cell transcriptomic data},
  author={Cang, Zixuan and Nie, Qing},
  journal={Nature Communications},
  volume={11},
  number={1},
  pages={2084},
  year={2020},
  publisher={Nature Publishing Group UK London}
}

@article{novoSpaRc,
  title={NovoSpaRc: flexible spatial reconstruction of single-cell gene expression with optimal transport},
  author={Moriel, Noa and Senel, Enes and others},
  journal={Nature Protocols},
  volume={16},
  number={9},
  pages={4177--4200},
  year={2021},
  publisher={Nature Publishing Group UK London}
}

@article{SpatialScope,
  title={Integrating spatial and single-cell transcriptomics data using deep generative models with SpatialScope},
  author={Wan, Xiaomeng and Xiao, Jiashun and others},
  journal={Nature Communications},
  volume={14},
  number={1},
  pages={7848},
  year={2023},
  publisher={Nature Publishing Group UK London}
}

@article{stDiff,
  title={stDiff: a diffusion model for imputing spatial transcriptomics through single-cell transcriptomics},
  author={Li, Kongming and Li, Jiahao and others},
  journal={Briefings in Bioinformatics},
  volume={25},
  number={3},
  pages={bbae171},
  year={2024},
  publisher={Oxford University Press}
}

@inproceedings{DiT,
  title={Scalable diffusion models with transformers},
  author={Peebles, William and Xie, Saining},
  booktitle={Proceedings of the IEEE/CVF International Conference on Computer Vision},
  pages={4195--4205},
  year={2023}
}

@inproceedings{ddpm2015,
  title={Deep unsupervised learning using nonequilibrium thermodynamics},
  author={Sohl-Dickstein, Jascha and Weiss, Eric and others},
  booktitle={International Conference on Machine Learning},
  pages={2256--2265},
  year={2015},
  organization={PMLR}
}

@inproceedings{cdm-cv1,
  title={Adding conditional control to text-to-image diffusion models},
  author={Zhang, Lvmin and Rao, Anyi and others},
  booktitle={Proceedings of the IEEE/CVF International Conference on Computer Vision},
  pages={3836--3847},
  year={2023}
}


@inproceedings{ddpm2020,
 author = {Ho, Jonathan and Jain, Ajay and Abbeel, Pieter},
 booktitle = {Advances in Neural Information Processing Systems},
 pages = {6840--6851},
 title = {Denoising Diffusion Probabilistic Models},
 volume = {33},
 year = {2020}
}

@article{intro-sc1,
  title={Quantitative assessment of single-cell RNA-sequencing methods},
  author={Wu, Angela R and Neff, Norma F and others},
  journal={Nature Methods},
  volume={11},
  number={1},
  pages={41--46},
  year={2014},
  publisher={Nature Publishing Group US New York}
}

@article{intro-sc2,
  title={Integrating single-cell and spatial transcriptomics to elucidate intercellular tissue dynamics},
  author={Longo, Sophia K and Guo, Margaret G and others},
  journal={Nature Reviews Genetics},
  volume={22},
  number={10},
  pages={627--644},
  year={2021},
  publisher={Nature Publishing Group UK London}
}

@article{intro-st1,
  title={Exploring tissue architecture using spatial transcriptomics},
  author={Rao, Anjali and Barkley, Dalia and others},
  journal={Nature},
  volume={596},
  number={7871},
  pages={211--220},
  year={2021},
  publisher={Nature Publishing Group UK London}
}

@article{10Xvisium,
  title={Spatially resolved transcriptomics adds a new dimension to genomics},
  author={Larsson, Ludvig and Fris{\'e}n, Jonas and others},
  journal={Nature Methods},
  volume={18},
  number={1},
  pages={15--18},
  year={2021},
  publisher={Nature Publishing Group US New York}
}

@article{slide-seq,
  title={Highly sensitive spatial transcriptomics at near-cellular resolution with Slide-seqV2},
  author={Stickels, Robert R and Murray, Evan and others},
  journal={Nature Biotechnology},
  volume={39},
  number={3},
  pages={313--319},
  year={2021},
  publisher={Nature Publishing Group US New York}
}

@article{stereo-seq,
  title={Spatiotemporal transcriptomic atlas of mouse organogenesis using DNA nanoball-patterned arrays},
  author={Chen, Ao and Liao, Sha and others},
  journal={Cell},
  volume={185},
  number={10},
  pages={1777--1792},
  year={2022},
  publisher={Elsevier}
}

@article{seqFish,
  title={Dynamics and spatial genomics of the nascent transcriptome by intron seqFISH},
  author={Shah, Sheel and Takei, Yodai and others},
  journal={Cell},
  volume={174},
  number={2},
  pages={363--376},
  year={2018},
  publisher={Elsevier}
}

@article{Merfish,
  title={Molecular, spatial, and functional single-cell profiling of the hypothalamic preoptic region},
  author={Moffitt, Jeffrey R and Bambah-Mukku, Dhananjay and others},
  journal={Science},
  volume={362},
  number={6416},
  pages={eaau5324},
  year={2018},
  publisher={American Association for the Advancement of Science}
}



@article{st-weak1,
  title={The expanding vistas of spatial transcriptomics},
  author={Tian, Luyi and Chen, Fei and others},
  journal={Nature Biotechnology},
  volume={41},
  number={6},
  pages={773--782},
  year={2023},
  publisher={Nature Publishing Group US New York}
}

@article{st-weak2,
  title={Subcellular spatial transcriptomics identifies three mechanistically different classes of localizing RNAs},
  author={Cassella, Lucia and Ephrussi, Anne},
  journal={Nature Communications},
  volume={13},
  number={1},
  pages={6355},
  year={2022},
  publisher={Nature Publishing Group UK London}
}

@article{st-method1,
  title={Combined single-cell and spatial transcriptomics reveal the molecular, cellular and spatial bone marrow niche organization},
  author={Baccin, Chiara and Al-Sabah, Jude and others},
  journal={Nature Cell Biology},
  volume={22},
  number={1},
  pages={38--48},
  year={2020},
  publisher={Nature Publishing Group UK London}
}

@article{st-method2,
  title={Single-cell and spatial transcriptomics reveal somitogenesis in gastruloids},
  author={van den Brink, Susanne C and Alemany, Anna and others},
  journal={Nature},
  volume={582},
  number={7812},
  pages={405--409},
  year={2020},
  publisher={Nature Publishing Group UK London}
}
@article{st-method3,
  title={SPASCER: spatial transcriptomics annotation at single-cell resolution},
  author={Fan, Zhiwei and Luo, Yangyang and others},
  journal={Nucleic Acids Research},
  volume={51},
  number={D1},
  pages={D1138--D1149},
  year={2023},
  publisher={Oxford University Press}
}

@article{st-method-weak,
  title={Integrating spatial transcriptomics data across different conditions, technologies and developmental stages},
  author={Zhou, Xiang and Zhang, Shihua and others},
  journal={Nature Computational Science},
  volume={3},
  number={10},
  pages={894--906},
  year={2023},
  publisher={Nature Publishing Group US New York}
}

@article{dm-drug,
  title={Equivariant 3D-conditional diffusion model for molecular linker design},
  author={Igashov, Ilia and St{\"a}rk, Hannes and others},
  journal={Nature Machine Intelligence},
  pages={1--11},
  year={2024},
  publisher={Nature Publishing Group UK London}
}

@article{data-MH,
  title={A spatially resolved brain region-and cell type-specific isoform atlas of the postnatal mouse brain},
  author={Joglekar, Anoushka and Prjibelski, Andrey and others},
  journal={Nature Communications},
  volume={12},
  number={1},
  pages={463},
  year={2021},
  publisher={Nature Publishing Group UK London}
}

@article{data-MHPR,
  title={Molecular, spatial, and functional single-cell profiling of the hypothalamic preoptic region},
  author={Moffitt, Jeffrey R and Bambah-Mukku, Dhananjay and others},
  journal={Science},
  volume={362},
  number={6416},
  pages={eaau5324},
  year={2018},
  publisher={American Association for the Advancement of Science}
}

@article{data-MG,
  title={Single-cell transcriptomics of 20 mouse organs creates a Tabula Muris: The Tabula Muris Consortium},
  author={Schaum, Nicholas and Karkanias, Jim and others},
  journal={Nature},
  volume={562},
  number={7727},
  pages={367},
  year={2018},
  publisher={NIH Public Access}
}

@article{data-MHM,
  title={Large-scale integration of single-cell transcriptomic data captures transitional progenitor states in mouse skeletal muscle regeneration},
  author={McKellar, David W and Walter, Lauren D and others},
  journal={Communications Biology},
  volume={4},
  number={1},
  pages={1280},
  year={2021},
  publisher={Nature Publishing Group UK London}
}

@article{data-ME,
  title={A coordinated progression of progenitor cell states initiates urinary tract development},
  author={Sanchez-Ferras, Oraly and Pacis, Alain and others},
  journal={Nature Communications},
  volume={12},
  number={1},
  pages={2627},
  year={2021},
  publisher={Nature Publishing Group UK London}
}

@article{data-MVC,
  title={Three-dimensional intact-tissue sequencing of single-cell transcriptional states},
  author={Wang, Xiao and Allen, William E and others},
  journal={Science},
  volume={361},
  number={6400},
  pages={eaat5691},
  year={2018},
  publisher={American Association for the Advancement of Science}
}

@article{data-HBC,
  title={A single-cell and spatially resolved atlas of human breast cancers},
  author={Wu, Sunny Z and Al-Eryani, Ghamdan and others},
  journal={Nature Genetics},
  volume={53},
  number={9},
  pages={1334--1347},
  year={2021},
  publisher={Nature Publishing Group US New York}
}

@article{data-MPMC,
  title={Single-cell RNA landscape of intratumoral heterogeneity and immunosuppressive microenvironment in advanced osteosarcoma},
  author={Zhou, Yan and Yang, Dong and others},
  journal={Nature Communications},
  volume={11},
  number={1},
  pages={6322},
  year={2020},
  publisher={Nature Publishing Group UK London}
}

@article{data-MC,
  title={Sequencing of individual barcoded cDNAs using Pacific Biosciences and Oxford Nanopore Technologies reveals platform-specific error patterns},
  author={Mikheenko, Alla and Prjibelski, Andrey D and others},
  journal={Genome Research},
  volume={32},
  number={4},
  pages={726--737},
  year={2022},
  publisher={Cold Spring Harbor Lab}
}

@inproceedings{ddim,
  title={Denoising diffusion implicit models},
  author={Song, Jiaming and Meng, Chenlin and Ermon, Stefano},
  booktitle={International Conference on Learning Representation},
  year={2020}
}

@inproceedings{iddpm,
  title={Improved denoising diffusion probabilistic models},
  author={Nichol, Alexander Quinn and Dhariwal, Prafulla},
  booktitle={International Conference on Machine Learning},
  pages={8162--8171},
  year={2021},
  organization={PMLR}
}

@article{deng2024causal,
  title={Causal Diffusion Transformers for Generative Modeling},
  author={Deng, Chaorui and Zh, Deyao and Li, Kunchang and Guan, Shi and Fan, Haoqi},
  journal={arXiv preprint arXiv:2412.12095},
  year={2024}
}

@article{li2024spadit,
  title={SpaDiT: diffusion transformer for spatial gene expression prediction using scRNA-seq},
  author={Li, Xiaoyu and Zhu, Fangfang and Min, Wenwen},
  journal={Briefings in Bioinformatics},
  volume={25},
  number={6},
  pages={bbae571},
  year={2024},
  publisher={Oxford University Press}
}

@article{yao2015prior,
  title={Prior knowledge driven Granger causality analysis on gene regulatory network discovery},
  author={Yao, Shun and Yoo, Shinjae and Yu, Dantong},
  journal={BMC bioinformatics},
  volume={16},
  pages={1--18},
  year={2015},
  publisher={Springer}
}
@article{li2022diffusion,
  title={Diffusion-lm improves controllable text generation},
  author={Li, Xiang and Thickstun, John and Gulrajani, Ishaan and Liang, Percy S and Hashimoto, Tatsunori B},
  journal={Advances in Neural Information Processing Systems},
  volume={35},
  pages={4328--4343},
  year={2022}
}

@inproceedings{rombach2022high,
  title={High-resolution image synthesis with latent diffusion models},
  author={Rombach, Robin and Blattmann, Andreas and Lorenz, Dominik and Esser, Patrick and Ommer, Bj{\"o}rn},
  booktitle={Proceedings of the IEEE/CVF conference on computer vision and pattern recognition},
  pages={10684--10695},
  year={2022}
}
@article{Joglekar2021,
  title={A spatially resolved brain region- and cell type-specific isoform atlas of the postnatal mouse brain},
  author={Joglekar, Anoushka and Prjibelski, Andrey and Mahfouz, Ahmed and Collier, Paul and Lin, Susan and Schlusche, Anna Katharina and Marrocco, Jordan and Williams, Stephen R. and Haase, Bettina and Hayes, Ashley and Chew, Jennifer G. and Weisenfeld, Neil I. and Wong, Man Ying and Stein, Alexander N. and Gerber, Simon A. and Seelig, Alexander and Kotliar, Michael I. and McAuliffe, Michael and McCoy, David W. and Collado-Torres, David A. and Collado-Torres, Leonardo and Jaffe, Andrew E. and Hyde, Thomas M. and Kleinman, Joel E. and Bonder, Mark J. and Reilly, Michael J. and Proulx, Michael L. and Ross, Michael G. and Denker, Alexander M. M. and Shapovalova, Alexander N. and Seleznev, Alexander V. and Shcherbina, Alexander A. and Shcherbinin, Alexander A.},
  journal={Nature Communications},
  volume={12},
  number={1},
  pages={463},
  year={2021},
  publisher={Nature Publishing Group}
}
@article{schaum2018single,
  title={Single-cell transcriptomics of 20 mouse organs creates a Tabula Muris: The Tabula Muris Consortium},
  author={Schaum, N. and Karkanias, J. and Neff, N. F. and et al.},
  journal={Nature},
  volume={562},
  pages={367},
  year={2018},
  publisher={Nature Publishing Group}
}
@article{wang2018three,
  title={Three-dimensional intact-tissue sequencing of single-cell transcriptional states},
  author={Wang, X. and Allen, W. E. and Wright, M. A. and et al.},
  journal={Science},
  volume={361},
  year={2018},
  doi={10.1126/science.aat5691}
}
@article{mckellar2021large,
  title={Large-scale integration of single-cell transcriptomic data captures transitional progenitor states in mouse skeletal muscle regeneration},
  author={McKellar, D. W. and Walter, L. D. and Song, L. T. and et al.},
  journal={Communications Biology},
  volume={4},
  year={2021},
  doi={10.1038/s42003-021-02810-x}
}
@article{wu2021single,
  title={A single-cell and spatially resolved atlas of human breast cancers},
  author={Wu, S. Z. and Al-Eryani, G. and Roden, D. L. and et al.},
  journal={Nature Genetics},
  volume={53},
  pages={1334--1347},
  year={2021},
  doi={10.1038/s41588-021-00911-1}
}
@article{sanchez2021coordinated,
  title={A coordinated progression of progenitor cell states initiates urinary tract development},
  author={Sanchez-Ferras, O. and Pacis, A. and Sotiropoulou, M. and et al.},
  journal={Nature Communications},
  volume={12},
  pages={2627},
  year={2021},
  doi={10.1038/s41467-021-22931-5}
}
@article{zhou2020single,
  title={Single-cell RNA landscape of intratumoral heterogeneity and immunosuppressive microenvironment in advanced osteosarcoma},
  author={Zhou, Y. and Yang, D. and Yang, Q. and et al.},
  journal={Nature Communications},
  volume={11},
  pages={6322},
  year={2020},
  doi={10.1038/s41467-020-20059-6}
}
@article{mikheenko2022sequencing,
  title={Sequencing of individual barcoded cDNAs using Pacific Biosciences and Oxford Nanopore Technologies reveals platform-specific error patterns},
  author={Mikheenko, A. and Prjibelski, A. D. and Joglekar, A. and et al.},
  journal={Genome Research},
  volume={32},
  pages={726--737},
  year={2022},
  doi={10.1101/gr.276405.121}
}
@article{moffitt2018molecular,
  title={Molecular, spatial, and functional single-cell profiling of the hypothalamic preoptic region},
  author={Moffitt, J. R. and Bambah-Mukku, D. and Eichhorn, S. W. and et al.},
  journal={Science},
  volume={362},
  pages={eaau5324},
  year={2018},
  doi={10.1126/science.aau5324}
}
@article{sadia2024multiscale,
  title={Multiscale Latent Diffusion Model for Enhanced Feature Extraction from Medical Images},
  author={Sadia, Rabeya Tus and Zhang, Jie and Chen, Jin},
  journal={arXiv preprint arXiv:2410.04000},
  year={2024}
}

@article{paszke2019pytorch,
  title={Pytorch: An imperative style, high-performance deep learning library},
  author={Paszke, Adam and Gross, Sam and Massa, Francisco and Lerer, Adam and Bradbury, James and Chanan, Gregory and Killeen, Trevor and Lin, Zeming and Gimelshein, Natalia and Antiga, Luca and others},
  journal={Advances in neural information processing systems},
  volume={32},
  year={2019}
}