@inproceedings{qi2017pointnet,
    author = {Qi, Charles R. and Su, Hao and Mo, Kaichun and Guibas, Leonidas J.},
    title = {Point{N}et: {D}eep {L}earning on {P}oint {S}ets for 3{D} {C}lassification and {S}egmentation},
    booktitle = {Proceedings of the IEEE Conference on Computer Vision and Pattern Recognition (CVPR)},
    pages = {652--660},
    year = {2017},
    doi = {10.1109/CVPR.2017.16}
}

@inproceedings{hu2020randlanet,
    author = {Hu, Qingyong and Yang, Bo and Xie, Linhai and Rosa, Stefano and Guo, Yulan and Wang, Zhihua and Trigoni, Niki and Markham, Andrew},
    booktitle = {2020 IEEE/CVF Conference on Computer Vision and Pattern Recognition (CVPR)},
    title = {Rand{LA}-{N}et: {E}fficient {S}emantic {S}egmentation of {L}arge-{S}cale {P}oint {C}louds},
    year = {2020},
    pages = {11105-11114},
    doi = {10.1109/CVPR42600.2020.01112},
    month = {June}
}

@inproceedings{graham20183d,
    author={Graham, Benjamin and Engelcke, Martin and Maaten, Laurens van der},
    booktitle={2018 IEEE/CVF Conference on Computer Vision and Pattern Recognition}, 
    title={{3D Semantic Segmentation with Submanifold Sparse Convolutional Networks}}, 
    year={2018},
    pages={9224-9232},
    doi={10.1109/CVPR.2018.00961}
}

@article{wang2020lewos,
    title={Le{W}o{S}: A universal leaf-wood classification method to facilitate the 3{D} modelling of large tropical trees using terrestrial {L}i{DAR}},
    author={Wang, Di and Momo Takoudjou, St{\'e}phane and Casella, Eric},
    journal={Methods in Ecology and Evolution},
    volume={11},
    number={3},
    pages={376--389},
    year={2020},
    publisher={Wiley Online Library},
    doi = {10.1111/2041-210X.13342}
}

@article{tian2022graph,
    title={Graph-{B}ased {L}eaf--{W}ood {S}eparation {M}ethod for {I}ndividual {T}rees {U}sing {T}errestrial {L}idar {P}oint {C}louds},
    author={Tian, Zhilin and Li, Shihua},
    journal={IEEE Transactions on Geoscience and Remote Sensing},
    volume={60},
    pages={1--11},
    year={2022},
    publisher={IEEE},
    doi={10.1109/TGRS.2022.3218603}
}

@inproceedings{choy20194d,
    author={Choy, Christopher and Gwak, JunYoung and Savarese, Silvio},
    booktitle={{2019 IEEE/CVF Conference on Computer Vision and Pattern Recognition (CVPR)}}, 
    title={{4D Spatio-Temporal ConvNets: Minkowski Convolutional Neural Networks}}, 
    year={2019},
    pages={3070-3079},
    doi={10.1109/CVPR.2019.00319}
}

@article{puliti2023forinstance,
    title={{FOR-instance: a UAV laser scanning benchmark dataset for semantic and instance segmentation of individual trees}}, 
    author={Stefano Puliti and Grant Pearse and Peter Surový and Luke Wallace and Markus Hollaus and Maciej Wielgosz and Rasmus Astrup},
    journal={arXiv preprint},
    year={2023},
    doi={10.48550/arXiv.2309.01279}
}

@article{kaijaluoto2022semantic,
    title = {Semantic segmentation of point cloud data using raw laser scanner measurements and deep neural networks},
    journal = {ISPRS Open Journal of Photogrammetry and Remote Sensing},
    volume = {3},
    pages = {100011},
    year = {2022},
    issn = {2667-3932},
    doi = {10.1016/j.ophoto.2021.100011},
    author = {Risto Kaijaluoto and Antero Kukko and Aimad {El Issaoui} and Juha Hyyppä and Harri Kaartinen}
}

@misc{momo2018data,
    title = {{Data from: Using terrestrial laser scanning data to estimate large tropical trees biomass and calibrate allometric models: a comparison with traditional destructive approach [{D}ataset]}},
    author={Momo Takoudjou, Stéphane and Ploton, Pierre and Sonké, Bonaventure and Hackenberg, Jan and Griffon, Sébastien and de Coligny, Francois and Kamdem, Narcisse Guy and Libalah, Moses and Mofack, Gislain II and Le Moguédec, Gilles and Pélissier, Raphaël and Barbier, Nicolas},
    year={2018},
    publisher={Dryad},
    doi={10.5061/dryad.10hq7}
}
    %url={https://doi.org/10.5061/dryad.10hq7},

@misc{wang2020lewosdata,
    title={Le{W}o{S}: A universal leaf-wood classification method to facilitate the 3{D} modelling of large tropical trees using terrestrial {L}i{DAR} [{D}ataset]},
    author={Wang, Di and Momo Takoudjou, St{\'e}phane and Casella, Eric},
    year={2020},
    publisher={Dryad},
    doi = {10.5061/dryad.np5hqbzp6}
}
    %url={https://doi.org/10.5061/dryad.np5hqbzp6},

@article{puliti2024benchmarking,
    title={{Benchmarking tree species classification from proximally-sensed laser scanning data: introducing the FOR-species20K dataset}},
    author={Stefano Puliti and Emily R. Lines and Jana Müllerová and Julian Frey and Zoe Schindler and Adrian Straker and Matthew J. Allen and Lukas Winiwarter and Nataliia Rehush and Hristina Hristova and Brent Murray and Kim Calders and Louise Terryn and Nicholas Coops and Bernhard Höfle and Samuli Junttila and Martin Krůček and Grzegorz Krok and Kamil Král and Shaun R. Levick and Linda Luck and Azim Missarov and Martin Mokroš and Harry J. F. Owen and Krzysztof Stereńczak and Timo P. Pitkänen and Nicola Puletti and Ninni Saarinen and Chris Hopkinson and Chiara Torresan and Enrico Tomelleri and Hannah Weiser and Rasmus Astrup},
    journal={arXiv preprint},
    year={2024},
    doi={10.48550/arXiv.2408.06507}
}

@article{henrich2023treelearn,
    title={{TreeLearn: A Comprehensive Deep Learning Method for Segmenting Individual Trees from Ground-Based LiDAR Forest Point Clouds}},
    author={Henrich, Jonathan and van Delden, Jan and Seidel, Dominik and Kneib, Thomas and Ecker, Alexander},
    journal={arXiv preprint},
    year={2023},
    doi={10.48550/arXiv.2309.08471}
}

@article{weinstein2020benchmark,
	author = {Ben. G. Weinstein and Sarah J. Graves and Sergio Marconi and Aditya Singh and Alina Zare and Dylan Stewart and Stephanie A. Bohlman and Ethan P. White},
	title = {{A benchmark dataset for individual tree crown delineation in co-registered airborne RGB, LiDAR and hyperspectral imagery from the National Ecological Observation Network}},
	year = {2020},
	doi = {10.1101/2020.11.16.385088},
	publisher = {Cold Spring Harbor Laboratory},
	journal = {bioRxiv}
}

@misc{tockner2022lautx,
    author = {Tockner Andreas and Gollob Christoph and Ritter Tim and Nothdurft Arne},
    title = {{LAUTx - Individual Tree Point Clouds from Austrian forest Inventory plots}},
    year = 2022,
    publisher = {Zenodo},
    doi = {10.5281/zenodo.6560112}
}
    %url = {https://doi.org/10.5281/zenodo.6560112}

@article{weiser2022individual,
    author={Weiser, Hannah and Schäfer, Jannika and Winiwarter, Lukas and Kra{\v{s}}ovec, Nina and Fassnacht, Fabian Ewald and Höfle, Bernhard},
    title = {{Individual tree point clouds and tree measurements from multi-platform laser scanning in German forests}},
    journal = {Earth System Science Data},
    volume = {14},
    year = {2022},
    number = {7},
    pages = {2989--3012},
    doi = {10.5194/essd-14-2989-2022}
}

@misc{weiser2022terrestrial,
    author={Hannah {Weiser} and Jannika {Schäfer} and Lukas {Winiwarter} and Nina {Kra\v{s}ovec} and Christian {Seitz} and Marian {Schimka} and Katharina {Anders} and Daria {Baete} and Andressa Soarez {Braz} and Johannes {Brand} and Denis {Debroize} and Paula {Kuss} and Lioba Lucia {Martin} and Angelo {Mayer} and Torben {Schrempp} and Lisa-Maricia {Schwarz} and Veit {Ulrich} and Fabian E. {Fassnacht} and Bernhard {Höfle}},
    title={{Terrestrial, UAV-borne, and airborne laser scanning point clouds of central European forest plots, Germany, with extracted individual trees and manual forest inventory measurements}},
    year={2022},
    doi={10.1594/PANGAEA.942856},
    publisher={PANGAEA}
}
    %url={https://doi.org/10.1594/PANGAEA.942856},

@misc{calders2022terrestrial,
    author = {Calders, Kim and Verbeeck, Hans and Burt, Andrew and Origo, Niall and Nightingale, Joanne and Malhi, Yadvinder and Wilkes, Phil and Raumonen, Pasi and Bunce, Robert and Disney, Mathias},
    title = {{Terrestrial laser scanning data Wytham Woods: individual trees and quantitative structure models (QSMs)}},
    year = 2022,
    publisher = {Zenodo},
    doi = {10.5281/zenodo.7307956}
}
    %url = {https://doi.org/10.5281/zenodo.7307956}

@inproceedings{lines2022ai,
    author={Lines, Emily R. and Allen, Matt and Cabo, Carlos and Calders, Kim and Debus, Amandine and Grieve, Stuart W. D. and Miltiadou, Milto and Noach, Adam and Owen, Harry J. F. and Puliti, Stefano},
    booktitle={2022 IEEE International Conference on Big Data (Big Data)},
    title={{AI applications in forest monitoring need remote sensing benchmark datasets}}, 
    year={2022},
    pages={4528--4533},
    doi={10.1109/BigData55660.2022.10020772}
}

@inproceedings{zhang2023growsp,
    title={Grow{SP}: {U}nsupervised {S}emantic {S}egmentation of 3{D} {P}oint {C}louds},
    author={Zhang, Zihui and Yang, Bo and Wang, Bing and Li, Bo},
    booktitle={Proceedings of the IEEE/CVF Conference on Computer Vision and Pattern Recognition},
    pages={17619--17629},
    year={2023},
    doi={10.1109/CVPR52729.2023.01690}
}

@inproceedings{chen2023pointdc,
    author={Chen, Zisheng and Xu, Hongbin and Chen, Weitao and Zhou, Zhipeng and Xiao, Haihong and Sun, Baigui and Xie, Xuansong and Kang, Wenxiong},
    booktitle={2023 IEEE/CVF International Conference on Computer Vision (ICCV)}, 
    title={{PointDC: Unsupervised Semantic Segmentation of 3D Point Clouds via Cross-modal Distillation and Super-Voxel Clustering}}, 
    year={2023},
    pages={14244--14253},
    doi={10.1109/ICCV51070.2023.01314}
}

@inproceedings{liu2024u3ds,
    author={Liu, Jiaxu and Yu, Zhengdi and Breckon, Toby P. and Shum, Hubert P. H.},
    booktitle={2024 IEEE/CVF Winter Conference on Applications of Computer Vision (WACV)}, 
    title={{U3DS$^3$: Unsupervised 3D Semantic Scene Segmentation}}, 
    year={2024},
    pages={3747--3756},
    doi={10.1109/WACV57701.2024.00372}
}

@article{hakula2023individual,
    title = {Individual tree segmentation and species classification using high-density close-range multispectral laser scanning data},
    journal = {ISPRS Open Journal of Photogrammetry and Remote Sensing},
    volume = {9},
    pages = {100039},
    year = {2023},
    doi = {10.1016/j.ophoto.2023.100039},
    author = {Aada Hakula and Lassi Ruoppa and Matti Lehtomäki and Xiaowei Yu and Antero Kukko and Harri Kaartinen and Josef Taher and Leena Matikainen and Eric Hyyppä and Ville Luoma and Markus Holopainen and Ville Kankare and Juha Hyyppä}
}

@inproceedings{smith2017cyclical,
    author={Smith, Leslie N.},
    booktitle={2017 IEEE Winter Conference on Applications of Computer Vision (WACV)}, 
    title={{Cyclical Learning Rates for Training Neural Networks}}, 
    year={2017},
    pages={464--472},
    doi={10.1109/WACV.2017.58}
}

@inproceedings{armeni20163d,
    author={Armeni, Iro and Sener, Ozan and Zamir, Amir R. and Jiang, Helen and Brilakis, Ioannis and Fischer, Martin and Savarese, Silvio},
    booktitle={2016 IEEE Conference on Computer Vision and Pattern Recognition (CVPR)}, 
    title={{3D Semantic Parsing of Large-Scale Indoor Spaces}}, 
    year={2016},
    pages={1534--1543},
    doi={10.1109/CVPR.2016.170}
}

@inproceedings{dai2017scannet,
    title={{ScanNet: Richly-annotated 3D Reconstructions of Indoor Scenes}},
    author={Dai, Angela and Chang, Angel X. and Savva, Manolis and Halber, Maciej and Funkhouser, Thomas and Nie{\ss}ner, Matthias},
    booktitle = {Proc. Computer Vision and Pattern Recognition (CVPR), IEEE},
    pages={2432--2443},
    year = {2017},
    doi={10.1109/CVPR.2017.261}
}

@article{lin2020focal,
    author={Lin, Tsung-Yi and Goyal, Priya and Girshick, Ross and He, Kaiming and Dollár, Piotr},
    journal={IEEE Transactions on Pattern Analysis and Machine Intelligence}, 
    title={{Focal Loss for Dense Object Detection}}, 
    year={2020},
    volume={42},
    number={2},
    pages={318--327},
    doi={10.1109/TPAMI.2018.2858826}
}

@article{kingma2014adam,
    title={{Adam: A Method for Stochastic Optimization}},
    author={Kingma, Diederik P. and Lei Ba, Jimmy},
    journal={arXiv preprint},
    year={2014},
    doi={10.48550/arXiv.1412.6980}
}

@article{cote2009structural,
    title = {{The structural and radiative consistency of three-dimensional tree reconstructions from terrestrial lidar}},
    journal = {Remote Sensing of Environment},
    volume = {113},
    number = {5},
    pages = {1067--1081},
    year = {2009},
    doi = {10.1016/j.rse.2009.01.017},
    author = {Jean-François Côté and Jean-Luc Widlowski and Richard A. Fournier and Michel M. Verstraete}
}

@article{tao2015geometric,
    title = {{A Geometric Method for Wood-Leaf Separation Using Terrestrial and Simulated Lidar Data}},
    journal = {Photogrammetric Engineering \& Remote Sensing},
    volume = {81},
    number = {10},
    pages = {767--776},
    year = {2015},
    doi = {10.14358/PERS.81.10.767},
    author = {Shengli Tao and Qinghua Guo and Yanjun Su and Shiwu Xu and Yumei Li and Fangfang Wu},
}

@inproceedings{papon2013voxel,
    title={Voxel cloud connectivity segmentation-supervoxels for point clouds},
    author={Papon, Jeremie and Abramov, Alexey and Schoeler, Markus and Worgotter, Florentin},
    booktitle={Proceedings of the IEEE conference on computer vision and pattern recognition},
    pages={2027--2034},
    year={2013},
    doi={10.1109/CVPR.2013.264}
}

@article{adams1994seeded,
    author={Adams, Rolf and Bischof, Leanne},
    journal={IEEE Transactions on Pattern Analysis and Machine Intelligence}, 
    title={Seeded region growing}, 
    year={1994},
    volume={16},
    number={6},
    pages={641-647},
    doi={10.1109/34.295913}
}

@article{kuhn1955hungarian,
    author = {Kuhn, Harold W.},
    title = {{The Hungarian method for the assignment problem}},
    journal = {Naval Research Logistics Quarterly},
    year = {1955},
    volume = {2},
    number = {1-2},
    pages = {83-97},
    doi = {10.1002/nav.3800020109}
}

@article{lloyd1982least,
    author={Lloyd, S.},
    journal={IEEE Transactions on Information Theory}, 
    title={{Least squares quantization in PCM}}, 
    year={1982},
    volume={28},
    number={2},
    pages={129-137},
    doi={10.1109/TIT.1982.1056489}
}

@inproceedings{rusu2008aligning,
    author={Rusu, Radu Bogdan and Blodow, Nico and Marton, Zoltan Csaba and Beetz, Michael},
    booktitle={2008 IEEE/RSJ International Conference on Intelligent Robots and Systems}, 
    title={Aligning point cloud views using persistent feature histograms}, 
    year={2008},
    pages={3384-3391},
    doi={10.1109/IROS.2008.4650967}
}

@inproceedings{he2016deep,
    title={Deep residual learning for image recognition},
    author={He, Kaiming and Zhang, Xiangyu and Ren, Shaoqing and Sun, Jian},
    booktitle={Proceedings of the IEEE conference on computer vision and pattern recognition},
    pages={770--778},
    year={2016},
    doi = {10.1109/CVPR.2016.90}
}

@inproceedings{lin2017feature,
    author={Lin, Tsung-Yi and Dollár, Piotr and Girshick, Ross and He, Kaiming and Hariharan, Bharath and Belongie, Serge},
    booktitle={2017 IEEE Conference on Computer Vision and Pattern Recognition (CVPR)}, 
    title={{Feature Pyramid Networks for Object Detection}}, 
    year={2017},
    pages={936--944},
    doi={10.1109/CVPR.2017.106}
}

@inproceedings{ester1996density,
    title={A density-based algorithm for discovering clusters in large spatial databases with noise},
    author={Ester, Martin and Kriegel, Hans-Peter and Sander, Jörg and Xu, Xiaowei},
    booktitle={Proceedings of the Second International Conference on Knowledge Discovery and Data Mining (KDD-96)},
    volume={96},
    number={34},
    pages={226--231},
    year={1996}
}

@inproceedings{hackel2016contour,
    author={Hackel, Timo and Wegner, Jan D. and Schindler, Konrad},
    booktitle={2016 IEEE Conference on Computer Vision and Pattern Recognition (CVPR)}, 
    title={{Contour Detection in Unstructured 3D Point Clouds}}, 
    year={2016},
    pages={1610--1618},
    doi={10.1109/CVPR.2016.178}
}

@article{shen2022deep,
    author = {Shen, Xingyu and Huang, Qingqing and Wang, Xin and Li, Jiang and Xi, Benye},
    title = {{A Deep Learning-Based Method for Extracting Standing Wood Feature Parameters from Terrestrial Laser Scanning Point Clouds of Artificially Planted Forest}},
    journal = {Remote Sensing},
    volume = {14},
    year = {2022},
    number = {15},
    article-number = {3842},
    doi = {10.3390/rs14153842}
}

@article{wang2020unsupervised,
    title = {Unsupervised semantic and instance segmentation of forest point clouds},
    journal = {ISPRS Journal of Photogrammetry and Remote Sensing},
    volume = {165},
    pages = {86--97},
    year = {2020},
    doi = {10.1016/j.isprsjprs.2020.04.020},
    author = {Di Wang}
}

@article{shcherbcheva2023unsupervised,
    author = {Shcherbcheva, A. and Campos, M. B. and Liang, X. and Puttonen, E. and Wang, Y.},
    title = {{Unsupervised Statistical Approach for Tree-Level Separation of Foliage and Non-Leaf Components from Point Clouds}},
    journal = {The International Archives of the Photogrammetry, Remote Sensing and Spatial Information Sciences},
    volume = {XLVIII-1/W2-2023},
    year = {2023},
    pages = {1787--1794},
    doi = {10.5194/isprs-archives-XLVIII-1-W2-2023-1787-2023}
}

@article{morel2020segmentation,
    title={{Segmentation of unbalanced and in-homogeneous point clouds and its application to 3D scanned trees}},
    author={Morel, Jules and Bac, Alexandra and Kanai, Takashi},
    journal={The Visual Computer},
    volume={36},
    number={10-12},
    pages={2419--2431},
    year={2020},
    publisher={Springer},
    doi={10.1007/s00371-020-01966-7}
}

@article{weinmann2017classification,
    author = {Weinmann, Martin and Weinmann, Michael and Mallet, Clément and Brédif, Mathieu},
    title = {{A Classification-Segmentation Framework for the Detection of Individual Trees in Dense MMS Point Cloud Data Acquired in Urban Areas}},
    journal = {Remote Sensing},
    volume = {9},
    year = {2017},
    number = {3},
    article-number = {277},
    doi = {10.3390/rs9030277}
}

@article{weinmann2017geometric,
    title={Geometric features and their relevance for 3{D} point cloud classification},
    author={Weinmann, Martin and Jutzi, Boris and Mallet, Cl{\'e}ment},
    journal={ISPRS Annals of the Photogrammetry, Remote Sensing and Spatial Information Sciences},
    volume={4},
    pages={157--164},
    year={2017},
    publisher={Copernicus GmbH},
    doi={10.5194/isprs-annals-IV-1-W1-157-2017}
}

@inproceedings{landrieu2018large,
    author={Landrieu, Loic and Simonovsky, Martin},
    booktitle={2018 IEEE/CVF Conference on Computer Vision and Pattern Recognition}, 
    title={{Large-Scale Point Cloud Semantic Segmentation with Superpoint Graphs}}, 
    year={2018},
    pages={4558--4567},
    doi={10.1109/CVPR.2018.00479}
}

@article{landrieu2017cut,
    author = {Landrieu, Loic and Obozinski, Guillaume},
    title = {{Cut Pursuit: Fast Algorithms to Learn Piecewise Constant Functions on General Weighted Graphs}},
    journal = {SIAM Journal on Imaging Sciences},
    volume = {10},
    number = {4},
    pages = {1724--1766},
    year = {2017},
    doi = {10.1137/17M1113436}
}

@article{krisanski2021sensor,
    author = {Krisanski, Sean and Taskhiri, Mohammad Sadegh and Gonzalez Aracil, Susana and Herries, David and Turner, Paul},
    title = {{Sensor Agnostic Semantic Segmentation of Structurally Diverse and Complex Forest Point Clouds Using Deep Learning}},
    journal = {Remote Sensing},
    volume = {13},
    year = {2021},
    number = {8},
    article-number = {1413},
    doi = {10.3390/rs13081413}
}

@article{raumonen2013fast,
    author = {Raumonen, Pasi and Kaasalainen, Mikko and Åkerblom, Markku and Kaasalainen, Sanna and Kaartinen, Harri and Vastaranta, Mikko and Holopainen, Markus and Disney, Mathias and Lewis, Philip},
    title = {{Fast Automatic Precision Tree Models from Terrestrial Laser Scanner Data}},
    journal = {Remote Sensing},
    volume = {5},
    year = {2013},
    number = {2},
    pages = {491--520},
    doi = {10.3390/rs5020491}
}

@misc{tian2022graphcode,
    author = {Tian, Zhilin and Li, Shihua},
    title = {{Graph-based Leaf–Wood Separation Method for Individual Trees Using Terrestrial Lidar Point Clouds: GBSeparation--a python package}},
    year = 2022,
    publisher = {Zenodo},
    doi = {10.5281/zenodo.6837613}
}
    %url = {https://doi.org/10.5281/zenodo.6837613}

@misc{vicari2017tlseparation,
    title={{TLSeparation -- A Python library for material separation from tree/forest 3D point clouds}},
    author={Vicari, Matheus B.},
    year={2017},
    url={https://github.com/TLSeparation/source}
}

@article{oinonen2024unsupervised,
    title={{Unsupervised semantic segmentation of urban high-density multispectral point clouds}},
    author={Oinonen, Oona and Ruoppa, Lassi and Taher, Josef and Lehtom{\"a}ki, Matti and Matikainen, Leena and Karila, Kirsi and Hakala, Teemu and Kukko, Antero and Kaartinen, Harri and Hyypp{\"a}, Juha},
    journal={arXiv preprint},
    year={2024},
    doi={10.48550/arXiv.2410.18520}
}

@misc{novatel2022waypoint,
    author = {{NovAtel Inc., Canada}},
    title = {{Waypoint Inertial Explorer (version 8.9)}},
    url = {https://novatel.com/products/waypoint-post-processing-software/inertial-explorer},
    year = {2022}
}

@article{zhou2019separating,
    author = {Zhou, Junjie and Wei, Hongqiang and Zhou, Guiyun and Song, Lihui},
    title = {{Separating Leaf and Wood Points in Terrestrial Laser Scanning Data Using Multiple Optimal Scales}},
    journal = {Sensors},
    volume = {19},
    year = {2019},
    number = {8},
    doi = {10.3390/s19081852}
}

@article{wang2017feasibility,
    author = {Wang, D. and Hollaus, M. and Pfeifer, N.},
    title = {Feasibility of machine learning methods for separating wood and leaf points from terrestrial laser scanning data},
    journal = {ISPRS Annals of the Photogrammetry, Remote Sensing and Spatial Information Sciences},
    volume = {IV-2/W4},
    year = {2017},
    pages = {157--164},
    doi = {10.5194/isprs-annals-IV-2-W4-157-2017}
}

@article{jiang2023lwsnet,
    author = {Jiang, Tengping and Zhang, Qinyu and Liu, Shan and Liang, Chong and Dai, Lei and Zhang, Zequn and Sun, Jian and Wang, Yongjun},
    title = {{LWSNet: A Point-Based Segmentation Network for Leaf-Wood Separation of Individual Trees}},
    journal = {Forests},
    volume = {14},
    year = {2023},
    number = {7},
    article-number = {1303},
    doi = {10.3390/f14071303}
}

@article{dai2023mdcnet,
    author = {Wenxia Dai and Yiheng Jiang and Wen Zeng and Ruibo Chen and Yongyang Xu and Ningning Zhu and Wen Xiao and Zhen Dong and Qingfeng Guan},
    title = {{MDC-Net: a multi-directional constrained and prior assisted neural network for wood and leaf separation from terrestrial laser scanning}},
    journal = {International Journal of Digital Earth},
    volume = {16},
    number = {1},
    pages = {1224-1245},
    year = {2023},
    publisher = {Taylor & Francis},
    doi = {10.1080/17538947.2023.2198261},
}

@article{kim2023automated,
    author = {Kim, Dong-Hyeon and Ko, Chi-Ung and Kim, Dong-Geun and Kang, Jin-Taek and Park, Jeong-Mook and Cho, Hyung-Ju},
    title = {{Automated Segmentation of Individual Tree Structures Using Deep Learning over LiDAR Point Cloud Data}},
    journal = {Forests},
    volume = {14},
    year = {2023},
    number = {6},
    article-number = {1159},
    doi = {10.3390/f14061159}
}

@article{windrim2020detection,
    author = {Windrim, Lloyd and Bryson, Mitch},
    title = {{Detection, Segmentation, and Model Fitting of Individual Tree Stems from Airborne Laser Scanning of Forests Using Deep Learning}},
    journal = {Remote Sensing},
    volume = {12},
    year = {2020},
    number = {9},
    article-number = {1469},
    doi = {10.3390/rs12091469}
}

@article{wielgosz2023point2tree,
    title={{Point2Tree(P2T)—Framework for Parameter Tuning of Semantic and Instance Segmentation Used with Mobile Laser Scanning Data in Coniferous Forest}},
    author={Wielgosz, Maciej and Puliti, Stefano and Wilkes, Phil and Astrup, Rasmus},
    journal = {Remote Sensing},
    volume = {15},
    year = {2023},
    number = {15},
    article-number = {3737},
    doi={10.3390/rs15153737}
}

@misc{girardeu2022cloudcompare,
    author = {Girardeau-Montaut, Daniel},
    title = {{CloudCompare (version 2.12.4)}},
    url = {https://www.cloudcompare.org},
    year = {2022}
}

@article{wang2018separating,
    author = {Wang, Di and Brunner, Jasmin and Ma, Zhenyu and Lu, Hao and Hollaus, Markus and Pang, Yong and Pfeifer, Norbert},
    title = {{Separating Tree Photosynthetic and Non-Photosynthetic Components from Point Cloud Data Using Dynamic Segment Merging}},
    journal = {Forests},
    volume = {9},
    year = {2018},
    number = {5},
    article-number = {252},
    doi = {10.3390/f9050252}
}

@article{xiang2023towards,
    author={Xiang, Binbin and Peters, Torben and Kontogianni, Theodora and Vetterli, Frawa and Puliti, Stefano and Astrup, Rasmus and Schindler, Konrad},
    title={{Towards accurate instance segmentation in large-scale LiDAR point clouds}},
    journal = {ISPRS Annals of the Photogrammetry, Remote Sensing and Spatial Information Sciences},
    volume = {X-1/W1-2023},
    year = {2023},
    pages = {605--612},
    doi = {10.5194/isprs-annals-X-1-W1-2023-605-2023}
}

@article{kershner1939number,
    author = {Richard Kershner},
    journal = {American Journal of Mathematics},
    number = {3},
    pages = {665--671},
    publisher = {Johns Hopkins University Press},
    title = {The {N}umber of {C}ircles {C}overing a {S}et},
    volume = {61},
    year = {1939},
    doi = {10.2307/2371320}
}

@article{hyyppa2020accurate,
    title = {Accurate derivation of stem curve and volume using backpack mobile laser scanning},
    journal = {ISPRS Journal of Photogrammetry and Remote Sensing},
    volume = {161},
    pages = {246-262},
    year = {2020},
    doi = {10.1016/j.isprsjprs.2020.01.018},
    author = {Eric Hyyppä and Antero Kukko and Risto Kaijaluoto and Joanne C. White and Michael A. Wulder and Jiri Pyörälä and Xinlian Liang and Xiaowei Yu and Yunsheng Wang and Harri Kaartinen and Juho-Pekka Virtanen and Juha Hyyppä}
}

@article{lehtomäki2016object,
    author={Lehtomäki, Matti and Jaakkola, Anttoni and Hyyppä, Juha and Lampinen, Jouko and Kaartinen, Harri and Kukko, Antero and Puttonen, Eetu and Hyyppä, Hannu},
    journal={IEEE Transactions on Geoscience and Remote Sensing}, 
    title={{Object Classification and Recognition From Mobile Laser Scanning Point Clouds in a Road Environment}}, 
    year={2016},
    volume={54},
    number={2},
    pages={1226-1239},
    doi={10.1109/TGRS.2015.2476502}
}

@article{xi2018filtering,
    author = {Xi, Zhouxin and Hopkinson, Chris and Chasmer, Laura},
    title = {{Filtering Stems and Branches from Terrestrial Laser Scanning Point Clouds Using Deep 3-D Fully Convolutional Networks}},
    journal = {Remote Sensing},
    volume = {10},
    year = {2018},
    number = {8},
    article-number = {1215},
    doi = {10.3390/rs10081215}
}

@inproceedings{windrim2019forest,
    author={Windrim, Lloyd and Bryson, Mitch},
    booktitle={2019 IEEE/RSJ International Conference on Intelligent Robots and Systems (IROS)}, 
    title={{Forest Tree Detection and Segmentation using High Resolution Airborne LiDAR}}, 
    year={2019},
    pages={3898--3904},
    doi={10.1109/IROS40897.2019.8967885}
}

@article{xiang2024automated,
    title = {{Automated forest inventory: Analysis of high-density airborne LiDAR point clouds with 3D deep learning}},
    journal = {Remote Sensing of Environment},
    volume = {305},
    pages = {114078},
    year = {2024},
    doi = {10.1016/j.rse.2024.114078},
    author = {Binbin Xiang and Maciej Wielgosz and Theodora Kontogianni and Torben Peters and Stefano Puliti and Rasmus Astrup and Konrad Schindler}
}

@article{ren2017faster,
    author={Ren, Shaoqing and He, Kaiming and Girshick, Ross and Sun, Jian},
    journal={IEEE Transactions on Pattern Analysis and Machine Intelligence}, 
    title={{Faster R-CNN: Towards Real-Time Object Detection with Region Proposal Networks}}, 
    year={2017},
    volume={39},
    number={6},
    pages={1137--1149},
    doi={10.1109/TPAMI.2016.2577031}
}

@article{ma2016improved,
    author={Ma, Lixia and Zheng, Guang and Eitel, Jan U. H. and Moskal, L. Monika and He, Wei and Huang, Huabing},
    journal={IEEE Transactions on Geoscience and Remote Sensing}, 
    title={{Improved Salient Feature-Based Approach for Automatically Separating Photosynthetic and Nonphotosynthetic Components Within Terrestrial Lidar Point Cloud Data of Forest Canopies}}, 
    year={2016},
    volume={54},
    number={2},
    pages={679--696},
    doi={10.1109/TGRS.2015.2459716}
}

@article{yun2016novel,
    author = {Yun, Ting and An, Feng and Li, Weizheng and Sun, Yuan and Cao, Lin and Xue, Lianfeng},
    title = {{A Novel Approach for Retrieving Tree Leaf Area from Ground-Based LiDAR}},
    journal = {Remote Sensing},
    volume = {8},
    year = {2016},
    number = {11},
    article-number = {942},
    doi = {10.3390/rs8110942}
}

@article{moorthy2020improved,
    author={Krishna Moorthy, Sruthi M. and Calders, Kim and Vicari, Matheus B. and Verbeeck, Hans},
    journal={IEEE Transactions on Geoscience and Remote Sensing}, 
    title={{Improved Supervised Learning-Based Approach for Leaf and Wood Classification From LiDAR Point Clouds of Forests}}, 
    year={2020},
    volume={58},
    number={5},
    pages={3057--3070},
    doi={10.1109/TGRS.2019.2947198}
}

@article{zhu2018foliar,
    title = {{Foliar and woody materials discriminated using terrestrial LiDAR in a mixed natural forest}},
    journal = {International Journal of Applied Earth Observation and Geoinformation},
    volume = {64},
    pages = {43--50},
    year = {2018},
    doi = {10.1016/j.jag.2017.09.004},
    author = {Xi Zhu and Andrew K. Skidmore and Roshanak Darvishzadeh and K. Olaf Niemann and Jing Liu and Yifang Shi and Tiejun Wang}
}

@article{beland2014seeing,
    title = {{On seeing the wood from the leaves and the role of voxel size in determining leaf area distribution of forests with terrestrial LiDAR}},
    journal = {Agricultural and Forest Meteorology},
    volume = {184},
    pages = {82--97},
    year = {2014},
    doi = {10.1016/j.agrformet.2013.09.005},
    author = {Martin Béland and Dennis D. Baldocchi and Jean-Luc Widlowski and Richard A. Fournier and Michel M. Verstraete}
}

@article{wu20133d,
    title={{3D Tree reconstruction from simulated small footprint waveform lidar}},
    author={Wu, Jiaying and Cawse-Nicholson, Kerry and van Aardt, Jan},
    journal={Photogrammetric Engineering \& Remote Sensing},
    volume={79},
    number={12},
    pages={1147--1157},
    year={2013},
    publisher={American Society for Photogrammetry and Remote Sensing},
    doi={10.14358/PERS.79.12.1147}
}

@article{yang2013three,
    title = {{Three-dimensional forest reconstruction and structural parameter retrievals using a terrestrial full-waveform lidar instrument (Echidna®)}},
    journal = {Remote Sensing of Environment},
    volume = {135},
    pages = {36--51},
    year = {2013},
    doi = {10.1016/j.rse.2013.03.020},
    author = {Xiaoyuan Yang and Alan H. Strahler and Crystal B. Schaaf and David L.B. Jupp and Tian Yao and Feng Zhao and Zhuosen Wang and Darius S. Culvenor and Glenn J. Newnham and Jenny L. Lovell and Ralph O. Dubayah and Curtis E. Woodcock and Wenge Ni-Meister}
}

@inproceedings{li2013separating,
    author={Li, Zhan and Douglas, Ewan and Strahler, Alan and Schaaf, Crystal and Yang, Xiaoyuan and Wang, Zhuosen and Yao, Tian and Zhao, Feng and Saenz, Edward J. and Paynter, Ian and Woodcock, Curtis E. and Chakrabarti, Supriya and Cook, Timothy and Martel, Jason and Howe, Glenn and Jupp, David L. B. and Culvenor, Darius S. and Newnham, Glenn J. and Lovell, Jenny L.},
    booktitle={2013 IEEE International Geoscience and Remote Sensing Symposium - IGARSS}, 
    title={{Separating leaves from trunks and branches with dual-wavelength terrestrial lidar scanning}}, 
    year={2013},
    pages={3383--3386},
    doi={10.1109/IGARSS.2013.6723554}
}

@article{xu2007knowledge,
    author = {Xu, Hui and Gossett, Nathan and Chen, Baoquan},
    title = {{Knowledge and heuristic-based modeling of laser-scanned trees}},
    year = {2007},
    publisher = {Association for Computing Machinery},
    volume = {26},
    number = {4},
    doi = {10.1145/1289603.1289610},
    journal = {ACM Transactions on Graphics (TOG)},
    pages = {19--es},
}

@inproceedings{livny2010automatic,
    author = {Livny, Yotam and Yan, Feilong and Olson, Matt and Chen, Baoquan and Zhang, Hao and El-Sana, Jihad},
    title = {{Automatic reconstruction of tree skeletal structures from point clouds}},
    year = {2010},
    publisher = {Association for Computing Machinery},
    doi = {10.1145/1866158.1866177},
    booktitle = {ACM SIGGRAPH Asia 2010 Papers},
    articleno = {151},
    pages={1--8}
}

@article{belton2013processing,
    author = {Belton, D. and Moncrieff, S. and Chapman, J.},
    title = {{Processing tree point clouds using Gaussian Mixture Models}},
    journal = {ISPRS Annals of the Photogrammetry, Remote Sensing and Spatial Information Sciences},
    volume = {II-5/W2},
    year = {2013},
    pages = {43--48},
    doi = {10.5194/isprsannals-II-5-W2-43-2013}
}

@article{vicari2019leaf,
    author = {Vicari, Matheus B. and Disney, Mathias and Wilkes, Phil and Burt, Andrew and Calders, Kim and Woodgate, William},
    title = {{Leaf and wood classification framework for terrestrial LiDAR point clouds}},
    journal = {Methods in Ecology and Evolution},
    volume = {10},
    number = {5},
    pages = {680--694},
    doi = {10.1111/2041-210X.13144},
    year = {2019}
}

@article{wan2021novel,
    author = {Wan, Peng and Shao, Jie and Jin, Shuangna and Wang, Tiejun and Yang, Shengmei and Yan, Guangjian and Zhang, Wuming},
    title = {{A novel and efficient method for wood–leaf separation from terrestrial laser scanning point clouds at the forest plot level}},
    journal = {Methods in Ecology and Evolution},
    volume = {12},
    number = {12},
    pages = {2473--2486},
    doi = {10.1111/2041-210X.13715},
    year = {2021}
}

@inproceedings{su2015multiview,
    author={Su, Hang and Maji, Subhransu and Kalogerakis, Evangelos and Learned-Miller, Erik},
    booktitle={2015 IEEE International Conference on Computer Vision (ICCV)}, 
    title={{Multi-view Convolutional Neural Networks for 3D Shape Recognition}}, 
    year={2015},
    pages={945--953},
    doi={10.1109/ICCV.2015.114}
}

@article{boulch2018snapnet,
    title = {{SnapNet: 3D point cloud semantic labeling with 2D deep segmentation networks}},
    journal = {Computers \& Graphics},
    volume = {71},
    pages = {189--198},
    year = {2018},
    doi = {10.1016/j.cag.2017.11.010},
    author = {Alexandre Boulch and Joris Guerry and Bertrand {Le Saux} and Nicolas Audebert}
}

@inproceedings{wu2019squeezesegv2,
    author={Wu, Bichen and Zhou, Xuanyu and Zhao, Sicheng and Yue, Xiangyu and Keutzer, Kurt},
    booktitle={2019 International Conference on Robotics and Automation (ICRA)}, 
    title={{SqueezeSegV2: Improved Model Structure and Unsupervised Domain Adaptation for Road-Object Segmentation from a LiDAR Point Cloud}}, 
    year={2019},
    pages={4376--4382},
    doi={10.1109/ICRA.2019.8793495}
}

@inproceedings{xu2020squeezesegv3,
    author={Xu, Chenfeng and Wu, Bichen and Wang, Zining and Zhan, Wei and Vajda, Peter and Keutzer, Kurt and Tomizuka, Masayoshi},
    title={{SqueezeSegV3: Spatially-Adaptive Convolution for Efficient Point-Cloud Segmentation}},
    booktitle={Computer Vision -- ECCV 2020},
    year={2020},
    publisher={Springer International Publishing},
    pages={1--19},
    doi={10.1007/978-3-030-58604-1_1}
}

@inproceedings{milioto2019rangenet++,
    author={Milioto, Andres and Vizzo, Ignacio and Behley, Jens and Stachniss, Cyrill},
    booktitle={2019 IEEE/RSJ International Conference on Intelligent Robots and Systems (IROS)}, 
    title={{RangeNet++: Fast and Accurate LiDAR Semantic Segmentation}}, 
    year={2019},
    pages={4213--4220},
    doi={10.1109/IROS40897.2019.8967762}
}

@inproceedings{wu2018squeezeseg,
    author={Wu, Bichen and Wan, Alvin and Yue, Xiangyu and Keutzer, Kurt},
    booktitle={2018 IEEE International Conference on Robotics and Automation (ICRA)},
    title={{SqueezeSeg: Convolutional Neural Nets with Recurrent CRF for Real-Time Road-Object Segmentation from 3D LiDAR Point Cloud}}, 
    year={2018},
    pages={1887-1893},
    doi={10.1109/ICRA.2018.8462926}
}

@inproceedings{tchapmi2017segcloud,
    author={Tchapmi, Lyne and Choy, Christopher and Armeni, Iro and Gwak, JunYoung and Savarese, Silvio},
    booktitle={2017 International Conference on 3D Vision (3DV)}, 
    title={{SEGCloud: Semantic Segmentation of 3D Point Clouds}}, 
    year={2017},
    pages={537--547},
    doi={10.1109/3DV.2017.00067}
}

@inproceedings{riegler2017octnet,
    author={Riegler, Gernot and Ulusoy, Ali Osman and Geiger, Andreas},
    booktitle={2017 IEEE Conference on Computer Vision and Pattern Recognition (CVPR)}, 
    title={{OctNet: Learning Deep 3D Representations at High Resolutions}}, 
    year={2017},
    pages={6620--6629},
    doi={10.1109/CVPR.2017.701}
}

@article{wang2017ocnn,
    author = {Wang, Peng-Shuai and Liu, Yang and Guo, Yu-Xiao and Sun, Chun-Yu and Tong, Xin},
    title = {{O-CNN: octree-based convolutional neural networks for 3D shape analysis}},
    year = {2017},
    publisher = {Association for Computing Machinery},
    volume = {36},
    number = {4},
    doi = {10.1145/3072959.3073608},
    journal = {ACM Transactions on Graphics}
}

@inproceedings{le2018pointgrid,
    author = {Truc Le and Ye Duan},
    booktitle = {2018 IEEE/CVF Conference on Computer Vision and Pattern Recognition (CVPR)},
    title = {{PointGrid: A Deep Network for 3D Shape Understanding}},
    year = {2018},
    pages = {9204--9214},
    doi = {10.1109/CVPR.2018.00959}
}

@inproceedings{su2018splatnet,
    author={Su, Hang and Jampani, Varun and Sun, Deqing and Maji, Subhransu and Kalogerakis, Evangelos and Yang, Ming-Hsuan and Kautz, Jan},
    booktitle={2018 IEEE/CVF Conference on Computer Vision and Pattern Recognition}, 
    title={{SPLATNet: Sparse Lattice Networks for Point Cloud Processing}}, 
    year={2018},
    pages={2530--2539},
    doi={10.1109/CVPR.2018.00268}
}

@article{rosu2019latticenet,
    title={{LatticeNet: Fast point cloud segmentation using permutohedral lattices}},
    author={Rosu, Radu Alexandru and Sch{\"u}tt, Peer and Quenzel, Jan and Behnke, Sven},
    journal={arXiv preprint},
    year={2019},
    doi={10.48550/arXiv.1912.05905}
}

@inproceedings{li2018pointcnn,
    author = {Li, Yangyan and Bu, Rui and Sun, Mingchao and Wu, Wei and Di, Xinhan and Chen, Baoquan},
    booktitle = {Advances in Neural Information Processing Systems},
    publisher = {Curran Associates, Inc.},
    title = {{PointCNN: Convolution On X-Transformed Points}},
    volume = {31},
    year = {2018}
}

@inproceedings{thomas2019kpconv,
    author={Thomas, Hugues and Qi, Charles R. and Deschaud, Jean-Emmanuel and Marcotegui, Beatriz and Goulette, François and Guibas, Leonidas},
    booktitle={2019 IEEE/CVF International Conference on Computer Vision (ICCV)}, 
    title={{KPConv: Flexible and Deformable Convolution for Point Clouds}}, 
    year={2019},
    pages={6410-6419},
    doi={10.1109/ICCV.2019.00651}
}

@article{wang2019dynamic,
    author = {Wang, Yue and Sun, Yongbin and Liu, Ziwei and Sarma, Sanjay E. and Bronstein, Michael M. and Solomon, Justin M.},
    title = {{Dynamic Graph CNN for Learning on Point Clouds}},
    year = {2019},
    publisher = {Association for Computing Machinery},
    volume = {38},
    number = {5},
    doi = {10.1145/3326362},
    journal = {ACM Transactions on Graphics}
}

@article{lei2021spherical,
    author={Lei, Huan and Akhtar, Naveed and Mian, Ajmal},
    journal={IEEE Transactions on Pattern Analysis and Machine Intelligence}, 
    title={Spherical Kernel for Efficient Graph Convolution on 3D Point Clouds}, 
    year={2021},
    volume={43},
    number={10},
    pages={3664--3680},
    doi={10.1109/TPAMI.2020.2983410}
}

@article{guo2021pct,
    title={{PCT: Point cloud transformer}},
    author={Guo, Meng-Hao and Cai, Jun-Xiong and Liu, Zheng-Ning and Mu, Tai-Jiang and Martin, Ralph R and Hu, Shi-Min},
    journal={Computational Visual Media},
    volume={7},
    pages={187--199},
    year={2021},
    publisher={Springer},
    doi={10.1007/s41095-021-0229-5}
}

@inproceedings{zhao2021point,
    author={Zhao, Hengshuang and Jiang, Li and Jia, Jiaya and Torr, Philip and Koltun, Vladlen},
    booktitle={2021 IEEE/CVF International Conference on Computer Vision (ICCV)}, 
    title={{Point Transformer}}, 
    year={2021},
    pages={16239--16248},
    doi={10.1109/ICCV48922.2021.01595}
}

@inproceedings{wu2022point,
    author = {Wu, Xiaoyang and Lao, Yixing and Jiang, Li and Liu, Xihui and Zhao, Hengshuang},
    booktitle = {Advances in Neural Information Processing Systems},
    pages = {33330--33342},
    publisher = {Curran Associates, Inc.},
    title = {{Point Transformer V2: Grouped Vector Attention and Partition-based Pooling}},
    volume = {35},
    year = {2022}
}

@inproceedings{wu2024point,
    author = {Wu, Xiaoyang and Jiang, Li and Wang, Peng-Shuai and Liu, Zhijian and Liu, Xihui and Qiao, Yu and Ouyang, Wanli and He, Tong and Zhao, Hengshuang},
    title = {{Point Transformer V3: Simpler Faster Stronger}},
    booktitle = {Proceedings of the IEEE/CVF Conference on Computer Vision and Pattern Recognition (CVPR)},
    year= {2024},
    pages = {4840--4851}
}

@inproceedings{robert2023efficient,
    author={Robert, Damien and Raguet, Hugo and Landrieu, Loic},
    booktitle={2023 IEEE/CVF International Conference on Computer Vision (ICCV)}, 
    title={{Efficient 3D Semantic Segmentation with Superpoint Transformer}}, 
    year={2023},
    pages={17149--17158},
    doi={10.1109/ICCV51070.2023.01577}
}

@inproceedings{wang2019towards,
    title={{Towards Weakly Supervised Semantic Segmentation in 3D Graph-Structured Point Clouds of Wild Scenes}},
    author={Wang, Haiyan and Rong, Xuejian and Yang, Liang and Wang, Shuihua and Tian, Yingli},
    booktitle={BMVC},
    pages={284},
    year={2019}
}

@inproceedings{kweon2022joint,
    author = {Kweon, Hyeokjun and Yoon, Kuk-Jin},
    booktitle = {Advances in Neural Information Processing Systems},
    pages = {30499--30511},
    publisher = {Curran Associates, Inc.},
    title = {{Joint Learning of 2D-3D Weakly Supervised Semantic Segmentation}},
    volume = {35},
    year = {2022}
}

@inproceedings{xu2020weakly,
    author={Xu, Xun and Lee, Gim Hee},
    booktitle={2020 IEEE/CVF Conference on Computer Vision and Pattern Recognition (CVPR)}, 
    title={{Weakly Supervised Semantic Point Cloud Segmentation: Towards 10× Fewer Labels}}, 
    year={2020},
    pages={13703--13712},
    doi={10.1109/CVPR42600.2020.01372}
}

@inproceedings{zhang2021perturbed,
    author={Zhang, Yachao and Qu, Yanyun and Xie, Yuan and Li, Zonghao and Zheng, Shanshan and Li, Cuihua},
    booktitle={2021 IEEE/CVF International Conference on Computer Vision (ICCV)}, 
    title={{Perturbed Self-Distillation: Weakly Supervised Large-Scale Point Cloud Semantic Segmentation}}, 
    year={2021},
    pages={15500--15508},
    doi={10.1109/ICCV48922.2021.01523}
}

@inproceedings{hu2022sqn,
    author={Hu, Qingyong and Yang, Bo and Fang, Guangchi and Guo, Yulan and Leonardis, Ale{\v{s}} and Trigoni, Niki and Markham, Andrew},
    title={{SQN: Weakly-Supervised Semantic Segmentation of Large-Scale 3D Point Clouds}},
    booktitle={Computer Vision -- ECCV 2022},
    year={2022},
    publisher={Springer Nature Switzerland},
    pages={600--619},
    doi={10.1007/978-3-031-19812-0_35}
}

@inproceedings{yang2022mil,
    author={Yang, Cheng-Kun and Wu, Ji-Jia and Chen, Kai-Syun and Chuang, Yung-Yu and Lin, Yen-Yu},
    booktitle={2022 IEEE/CVF Conference on Computer Vision and Pattern Recognition (CVPR)}, 
    title={{An MIL-Derived Transformer for Weakly Supervised Point Cloud Segmentation}}, 
    year={2022},
    pages={11820--11829},
    doi={10.1109/CVPR52688.2022.01153}
}

@inproceedings{hou2021exploring,
    author={Hou, Ji and Graham, Benjamin and Nießner, Matthias and Xie, Saining},
    booktitle={2021 IEEE/CVF Conference on Computer Vision and Pattern Recognition (CVPR)}, 
    title={{Exploring Data-Efficient 3D Scene Understanding with Contrastive Scene Contexts}}, 
    year={2021},
    pages={15582--15592},
    doi={10.1109/CVPR46437.2021.01533}
}

@article{chen2021sspcnet,
    title={{SSPC-Net: Semi-supervised Semantic 3D Point Cloud Segmentation Network}},
    volume={35},
    doi={10.1609/aaai.v35i2.16200},
    number={2},
    journal={Proceedings of the AAAI Conference on Artificial Intelligence},
    author={Cheng, Mingmei and Hui, Le and Xie, Jin and Yang, Jian},
    year={2021},
    pages={1140--1147}
}

@inproceedings{li2022hybridcr,
    author={Li, Mengtian and Xie, Yuan and Shen, Yunhang and Ke, Bo and Qiao, Ruizhi and Ren, Bo and Lin, Shaohui and Ma, Lizhuang},
    booktitle={2022 IEEE/CVF Conference on Computer Vision and Pattern Recognition (CVPR)}, 
    title={{HybridCR: Weakly-Supervised 3D Point Cloud Semantic Segmentation via Hybrid Contrastive Regularization}}, 
    year={2022},
    pages={14910--14919},
    doi={10.1109/CVPR52688.2022.01451}
}

@inproceedings{liu2022less,
    author={Liu, Minghua and Zhou, Yin and Qi, Charles R. and Gong, Boqing and Su, Hao and Anguelov, Dragomir},
    title={{LESS: Label-Efficient Semantic Segmentation for LiDAR Point Clouds}},
    booktitle={Computer Vision -- ECCV 2022},
    year={2022},
    publisher={Springer Nature Switzerland},
    pages={70--89},
    doi={10.1007/978-3-031-19842-7_5}
}

@inproceedings{qi2017pointnet++,
    author = {Qi, Charles Ruizhongtai and Yi, Li and Su, Hao and Guibas, Leonidas J},
    booktitle = {Advances in Neural Information Processing Systems},
    publisher = {Curran Associates, Inc.},
    title = {{PointNet++: Deep Hierarchical Feature Learning on Point Sets in a Metric Space}},
    volume = {30},
    year = {2017}
}

@inproceedings{maturana2015voxnet,
    author={Maturana, Daniel and Scherer, Sebastian},
    booktitle={2015 IEEE/RSJ International Conference on Intelligent Robots and Systems (IROS)}, 
    title={{VoxNet: A 3D Convolutional Neural Network for real-time object recognition}}, 
    year={2015},
    pages={922-928},
    doi={10.1109/IROS.2015.7353481}
}

@article{yu2017single,
    author = {Yu, Xiaowei and Hyyppä, Juha and Litkey, Paula and Kaartinen, Harri and Vastaranta, Mikko and Holopainen, Markus},
    title = {{Single-Sensor Solution to Tree Species Classiﬁcation Using Multispectral Airborne Laser Scanning}},
    journal = {Remote Sensing},
    volume = {9},
    year = {2017},
    number = {2},
    article-number = {108},
    doi = {10.3390/rs9020108}
}

@article{axelsson2023use,
    title = {{The use of dual-wavelength airborne laser scanning for estimating tree species composition and species-specific stem volumes in a boreal forest}},
    journal = {International Journal of Applied Earth Observation and Geoinformation},
    volume = {118},
    pages = {103251},
    year = {2023},
    doi = {10.1016/j.jag.2023.103251},
    author = {Christoffer R. Axelsson and Eva Lindberg and Henrik J. Persson and Johan Holmgren}
}

@article{budei2018identifying,
    title = {{Identifying the genus or species of individual trees using a three-wavelength airborne lidar system}},
    journal = {Remote Sensing of Environment},
    volume = {204},
    pages = {632--647},
    year = {2018},
    doi = {10.1016/j.rse.2017.09.037},
    author = {Brindusa Cristina Budei and Benoît St-Onge and Chris Hopkinson and Félix-Antoine Audet}
}

@article{wang2014airborne,
    author = {Wang, Cheng-Kai and Tseng, Yi-Hsing and Chu, Hone-Jay},
    title = {{Airborne Dual-Wavelength LiDAR Data for Classifying Land Cover}},
    journal = {Remote Sensing},
    volume = {6},
    year = {2014},
    number = {1},
    pages = {700--715},
    doi = {10.3390/rs6010700}
}

@article{hopkinson2016multisensor,
    author = {Christopher Hopkinson and Laura Chasmer and Chris Gynan and Craig Mahoney and Michael Sitar},
    title = {{Multisensor and Multispectral LiDAR Characterization and Classification of a Forest Environment}},
    journal = {Canadian Journal of Remote Sensing},
    volume = {42},
    number = {5},
    pages = {501--520},
    year = {2016},
    publisher = {Canadian Aeronautics and Space Institute},
    doi = {10.1080/07038992.2016.1196584},
}

@article{wichmann2015evaluating,
    author = {Wichmann, V. and Bremer, M. and Lindenberger, J. and Rutzinger, M. and Georges, C. and Petrini-Monteferri, F.},
    title = {{Evaluating the potential of multispectral airborne LiDAR for topographic mapping and land cover classification}},
    journal = {ISPRS Annals of the Photogrammetry, Remote Sensing and Spatial Information Sciences},
    volume = {II-3/W5},
    year = {2015},
    pages = {113--119},
    doi = {10.5194/isprsannals-II-3-W5-113-2015}
}

@article{bakula2016testing,
    author = {Baku{\l}a, K. and Kupidura, P. and Je{\l}owicki, {\L}.},
    title = {{Testing of land cover classification from multispectral airborne laser scanning data}},
    journal = {The International Archives of the Photogrammetry, Remote Sensing and Spatial Information Sciences},
    volume = {XLI-B7},
    year = {2016},
    pages = {161--169},
    doi = {10.5194/isprs-archives-XLI-B7-161-2016}
}

@article{kukkonen2019multispectral,
    author={Kukkonen, Mikko and Maltamo, Matti and Korhonen, Lauri and Packalen, Petteri},
    journal={IEEE Transactions on Geoscience and Remote Sensing},
    title={{Multispectral Airborne LiDAR Data in the Prediction of Boreal Tree Species Composition}}, 
    year={2019},
    volume={57},
    number={6},
    pages={3462-3471},
    doi={10.1109/TGRS.2018.2885057}
}

@article{teo2017analysis,
    author = {Teo, Tee-Ann and Wu, Hsien-Ming},
    title = {Analysis of Land Cover Classification Using Multi-Wavelength LiDAR System},
    journal = {Applied Sciences},
    volume = {7},
    year = {2017},
    number = {7},
    article-number = {663},
    doi = {10.3390/app7070663}
}

@article{matikainen2019toward,
    author = {Leena Matikainen and Miloš Pandžić and Fashuai Li and Kirsi Karila and Juha Hyyppä and Paula Litkey and Antero Kukko and Matti Lehtomäki and Mika Karjalainen and Eetu Puttonen},
    title = {{Toward utilizing multitemporal multispectral airborne laser scanning, Sentinel-2, and mobile laser scanning in map updating}},
    volume = {13},
    journal = {Journal of Applied Remote Sensing},
    number = {4},
    publisher = {SPIE},
    pages = {044504},
    year = {2019},
    doi = {10.1117/1.JRS.13.4.044504}
}

@article{matikainen2017object,
    title = {Object-based analysis of multispectral airborne laser scanner data for land cover classification and map updating},
    journal = {ISPRS Journal of Photogrammetry and Remote Sensing},
    volume = {128},
    pages = {298-313},
    year = {2017},
    doi = {10.1016/j.isprsjprs.2017.04.005},
    author = {Leena Matikainen and Kirsi Karila and Juha Hyyppä and Paula Litkey and Eetu Puttonen and Eero Ahokas}
}

@article{lindeberg2021classification,
    title = {Classification of tree species classes in a hemi-boreal forest from multispectral airborne laser scanning data using a mini raster cell method},
    journal = {International Journal of Applied Earth Observation and Geoinformation},
    volume = {100},
    pages = {102334},
    year = {2021},
    doi = {10.1016/j.jag.2021.102334},
    author = {Eva Lindberg and Johan Holmgren and Håkan Olsson}
}

@article{li2022agfpnet,
    title = {{AGFP-Net: Attentive geometric feature pyramid network for land cover classification using airborne multispectral LiDAR data}},
    journal = {International Journal of Applied Earth Observation and Geoinformation},
    volume = {108},
    pages = {102723},
    year = {2022},
    doi = {10.1016/j.jag.2022.102723},
    author = {Dilong Li and Xin Shen and Haiyan Guan and Yongtao Yu and Hanyun Wang and Guo Zhang and Jonathan Li and Deren Li}
}

@article{yu2020hybrid,
    author={Yu, Yongtao and Guan, Haiyan and Li, Dilong and Gu, Tiannan and Wang, Lanfang and Ma, Lingfei and Li, Jonathan},
    journal={IEEE Geoscience and Remote Sensing Letters}, 
    title={{A Hybrid Capsule Network for Land Cover Classification Using Multispectral LiDAR Data}}, 
    year={2020},
    volume={17},
    number={7},
    pages={1263--1267},
    doi={10.1109/LGRS.2019.2940505}
}

@article{pan2020landcover,
    title = {{Land-cover classification of multispectral LiDAR data using CNN with optimized hyper-parameters}},
    journal = {ISPRS Journal of Photogrammetry and Remote Sensing},
    volume = {166},
    pages = {241--254},
    year = {2020},
    doi = {10.1016/j.isprsjprs.2020.05.022},
    author = {Suoyan Pan and Haiyan Guan and Yating Chen and Yongtao Yu and Wesley {Nunes Gonçalves} and José {Marcato Junior} and Jonathan Li}
}

@article{wang2021multi,
    title={Multi-attribute smooth graph convolutional network for multispectral points classification},
    author={Wang, QingWang and Gu, YanFeng and Yang, Min and Wang, Chen},
    journal={Science China Technological Sciences},
    volume={64},
    number={11},
    pages={2509--2522},
    year={2021},
    publisher={Springer},
    doi={10.1007/s11431-020-1871-8}
}

@article{zhang2022introducing,
    author = {Zhang, Zhiwen and Li, Teng and Tang, Xuebin and Lei, Xiangda and Peng, Yuanxi},
    title = {{Introducing Improved Transformer to Land Cover Classification Using Multispectral LiDAR Point Clouds}},
    journal = {Remote Sensing},
    volume = {14},
    year = {2022},
    number = {15},
    article-number = {3808},
    doi = {10.3390/rs14153808}
}

@article{chen2024feature,
    title = {{A feature perturbation weakly supervised learning network for airborne multispectral LiDAR pointcloud classification}},
    journal = {International Journal of Applied Earth Observation and Geoinformation},
    volume = {127},
    pages = {103683},
    year = {2024},
    doi = {10.1016/j.jag.2024.103683},
    author = {Ke Chen and Haiyan Guan and Lanying Wang and Yongtao Yu and Yufu Zang and Nannan Qin and Jiacheng Liu and Jonathan Li}
}

@article{karila2017feasibility,
    author={Karila, Kirsi and Matikainen, Leena and Puttonen, Eetu and Hyyppä, Juha},
    journal={IEEE Geoscience and Remote Sensing Letters}, 
    title={{Feasibility of Multispectral Airborne Laser Scanning Data for Road Mapping}}, 
    year={2017},
    volume={14},
    number={3},
    pages={294--298},
    doi={10.1109/LGRS.2016.2631261}
}

@article{kaasalainen2019multispectral,
    title={Multispectral terrestrial lidar: State of the art and challenges},
    author={Kaasalainen, Sanna},
    journal={Laser Scanning},
    pages={5--18},
    year={2019},
    publisher={CRC Press},
    doi={doi.org/10.1201/9781351018869}
}

@inproceedings{du2022se3,
    title = {{SE}(3) Equivariant Graph Neural Networks with Complete Local Frames},
    author = {Du, Weitao and Zhang, He and Du, Yuanqi and Meng, Qi and Chen, Wei and Zheng, Nanning and Shao, Bin and Liu, Tie-Yan},
    booktitle = {Proceedings of the 39th International Conference on Machine Learning},
    pages = {5583--5608},
    year = {2022},
    volume = {162},
    series = {Proceedings of Machine Learning Research},
    publisher = {PMLR}
}

@inproceedings{fuchs2020se3,
    author = {Fuchs, Fabian and Worrall, Daniel and Fischer, Volker and Welling, Max},
    booktitle = {Advances in Neural Information Processing Systems},
    pages = {1970--1981},
    publisher = {Curran Associates, Inc.},
    title = {{SE(3)-Transformers: 3D Roto-Translation Equivariant Attention Networks}},
    volume = {33},
    year = {2020}
}

@inproceedings{xie2020pointcontrast,
    author={Xie, Saining and Gu, Jiatao and Guo, Demi and Qi, Charles R. and Guibas, Leonidas and Litany, Or},
    title={{PointContrast: Unsupervised Pre-training for 3D Point Cloud Understanding}},
    booktitle={Computer Vision -- ECCV 2020},
    year={2020},
    publisher={Springer International Publishing},
    pages={574--591},
    doi={10.1007/978-3-030-58580-8_34}
}

@article{hamedianfar2022deep,
    author = {Hamedianfar, Alireza and Mohamedou, Cheikh and Kangas, Annika and Vauhkonen, Jari},
    title = {{Deep learning for forest inventory and planning: a critical review on the remote sensing approaches so far and prospects for further applications}},
    journal = {Forestry: An International Journal of Forest Research},
    volume = {95},
    number = {4},
    pages = {451-465},
    year = {2022},
    month = {02},
    doi = {10.1093/forestry/cpac002}
}

@article{huo2020individual,
    author = {Langning Huo and Eva Lindberg},
    title = {{Individual tree detection using template matching of multiple rasters derived from multispectral airborne laser scanning data}},
    journal = {International Journal of Remote Sensing},
    volume = {41},
    number = {24},
    pages = {9525--9544},
    year = {2020},
    publisher = {Taylor \& Francis},
    doi = {10.1080/01431161.2020.1800127}
}

@article{dai2018new,
    title = {{A new method for 3D individual tree extraction using multispectral airborne LiDAR point clouds}},
    journal = {ISPRS Journal of Photogrammetry and Remote Sensing},
    volume = {144},
    pages = {400--411},
    year = {2018},
    doi = {10.1016/j.isprsjprs.2018.08.010},
    author = {Wenxia Dai and Bisheng Yang and Zhen Dong and Ahmed Shaker}
}

@article{woodhouse2011multispectral,
    author={Woodhouse, Iain H. and Nichol, Caroline and Sinclair, Peter and Jack, Jim and Morsdorf, Felix and Malthus, Tim J. and Patenaude, Genevieve},
    journal={IEEE Geoscience and Remote Sensing Letters}, 
    title={{A Multispectral Canopy LiDAR Demonstrator Project}}, 
    year={2011},
    volume={8},
    number={5},
    pages={839--843},
    doi={10.1109/LGRS.2011.2113312}
}

@article{takhtkesha2024multispectral,
    author = {Takhtkeshha, Narges and Mandlburger, Gottfried and Remondino, Fabio and Hyyppä, Juha},
    title = {{Multispectral Light Detection and Ranging Technology and Applications: A Review}},
    journal = {Sensors},
    volume = {24},
    year = {2024},
    number = {5},
    article-number = {1669},
    doi = {10.3390/s24051669}
}

@article{li2018utilization,
    title={{On the utilization of novel spectral laser scanning for three-dimensional classification of vegetation elements}},
    author={Li, Zhan and Schaefer, Michael and Strahler, Alan and Schaaf, Crystal and Jupp, David},
    journal={Interface Focus},
    volume={8},
    number={2},
    pages={20170039},
    year={2018},
    publisher={The Royal Society},
    doi={10.1098/rsfs.2017.0039}
}

@article{howe2015capabilities,
    author = {Glenn A. Howe and Kuravi Hewawasam and Ewan S. Douglas and Jason Martel and Zhan Li and Alan Strahler and Crystal Schaaf and Timothy A. Cook and Supriya Chakrabarti},
    title = {{Capabilities and performance of dual-wavelength Echidna® lidar}},
    volume = {9},
    journal = {Journal of Applied Remote Sensing},
    number = {1},
    publisher = {SPIE},
    pages = {095979},
    year = {2015},
    doi = {10.1117/1.JRS.9.095979}
}

@article{kaasalainen2007toward,
    title={{Toward Hyperspectral Lidar: Measurement of Spectral Backscatter Intensity With a Supercontinuum Laser Source}},
    author={Kaasalainen, Sanna and Lindroos, Tomi and Hyyppa, Juha},
    journal={IEEE Geoscience and Remote Sensing Letters},
    volume={4},
    number={2},
    pages={211--215},
    year={2007},
    publisher={IEEE},
    doi={10.1109/LGRS.2006.888848}
}

@inproceedings{takhtkeshha2024automatic,
    author={Takhtkeshha, Narges and Bayrak, Onur Can and Mandlburger, Gottfried and Remondino, Fabio and Kukko, Antero and Hyyppä, Juha},
    booktitle={IGARSS 2024 - 2024 IEEE International Geoscience and Remote Sensing Symposium}, 
    title={{Automatic Annotation Of 3D Multispectral LiDAR Data For Land Cover Classification}}, 
    year={2024},
    volume={},
    number={},
    pages={8645--8649},
    doi={10.1109/IGARSS53475.2024.10642907}
}