@article{bae2019multi,
  title={Multi-robot path planning method using reinforcement learning},
  author={Bae, Hyansu and Kim, Gidong and Kim, Jonguk and Qian, Dianwei and Lee, Sukgyu},
  journal={Applied sciences},
  volume={9},
  number={15},
  pages={3057},
  year={2019},
  publisher={MDPI}
}

@inproceedings{beyer2022knowledge,
  title={Knowledge distillation: A good teacher is patient and consistent},
  author={Beyer, Lucas and Zhai, Xiaohua and Royer, Am{\'e}lie and Markeeva, Larisa and Anil, Rohan and Kolesnikov, Alexander},
  booktitle={Proceedings of the IEEE/CVF conference on computer vision and pattern recognition},
  pages={10925--10934},
  year={2022}
}

@inproceedings{cho2023itkd,
  title={itkd: Interchange transfer-based knowledge distillation for 3d object detection},
  author={Cho, Hyeon and Choi, Junyong and Baek, Geonwoo and Hwang, Wonjun},
  booktitle={Proceedings of the IEEE/CVF Conference on Computer Vision and Pattern Recognition},
  pages={13540--13549},
  year={2023}
}

@inproceedings{cui2022coopernaut,
  title={Coopernaut: End-to-end driving with cooperative perception for networked vehicles},
  author={Cui, Jiaxun and Qiu, Hang and Chen, Dian and Stone, Peter and Zhu, Yuke},
  booktitle={Proceedings of the IEEE/CVF Conference on Computer Vision and Pattern Recognition},
  pages={17252--17262},
  year={2022}
}

@inproceedings{gao2024collaborative,
  title={Collaborative Decision-Making Using Spatiotemporal Graphs in Connected Autonomy},
  author={Gao, Peng and Shen, Yu and Lin, Ming C},
  booktitle={2024 IEEE International Conference on Robotics and Automation (ICRA)},
  pages={4983--4989},
  year={2024},
  organization={IEEE}
}

@inproceedings{garcia2018modality,
  title={Modality distillation with multiple stream networks for action recognition},
  author={Garcia, Nuno C and Morerio, Pietro and Murino, Vittorio},
  booktitle={Proceedings of the European Conference on Computer Vision (ECCV)},
  pages={103--118},
  year={2018}
}

@article{garcia2019learning,
  title={Learning with privileged information via adversarial discriminative modality distillation},
  author={Garcia, Nuno C and Morerio, Pietro and Murino, Vittorio},
  journal={IEEE transactions on pattern analysis and machine intelligence},
  volume={42},
  number={10},
  pages={2581--2593},
  year={2019},
  publisher={IEEE}
}

@article{gou2021knowledge,
  title={Knowledge distillation: A survey},
  author={Gou, Jianping and Yu, Baosheng and Maybank, Stephen J and Tao, Dacheng},
  journal={International Journal of Computer Vision},
  volume={129},
  number={6},
  pages={1789--1819},
  year={2021},
  publisher={Springer}
}

@article{hahn2019self,
  title={Self-knowledge distillation in natural language processing},
  author={Hahn, Sangchul and Choi, Heeyoul},
  journal={arXiv preprint arXiv:1908.01851},
  year={2019}
}

@article{hang2021decision,
  title={Decision making of connected automated vehicles at an unsignalized roundabout considering personalized driving behaviours},
  author={Hang, Peng and Huang, Chao and Hu, Zhongxu and Xing, Yang and Lv, Chen},
  journal={IEEE Transactions on Vehicular Technology},
  volume={70},
  number={5},
  pages={4051--4064},
  year={2021},
  publisher={IEEE}
}

@article{hinton2015distilling,
  title={Distilling the Knowledge in a Neural Network},
  author={Hinton, Geoffrey},
  journal={arXiv preprint arXiv:1503.02531},
  year={2015}
}

@inproceedings{hoffman2016learning,
  title={Learning with side information through modality hallucination},
  author={Hoffman, Judy and Gupta, Saurabh and Darrell, Trevor},
  booktitle={Proceedings of the IEEE conference on computer vision and pattern recognition},
  pages={826--834},
  year={2016}
}

@article{hu2022where2comm,
  title={Where2comm: Communication-efficient collaborative perception via spatial confidence maps},
  author={Hu, Yue and Fang, Shaoheng and Lei, Zixing and Zhong, Yiqi and Chen, Siheng},
  journal={Advances in neural information processing systems},
  volume={35},
  pages={4874--4886},
  year={2022}
}

@article{lan2022instance,
  title={Instance, scale, and teacher adaptive knowledge distillation for visual detection in autonomous driving},
  author={Lan, Qizhen and Tian, Qing},
  journal={IEEE Transactions on Intelligent Vehicles},
  volume={8},
  number={3},
  pages={2358--2370},
  year={2022},
  publisher={IEEE}
}

@inproceedings{liu2020when2com,
  title={When2com: Multi-agent perception via communication graph grouping},
  author={Liu, Yen-Cheng and Tian, Junjiao and Glaser, Nathaniel and Kira, Zsolt},
  booktitle={Proceedings of the IEEE/CVF Conference on computer vision and pattern recognition},
  pages={4106--4115},
  year={2020}
}

@inproceedings{liu2020who2com,
  title={Who2com: Collaborative perception via learnable handshake communication},
  author={Liu, Yen-Cheng and Tian, Junjiao and Ma, Chih-Yao and Glaser, Nathan and Kuo, Chia-Wen and Kira, Zsolt},
  booktitle={2020 IEEE International Conference on Robotics and Automation (ICRA)},
  pages={6876--6883},
  year={2020},
  organization={IEEE}
}

@inproceedings{mandi2024roco,
  title={Roco: Dialectic multi-robot collaboration with large language models},
  author={Mandi, Zhao and Jain, Shreeya and Song, Shuran},
  booktitle={2024 IEEE International Conference on Robotics and Automation (ICRA)},
  pages={286--299},
  year={2024},
  organization={IEEE}
}

@article{nie2016decentralized,
  title={Decentralized cooperative lane-changing decision-making for connected autonomous vehicles},
  author={Nie, Jianqiang and Zhang, Jian and Ding, Wanting and Wan, Xia and Chen, Xiaoxuan and Ran, Bin},
  journal={IEEE access},
  volume={4},
  pages={9413--9420},
  year={2016},
  publisher={IEEE}
}

@article{piasco2021improving,
  title={Improving image description with auxiliary modality for visual localization in challenging conditions},
  author={Piasco, Nathan and Sidib{\'e}, D{\'e}sir{\'e} and Gouet-Brunet, Val{\'e}rie and Demonceaux, C{\'e}dric},
  journal={International Journal of Computer Vision},
  volume={129},
  number={1},
  pages={185--202},
  year={2021},
  publisher={Springer}
}

@article{queralta2020collaborative,
  title={Collaborative multi-robot search and rescue: Planning, coordination, perception, and active vision},
  author={Queralta, Jorge Pena and Taipalmaa, Jussi and Pullinen, Bilge Can and Sarker, Victor Kathan and Gia, Tuan Nguyen and Tenhunen, Hannu and Gabbouj, Moncef and Raitoharju, Jenni and Westerlund, Tomi},
  journal={Ieee Access},
  volume={8},
  pages={191617--191643},
  year={2020},
  publisher={IEEE}
}

@inproceedings{sautier2022image,
  title={Image-to-lidar self-supervised distillation for autonomous driving data},
  author={Sautier, Corentin and Puy, Gilles and Gidaris, Spyros and Boulch, Alexandre and Bursuc, Andrei and Marlet, Renaud},
  booktitle={Proceedings of the IEEE/CVF Conference on Computer Vision and Pattern Recognition},
  pages={9891--9901},
  year={2022}
}

@inproceedings{shen2023auxiliary,
  title={Auxiliary modality learning with generalized curriculum distillation},
  author={Shen, Yu and Wang, Xijun and Gao, Peng and Lin, Ming},
  booktitle={International Conference on Machine Learning},
  pages={31057--31076},
  year={2023},
  organization={PMLR}
}

@article{sun2019patient,
  title={Patient knowledge distillation for bert model compression},
  author={Sun, Siqi and Cheng, Yu and Gan, Zhe and Liu, Jingjing},
  journal={arXiv preprint arXiv:1908.09355},
  year={2019}
}

@inproceedings{tung2019similarity,
  title={Similarity-preserving knowledge distillation},
  author={Tung, Frederick and Mori, Greg},
  booktitle={Proceedings of the IEEE/CVF international conference on computer vision},
  pages={1365--1374},
  year={2019}
}

@inproceedings{wang2018pm,
  title={Pm-gans: Discriminative representation learning for action recognition using partial-modalities},
  author={Wang, Lan and Gao, Chenqiang and Yang, Luyu and Zhao, Yue and Zuo, Wangmeng and Meng, Deyu},
  booktitle={Proceedings of the European Conference on Computer Vision (ECCV)},
  pages={384--401},
  year={2018}
}

@article{xu2024survey,
  title={A survey on knowledge distillation of large language models},
  author={Xu, Xiaohan and Li, Ming and Tao, Chongyang and Shen, Tao and Cheng, Reynold and Li, Jinyang and Xu, Can and Tao, Dacheng and Zhou, Tianyi},
  journal={arXiv preprint arXiv:2402.13116},
  year={2024}
}

@article{zhou2022multi,
  title={Multi-robot collaborative perception with graph neural networks},
  author={Zhou, Yang and Xiao, Jiuhong and Zhou, Yue and Loianno, Giuseppe},
  journal={IEEE Robotics and Automation Letters},
  volume={7},
  number={2},
  pages={2289--2296},
  year={2022},
  publisher={IEEE}
}

