@inproceedings{gao2024collaborative,
  title={Collaborative Decision-Making Using Spatiotemporal Graphs in Connected Autonomy},
  author={Gao, Peng and Shen, Yu and Lin, Ming C},
  booktitle={2024 IEEE International Conference on Robotics and Automation (ICRA)},
  pages={4983--4989},
  year={2024},
  organization={IEEE}
}

@article{li2020lidar,
  title={Lidar for autonomous driving: The principles, challenges, and trends for automotive lidar and perception systems},
  author={Li, You and Ibanez-Guzman, Javier},
  journal={IEEE Signal Processing Magazine},
  volume={37},
  number={4},
  pages={50--61},
  year={2020},
  publisher={IEEE}
}


@inproceedings{cui2022coopernaut,
  title={Coopernaut: End-to-end driving with cooperative perception for networked vehicles},
  author={Cui, Jiaxun and Qiu, Hang and Chen, Dian and Stone, Peter and Zhu, Yuke},
  booktitle={Proceedings of the IEEE/CVF Conference on Computer Vision and Pattern Recognition},
  pages={17252--17262},
  year={2022}
}

@inproceedings{shen2023auxiliary,
  title={Auxiliary modality learning with generalized curriculum distillation},
  author={Shen, Yu and Wang, Xijun and Gao, Peng and Lin, Ming},
  booktitle={International Conference on Machine Learning},
  pages={31057--31076},
  year={2023},
  organization={PMLR}
}

@inproceedings{chen2015deepdriving,
  title={Deepdriving: Learning affordance for direct perception in autonomous driving},
  author={Chen, Chenyi and Seff, Ari and Kornhauser, Alain and Xiao, Jianxiong},
  booktitle={Proceedings of the IEEE international conference on computer vision},
  pages={2722--2730},
  year={2015}
}

@article{hoel2019combining,
  title={Combining planning and deep reinforcement learning in tactical decision making for autonomous driving},
  author={Hoel, Carl-Johan and Driggs-Campbell, Katherine and Wolff, Krister and Laine, Leo and Kochenderfer, Mykel J},
  journal={IEEE transactions on intelligent vehicles},
  volume={5},
  number={2},
  pages={294--305},
  year={2019},
  publisher={IEEE}
}

@inproceedings{hubmann2017decision,
  title={Decision making for autonomous driving considering interaction and uncertain prediction of surrounding vehicles},
  author={Hubmann, Constantin and Becker, Marvin and Althoff, Daniel and Lenz, David and Stiller, Christoph},
  booktitle={2017 IEEE intelligent vehicles symposium (IV)},
  pages={1671--1678},
  year={2017},
  organization={IEEE}
}

@inproceedings{brechtel2014probabilistic,
  title={Probabilistic decision-making under uncertainty for autonomous driving using continuous POMDPs},
  author={Brechtel, Sebastian and Gindele, Tobias and Dillmann, R{\"u}diger},
  booktitle={17th international IEEE conference on intelligent transportation systems (ITSC)},
  pages={392--399},
  year={2014},
  organization={IEEE}
}

@inproceedings{sun2020scalability,
  title={Scalability in perception for autonomous driving: Waymo open dataset},
  author={Sun, Pei and Kretzschmar, Henrik and Dotiwalla, Xerxes and Chouard, Aurelien and Patnaik, Vijaysai and Tsui, Paul and Guo, James and Zhou, Yin and Chai, Yuning and Caine, Benjamin and others},
  booktitle={Proceedings of the IEEE/CVF conference on computer vision and pattern recognition},
  pages={2446--2454},
  year={2020}
}

@inproceedings{kong2015kinematic,
  title={Kinematic and dynamic vehicle models for autonomous driving control design},
  author={Kong, Jason and Pfeiffer, Mark and Schildbach, Georg and Borrelli, Francesco},
  booktitle={2015 IEEE intelligent vehicles symposium (IV)},
  pages={1094--1099},
  year={2015},
  organization={IEEE}
}

@inproceedings{sun2018fast,
  title={A fast integrated planning and control framework for autonomous driving via imitation learning},
  author={Sun, Liting and Peng, Cheng and Zhan, Wei and Tomizuka, Masayoshi},
  booktitle={Dynamic Systems and Control Conference},
  volume={51913},
  pages={V003T37A012},
  year={2018},
  organization={American Society of Mechanical Engineers}
}

@article{lefevre2015learning,
  title={A learning-based framework for velocity control in autonomous driving},
  author={Lefevre, St{\'e}phanie and Carvalho, Ashwin and Borrelli, Francesco},
  journal={IEEE Transactions on Automation Science and Engineering},
  volume={13},
  number={1},
  pages={32--42},
  year={2015},
  publisher={IEEE}
}

@inproceedings{zhao2021point,
  title={Point transformer},
  author={Zhao, Hengshuang and Jiang, Li and Jia, Jiaya and Torr, Philip HS and Koltun, Vladlen},
  booktitle={Proceedings of the IEEE/CVF international conference on computer vision},
  pages={16259--16268},
  year={2021}
}

@inproceedings{he2016deep,
  title={Deep residual learning for image recognition},
  author={He, Kaiming and Zhang, Xiangyu and Ren, Shaoqing and Sun, Jian},
  booktitle={Proceedings of the IEEE conference on computer vision and pattern recognition},
  pages={770--778},
  year={2016}
}

@inproceedings{dosovitskiy2017carla,
  title={CARLA: An open urban driving simulator},
  author={Dosovitskiy, Alexey and Ros, German and Codevilla, Felipe and Lopez, Antonio and Koltun, Vladlen},
  booktitle={Conference on robot learning},
  pages={1--16},
  year={2017},
  organization={PMLR}
}

@article{qiu2021autocast,
  title={Autocast: Scalable infrastructure-less cooperative perception for distributed collaborative driving},
  author={Qiu, Hang and Huang, Pohan and Asavisanu, Namo and Liu, Xiaochen and Psounis, Konstantinos and Govindan, Ramesh},
  journal={arXiv preprint arXiv:2112.14947},
  year={2021}
}

@article{arnold2020cooperative,
  title={Cooperative perception for 3D object detection in driving scenarios using infrastructure sensors},
  author={Arnold, Eduardo and Dianati, Mehrdad and de Temple, Robert and Fallah, Saber},
  journal={IEEE Transactions on Intelligent Transportation Systems},
  volume={23},
  number={3},
  pages={1852--1864},
  year={2020},
  publisher={IEEE}
}

@inproceedings{chen2019cooper,
  title={Cooper: Cooperative perception for connected autonomous vehicles based on 3d point clouds},
  author={Chen, Qi and Tang, Sihai and Yang, Qing and Fu, Song},
  booktitle={2019 IEEE 39th International Conference on Distributed Computing Systems (ICDCS)},
  pages={514--524},
  year={2019},
  organization={IEEE}
}

@article{boulahia2021early,
  title={Early, intermediate and late fusion strategies for robust deep learning-based multimodal action recognition},
  author={Boulahia, Said Yacine and Amamra, Abdenour and Madi, Mohamed Ridha and Daikh, Said},
  journal={Machine Vision and Applications},
  volume={32},
  number={6},
  pages={121},
  year={2021},
  publisher={Springer}
}

@article{pandeya2021deep,
  title={Deep learning-based late fusion of multimodal information for emotion classification of music video},
  author={Pandeya, Yagya Raj and Lee, Joonwhoan},
  journal={Multimedia Tools and Applications},
  volume={80},
  number={2},
  pages={2887--2905},
  year={2021},
  publisher={Springer}
}

@inproceedings{chen2019f,
  title={F-cooper: Feature based cooperative perception for autonomous vehicle edge computing system using 3D point clouds},
  author={Chen, Qi and Ma, Xu and Tang, Sihai and Guo, Jingda and Yang, Qing and Fu, Song},
  booktitle={Proceedings of the 4th ACM/IEEE Symposium on Edge Computing},
  pages={88--100},
  year={2019}
}

@article{velickovic2017graph,
  title={Graph attention networks},
  author={Velickovic, Petar and Cucurull, Guillem and Casanova, Arantxa and Romero, Adriana and Lio, Pietro and Bengio, Yoshua and others},
  journal={stat},
  volume={1050},
  number={20},
  pages={10--48550},
  year={2017}
}

@article{xie2020mgat,
  title={{Mgat: M}ulti-view graph attention networks},
  author={Xie, Yu and Zhang, Yuanqiao and Gong, Maoguo and Tang, Zedong and Han, Chao},
  journal={Neural Networks},
  volume={132},
  pages={180--189},
  year={2020}
}

@article{hang2021decision,
  title={Decision making of connected automated vehicles at an unsignalized roundabout considering personalized driving behaviours},
  author={Hang, Peng and Huang, Chao and Hu, Zhongxu and Xing, Yang and Lv, Chen},
  journal={IEEE Transactions on Vehicular Technology},
  volume={70},
  number={5},
  pages={4051--4064},
  year={2021},
  publisher={IEEE}
}

@inproceedings{he2019cooperative,
  title={Cooperative connected autonomous vehicles (CAV): research, applications and challenges},
  author={He, Jianhua and Tang, Zuoyin and Fu, Xiaoming and Leng, Supeng and Wu, Fan and Huang, Kaisheng and Huang, Jianye and Zhang, Jie and Zhang, Yan and Radford, Andrew and others},
  booktitle={2019 IEEE 27th International Conference on Network Protocols (ICNP)},
  pages={1--6},
  year={2019},
  organization={IEEE}
}

@article{nie2016decentralized,
  title={Decentralized cooperative lane-changing decision-making for connected autonomous vehicles},
  author={Nie, Jianqiang and Zhang, Jian and Ding, Wanting and Wan, Xia and Chen, Xiaoxuan and Ran, Bin},
  journal={IEEE access},
  volume={4},
  pages={9413--9420},
  year={2016},
  publisher={IEEE}
}

@inproceedings{el2019rgb,
  title={Rgb and lidar fusion based 3d semantic segmentation for autonomous driving},
  author={El Madawi, Khaled and Rashed, Hazem and El Sallab, Ahmad and Nasr, Omar and Kamel, Hanan and Yogamani, Senthil},
  booktitle={2019 IEEE Intelligent Transportation Systems Conference (ITSC)},
  pages={7--12},
  year={2019},
  organization={IEEE}
}

@inproceedings{zhuang2021perception,
  title={Perception-aware multi-sensor fusion for 3d lidar semantic segmentation},
  author={Zhuang, Zhuangwei and Li, Rong and Jia, Kui and Wang, Qicheng and Li, Yuanqing and Tan, Mingkui},
  booktitle={Proceedings of the IEEE/CVF International Conference on Computer Vision},
  pages={16280--16290},
  year={2021}
}

@article{gao2018object,
  title={Object classification using CNN-based fusion of vision and LIDAR in autonomous vehicle environment},
  author={Gao, Hongbo and Cheng, Bo and Wang, Jianqiang and Li, Keqiang and Zhao, Jianhui and Li, Deyi},
  journal={IEEE Transactions on Industrial Informatics},
  volume={14},
  number={9},
  pages={4224--4231},
  year={2018},
  publisher={IEEE}
}

@article{hinton2015distilling,
  title={Distilling the Knowledge in a Neural Network},
  author={Hinton, Geoffrey},
  journal={arXiv preprint arXiv:1503.02531},
  year={2015}
}

@article{sun2019patient,
  title={Patient knowledge distillation for bert model compression},
  author={Sun, Siqi and Cheng, Yu and Gan, Zhe and Liu, Jingjing},
  journal={arXiv preprint arXiv:1908.09355},
  year={2019}
}

@article{xu2024survey,
  title={A survey on knowledge distillation of large language models},
  author={Xu, Xiaohan and Li, Ming and Tao, Chongyang and Shen, Tao and Cheng, Reynold and Li, Jinyang and Xu, Can and Tao, Dacheng and Zhou, Tianyi},
  journal={arXiv preprint arXiv:2402.13116},
  year={2024}
}

@article{hahn2019self,
  title={Self-knowledge distillation in natural language processing},
  author={Hahn, Sangchul and Choi, Heeyoul},
  journal={arXiv preprint arXiv:1908.01851},
  year={2019}
}

@article{gou2021knowledge,
  title={Knowledge distillation: A survey},
  author={Gou, Jianping and Yu, Baosheng and Maybank, Stephen J and Tao, Dacheng},
  journal={International Journal of Computer Vision},
  volume={129},
  number={6},
  pages={1789--1819},
  year={2021},
  publisher={Springer}
}

@inproceedings{beyer2022knowledge,
  title={Knowledge distillation: A good teacher is patient and consistent},
  author={Beyer, Lucas and Zhai, Xiaohua and Royer, Am{\'e}lie and Markeeva, Larisa and Anil, Rohan and Kolesnikov, Alexander},
  booktitle={Proceedings of the IEEE/CVF conference on computer vision and pattern recognition},
  pages={10925--10934},
  year={2022}
}

@inproceedings{tung2019similarity,
  title={Similarity-preserving knowledge distillation},
  author={Tung, Frederick and Mori, Greg},
  booktitle={Proceedings of the IEEE/CVF international conference on computer vision},
  pages={1365--1374},
  year={2019}
}

@article{lan2022instance,
  title={Instance, scale, and teacher adaptive knowledge distillation for visual detection in autonomous driving},
  author={Lan, Qizhen and Tian, Qing},
  journal={IEEE Transactions on Intelligent Vehicles},
  volume={8},
  number={3},
  pages={2358--2370},
  year={2022},
  publisher={IEEE}
}

@article{li2023mkd,
  title={MKD-Cooper: Cooperative 3D Object Detection for Autonomous Driving via Multi-teacher Knowledge Distillation},
  author={Li, Zhiyuan and Liang, Huawei and Wang, Hanqi and Zhao, Mingzhuo and Wang, Jian and Zheng, Xiaokun},
  journal={IEEE Transactions on Intelligent Vehicles},
  year={2023},
  publisher={IEEE}
}

@inproceedings{cho2023itkd,
  title={itkd: Interchange transfer-based knowledge distillation for 3d object detection},
  author={Cho, Hyeon and Choi, Junyong and Baek, Geonwoo and Hwang, Wonjun},
  booktitle={Proceedings of the IEEE/CVF Conference on Computer Vision and Pattern Recognition},
  pages={13540--13549},
  year={2023}
}

@article{li2022driver,
  title={Driver behavioral cloning for route following in autonomous vehicles using task knowledge distillation},
  author={Li, Guofa and Ji, Zefeng and Li, Shen and Luo, Xiao and Qu, Xingda},
  journal={IEEE Transactions on Intelligent Vehicles},
  volume={8},
  number={2},
  pages={1025--1033},
  year={2022},
  publisher={IEEE}
}

@inproceedings{sautier2022image,
  title={Image-to-lidar self-supervised distillation for autonomous driving data},
  author={Sautier, Corentin and Puy, Gilles and Gidaris, Spyros and Boulch, Alexandre and Bursuc, Andrei and Marlet, Renaud},
  booktitle={Proceedings of the IEEE/CVF Conference on Computer Vision and Pattern Recognition},
  pages={9891--9901},
  year={2022}
}

@article{rahman2021multi,
  title={A multi-vehicle communication system to assess the safety and mobility of connected and automated vehicles},
  author={Rahman, Md Hasibur and Abdel-Aty, Mohamed and Wu, Yina},
  journal={Transportation research part C: emerging technologies},
  volume={124},
  pages={102887},
  year={2021},
  publisher={Elsevier}
}

@article{talebpour2016influence,
  title={Influence of connected and autonomous vehicles on traffic flow stability and throughput},
  author={Talebpour, Alireza and Mahmassani, Hani S},
  journal={Transportation research part C: emerging technologies},
  volume={71},
  pages={143--163},
  year={2016},
  publisher={Elsevier}
}

@article{ye2019evaluating,
  title={Evaluating the impact of connected and autonomous vehicles on traffic safety},
  author={Ye, Lanhang and Yamamoto, Toshiyuki},
  journal={Physica A: Statistical Mechanics and its Applications},
  volume={526},
  pages={121009},
  year={2019},
  publisher={Elsevier}
}

@article{feng2020deep,
  title={Deep multi-modal object detection and semantic segmentation for autonomous driving: Datasets, methods, and challenges},
  author={Feng, Di and Haase-Sch{\"u}tz, Christian and Rosenbaum, Lars and Hertlein, Heinz and Glaeser, Claudius and Timm, Fabian and Wiesbeck, Werner and Dietmayer, Klaus},
  journal={IEEE Transactions on Intelligent Transportation Systems},
  volume={22},
  number={3},
  pages={1341--1360},
  year={2020},
  publisher={IEEE}
}

@article{xiao2020multimodal,
  title={Multimodal end-to-end autonomous driving},
  author={Xiao, Yi and Codevilla, Felipe and Gurram, Akhil and Urfalioglu, Onay and L{\'o}pez, Antonio M},
  journal={IEEE Transactions on Intelligent Transportation Systems},
  volume={23},
  number={1},
  pages={537--547},
  year={2020},
  publisher={IEEE}
}

@article{roy2022multi,
  title={Multi-modality sensing and data fusion for multi-vehicle detection},
  author={Roy, Debashri and Li, Yuanyuan and Jian, Tong and Tian, Peng and Chowdhury, Kaushik and Ioannidis, Stratis},
  journal={IEEE Transactions on Multimedia},
  volume={25},
  pages={2280--2295},
  year={2022},
  publisher={IEEE}
}

@article{li2022v2x,
  title={V2X-Sim: Multi-agent collaborative perception dataset and benchmark for autonomous driving},
  author={Li, Yiming and Ma, Dekun and An, Ziyan and Wang, Zixun and Zhong, Yiqi and Chen, Siheng and Feng, Chen},
  journal={IEEE Robotics and Automation Letters},
  volume={7},
  number={4},
  pages={10914--10921},
  year={2022},
  publisher={IEEE}
}

@inproceedings{piperigkos2020cooperative,
  title={Cooperative multi-modal localization in connected and autonomous vehicles},
  author={Piperigkos, Nikos and Lalos, Aris S and Berberidis, Kostas and Anagnostopoulos, Christos},
  booktitle={2020 IEEE 3rd Connected and Automated Vehicles Symposium (CAVS)},
  pages={1--5},
  year={2020},
  organization={IEEE}
}

@article{kingma2014adam,
  title={Adam: A method for stochastic optimization},
  author={Kingma, Diederik P},
  journal={arXiv preprint arXiv:1412.6980},
  year={2014}
}

@inproceedings{liu2020when2com,
  title={When2com: Multi-agent perception via communication graph grouping},
  author={Liu, Yen-Cheng and Tian, Junjiao and Glaser, Nathaniel and Kira, Zsolt},
  booktitle={Proceedings of the IEEE/CVF Conference on computer vision and pattern recognition},
  pages={4106--4115},
  year={2020}
}

@inproceedings{liu2020who2com,
  title={Who2com: Collaborative perception via learnable handshake communication},
  author={Liu, Yen-Cheng and Tian, Junjiao and Ma, Chih-Yao and Glaser, Nathan and Kuo, Chia-Wen and Kira, Zsolt},
  booktitle={2020 IEEE International Conference on Robotics and Automation (ICRA)},
  pages={6876--6883},
  year={2020},
  organization={IEEE}
}

@article{hu2022where2comm,
  title={Where2comm: Communication-efficient collaborative perception via spatial confidence maps},
  author={Hu, Yue and Fang, Shaoheng and Lei, Zixing and Zhong, Yiqi and Chen, Siheng},
  journal={Advances in neural information processing systems},
  volume={35},
  pages={4874--4886},
  year={2022}
}

@article{noda2014multimodal,
  title={Multimodal integration learning of robot behavior using deep neural networks},
  author={Noda, Kuniaki and Arie, Hiroaki and Suga, Yuki and Ogata, Tetsuya},
  journal={Robotics and Autonomous Systems},
  volume={62},
  number={6},
  pages={721--736},
  year={2014},
  publisher={Elsevier}
}

@article{lee2020making,
  title={Making sense of vision and touch: Learning multimodal representations for contact-rich tasks},
  author={Lee, Michelle A and Zhu, Yuke and Zachares, Peter and Tan, Matthew and Srinivasan, Krishnan and Savarese, Silvio and Fei-Fei, Li and Garg, Animesh and Bohg, Jeannette},
  journal={IEEE Transactions on Robotics},
  volume={36},
  number={3},
  pages={582--596},
  year={2020},
  publisher={IEEE}
}

@article{bayoudh2022survey,
  title={A survey on deep multimodal learning for computer vision: advances, trends, applications, and datasets},
  author={Bayoudh, Khaled and Knani, Raja and Hamdaoui, Fay{\c{c}}al and Mtibaa, Abdellatif},
  journal={The Visual Computer},
  volume={38},
  number={8},
  pages={2939--2970},
  year={2022},
  publisher={Springer}
}

@inproceedings{hoffman2016learning,
  title={Learning with side information through modality hallucination},
  author={Hoffman, Judy and Gupta, Saurabh and Darrell, Trevor},
  booktitle={Proceedings of the IEEE conference on computer vision and pattern recognition},
  pages={826--834},
  year={2016}
}

@article{garcia2019learning,
  title={Learning with privileged information via adversarial discriminative modality distillation},
  author={Garcia, Nuno C and Morerio, Pietro and Murino, Vittorio},
  journal={IEEE transactions on pattern analysis and machine intelligence},
  volume={42},
  number={10},
  pages={2581--2593},
  year={2019},
  publisher={IEEE}
}

@inproceedings{wang2018pm,
  title={Pm-gans: Discriminative representation learning for action recognition using partial-modalities},
  author={Wang, Lan and Gao, Chenqiang and Yang, Luyu and Zhao, Yue and Zuo, Wangmeng and Meng, Deyu},
  booktitle={Proceedings of the European Conference on Computer Vision (ECCV)},
  pages={384--401},
  year={2018}
}

@inproceedings{garcia2018modality,
  title={Modality distillation with multiple stream networks for action recognition},
  author={Garcia, Nuno C and Morerio, Pietro and Murino, Vittorio},
  booktitle={Proceedings of the European Conference on Computer Vision (ECCV)},
  pages={103--118},
  year={2018}
}

@article{piasco2021improving,
  title={Improving image description with auxiliary modality for visual localization in challenging conditions},
  author={Piasco, Nathan and Sidib{\'e}, D{\'e}sir{\'e} and Gouet-Brunet, Val{\'e}rie and Demonceaux, C{\'e}dric},
  journal={International Journal of Computer Vision},
  volume={129},
  number={1},
  pages={185--202},
  year={2021},
  publisher={Springer}
}

@inproceedings{mandi2024roco,
  title={Roco: Dialectic multi-robot collaboration with large language models},
  author={Mandi, Zhao and Jain, Shreeya and Song, Shuran},
  booktitle={2024 IEEE International Conference on Robotics and Automation (ICRA)},
  pages={286--299},
  year={2024},
  organization={IEEE}
}

@article{zhou2022multi,
  title={Multi-robot collaborative perception with graph neural networks},
  author={Zhou, Yang and Xiao, Jiuhong and Zhou, Yue and Loianno, Giuseppe},
  journal={IEEE Robotics and Automation Letters},
  volume={7},
  number={2},
  pages={2289--2296},
  year={2022},
  publisher={IEEE}
}

@article{queralta2020collaborative,
  title={Collaborative multi-robot search and rescue: Planning, coordination, perception, and active vision},
  author={Queralta, Jorge Pena and Taipalmaa, Jussi and Pullinen, Bilge Can and Sarker, Victor Kathan and Gia, Tuan Nguyen and Tenhunen, Hannu and Gabbouj, Moncef and Raitoharju, Jenni and Westerlund, Tomi},
  journal={Ieee Access},
  volume={8},
  pages={191617--191643},
  year={2020},
  publisher={IEEE}
}

@article{bae2019multi,
  title={Multi-robot path planning method using reinforcement learning},
  author={Bae, Hyansu and Kim, Gidong and Kim, Jonguk and Qian, Dianwei and Lee, Sukgyu},
  journal={Applied sciences},
  volume={9},
  number={15},
  pages={3057},
  year={2019},
  publisher={MDPI}
}

@article{murphy2007conjugate,
  title={Conjugate Bayesian analysis of the Gaussian distribution},
  author={Murphy, Kevin P},
  journal={def},
  volume={1},
  number={2$\sigma$2},
  pages={16},
  year={2007}
}

@article{zhou2024coped,
  title={CoPeD-Advancing Multi-Robot Collaborative Perception: A Comprehensive Dataset in Real-World Environments},
  author={Zhou, Yang and Quang, Long and Nieto-Granda, Carlos and Loianno, Giuseppe},
  journal={IEEE Robotics and Automation Letters},
  year={2024},
  publisher={IEEE}
}

@inproceedings{ronneberger2015u,
  title={U-net: Convolutional networks for biomedical image segmentation},
  author={Ronneberger, Olaf and Fischer, Philipp and Brox, Thomas},
  booktitle={Medical image computing and computer-assisted intervention--MICCAI 2015: 18th international conference, Munich, Germany, October 5-9, 2015, proceedings, part III 18},
  pages={234--241},
  year={2015},
  organization={Springer}
}

@inproceedings{long2015fully,
  title={Fully convolutional networks for semantic segmentation},
  author={Long, Jonathan and Shelhamer, Evan and Darrell, Trevor},
  booktitle={Proceedings of the IEEE conference on computer vision and pattern recognition},
  pages={3431--3440},
  year={2015}
}

@article{loshchilov2016sgdr,
  title={Sgdr: Stochastic gradient descent with warm restarts},
  author={Loshchilov, Ilya and Hutter, Frank},
  journal={arXiv preprint arXiv:1608.03983},
  year={2016}
}
