@article{seq2018quadrana,
  author    = {Massimo Quadrana and
               Paolo Cremonesi and
               Dietmar Jannach},
  title     = {Sequence-Aware Recommender Systems},
  journal   = {{ACM} Comput. Surv.},
  volume    = {51},
  number    = {4},
  pages     = {66:1--66:36},
  year      = {2018},
}

@inproceedings{multimodal2022liu,
  author    = {Zhuang Liu and
               Yunpu Ma and
               Matthias Schubert and
               Yuanxin Ouyang and
               Zhang Xiong},
  title     = {Multi-Modal Contrastive Pre-training for Recommendation},
  booktitle = {{ICMR} '22: International Conference on Multimedia Retrieval},
  pages     = {99--108},
  publisher = {{ACM}},
  year      = {2022}
}

@article{pretrain2021meng,
  author    = {Zaiqiao Meng and
               Siwei Liu and
               Craig Macdonald and
               Iadh Ounis},
  title     = {Graph Neural Pre-training for Enhancing Recommendations using Side
               Information},
  journal   = {CoRR},
  volume    = {abs/2107.03936},
  year      = {2021},
}

%srgnn
@inproceedings{wu2019session,
  author={Wu, Shu and Tang, Yuyuan and Zhu, Yanqiao and Wang, Liang and Xie, Xing and Tan, Tieniu},
  title={Session-Based Recommendation with Graph Neural Networks}, volume={33},
  number={01},
  journal={Proceedings of the AAAI Conference on Artificial Intelligence}, 
  year={2019}, 
  month={Jul.}, 
  pages={346-353} 
 }

%bgrl
@inproceedings{thakoor2021bootstrapped,
    title={Bootstrapped Representation Learning on Graphs},
    author={Shantanu Thakoor and Corentin Tallec and Mohammad Gheshlaghi Azar and Remi Munos and Petar Veli{\v{c}}kovi{\'c} and Michal Valko},
    booktitle={ICLR 2021 Workshop on Geometrical and Topological Representation Learning},
    year={2021}
}


%gru4rec
@inproceedings{hidasi2015session,
  author    = {Bal{\'{a}}zs Hidasi and
               Alexandros Karatzoglou and
               Linas Baltrunas and
               Domonkos Tikk},
  title     = {Session-based Recommendations with Recurrent Neural Networks},
  booktitle = {4th International Conference on Learning Representations, {ICLR} 2016, Conference Track Proceedings},
  year      = {2016}
}

%gru4rec+
@inproceedings{tan2016improved,
  author    = {Yong Kiam Tan and
               Xinxing Xu and
               Yong Liu},
  title     = {Improved Recurrent Neural Networks for Session-based Recommendations},
  booktitle = {Proceedings of the 1st Workshop on Deep Learning for Recommender Systems,
               DLRS@RecSys 2016},
  pages     = {17--22},
  publisher = {{ACM}},
  year      = {2016},
}

%repeatnet
@inproceedings{ren2019repeatnet,
  author    = {Pengjie Ren and
               Zhumin Chen and
               Jing Li and
               Zhaochun Ren and
               Jun Ma and
               Maarten de Rijke},
  title     = {RepeatNet: {A} Repeat Aware Neural Recommendation Machine for Session-Based
               Recommendation},
  booktitle = {The Thirty-Third {AAAI} Conference on Artificial Intelligence, {AAAI}
               2019},
  pages     = {4806--4813},
  publisher = {{AAAI} Press},
  year      = {2019}
}

%vstan
@article{ludewig2021empirical,
  author    = {Malte Ludewig and
               Noemi Mauro and
               Sara Latifi and
               Dietmar Jannach},
  title     = {Empirical analysis of session-based recommendation algorithms},
  journal   = {User Modeling and User-Adapted Interaction},
  volume    = {31},
  number    = {1},
  pages     = {149--181},
  year      = {2021},
}

%vsknn
@incollection{ludewig2018effective,
  author    = {Malte Ludewig and
               Iman Kamehkhosh and
               Nick Landia and
               Dietmar Jannach},
  title     = {Effective Nearest-Neighbor Music Recommendations},
  booktitle = {Proceedings of the {ACM} Recommender Systems Challenge, RecSys Challenge
               2018},
  pages     = {3:1--3:6},
  publisher = {{ACM}},
  year      = {2018},
}

%sknn
@inproceedings{jannach2017recurrent,
  author    = {Dietmar Jannach and
               Malte Ludewig},
  title     = {When Recurrent Neural Networks meet the Neighborhood for Session-Based
               Recommendation},
  booktitle = {Proceedings of the Eleventh {ACM} Conference on Recommender Systems,
               RecSys 2017},
  pages     = {306--310},
  publisher = {{ACM}},
  year      = {2017}
}

%stan
@inproceedings{garg2019sequence,
  author    = {Diksha Garg and
               Priyanka Gupta and
               Pankaj Malhotra and
               Lovekesh Vig and
               Gautam Shroff},
  title     = {Sequence and Time Aware Neighborhood for Session-based Recommendations:
               {STAN}},
  booktitle = {Proceedings of the 42nd International {ACM} {SIGIR} Conference on
               Research and Development in Information Retrieval, {SIGIR} 2019},
  pages     = {1069--1072},
  publisher = {{ACM}},
  year      = {2019},
}

%trans4rec 
@inproceedings{de2021transformers4rec,
  author    = {Gabriel de Souza Pereira Moreira and
               Sara Rabhi and
               Jeong Min Lee and
               Ronay Ak and
               Even Oldridge},
  title     = {Transformers4Rec: Bridging the Gap between {NLP} and Sequential /
               Session-Based Recommendation},
  booktitle = {RecSys '21: Fifteenth {ACM} Conference on Recommender Systems},
  pages     = {143--153},
  publisher = {{ACM}},
  year      = {2021}
}

%sasrec
@inproceedings{kang2018self,
  author    = {Wang{-}Cheng Kang and
               Julian J. McAuley},
  title     = {Self-Attentive Sequential Recommendation},
  booktitle = {{IEEE} International Conference on Data Mining, {ICDM} 2018},
  pages     = {197--206},
  publisher = {{IEEE} Computer Society},
  year      = {2018},
}

%bert4rec
@inproceedings{sun2019bert4rec,
  author    = {Fei Sun and
               Jun Liu and
               Jian Wu and
               Changhua Pei and
               Xiao Lin and
               Wenwu Ou and
               Peng Jiang},
  title     = {BERT4Rec: Sequential Recommendation with Bidirectional Encoder Representations
               from Transformer},
  booktitle = {Proceedings of the 28th {ACM} International Conference on Information
               and Knowledge Management, {CIKM} 2019},
  pages     = {1441--1450},
  publisher = {{ACM}},
  year      = {2019},
}

%stamp
@inproceedings{liu2018stamp,
  author    = {Qiao Liu and
               Yifu Zeng and
               Refuoe Mokhosi and
               Haibin Zhang},
  title     = {{STAMP:} Short-Term Attention/Memory Priority Model for Session-based
               Recommendation},
  booktitle = {Proceedings of the 24th {ACM} {SIGKDD} International Conference on
               Knowledge Discovery {\&} Data Mining, {KDD} 2018},
  pages     = {1831--1839},
  publisher = {{ACM}},
  year      = {2018},
}

%narm
@inproceedings{li2017neural,
  author    = {Jing Li and
               Pengjie Ren and
               Zhumin Chen and
               Zhaochun Ren and
               Tao Lian and
               Jun Ma},
  title     = {Neural Attentive Session-based Recommendation},
  booktitle = {Proceedings of the 2017 {ACM} on Conference on Information and Knowledge
               Management, {CIKM} 2017},
  pages     = {1419--1428},
  publisher = {{ACM}},
  year      = {2017},
}

@article{wang2020knowledge,
  author    = {Baocheng Wang and
               Wentao Cai},
  title     = {Knowledge-Enhanced Graph Neural Networks for Sequential Recommendation},
  journal   = {Inf.},
  volume    = {11},
  number    = {8},
  pages     = {388},
  year      = {2020},
}

@inproceedings{amjadi2021katrec,
  author    = {Mehrnaz Amjadi and
               Seyed Danial Mohseni Taheri and
               Theja Tulabandhula},
  title     = {KATRec: Knowledge Aware aTtentive Sequential Recommendations},
  booktitle = {Discovery Science - 24th International Conference, {DS} 2021, Proceedings},
  series    = {Lecture Notes in Computer Science},
  volume    = {12986},
  pages     = {305--320},
  publisher = {Springer},
  year      = {2021},
}

@inproceedings{xu2019graph,
  author    = {Chengfeng Xu and
               Pengpeng Zhao and
               Yanchi Liu and
               Victor S. Sheng and
               Jiajie Xu and
               Fuzhen Zhuang and
               Junhua Fang and
               Xiaofang Zhou},
  title     = {Graph Contextualized Self-Attention Network for Session-based Recommendation},
  booktitle = {Proceedings of the Twenty-Eighth International Joint Conference on
               Artificial Intelligence, {IJCAI} 2019},
  pages     = {3940--3946},
  publisher = {ijcai.org},
  year      = {2019},
}

@article{pan2021dynamic,
  AUTHOR = {Pan, Zhiqiang and Chen, Wanyu and Chen, Honghui},
    TITLE = {Dynamic Graph Learning for Session-Based Recommendation},
    JOURNAL = {Mathematics},
    VOLUME = {9},
    YEAR = {2021},
    NUMBER = {12},
    ARTICLE-NUMBER = {1420},
    ISSN = {2227-7390},
}

@article{wang2021sequential,
  title={Sequential Recommendation through Graph Neural Networks and Transformer Encoder with Degree Encoding},
  author={Wang, Shuli and Li, Xuewen and Kou, Xiaomeng and Zhang, Jin and Zheng, Shaojie and Wang, Jinlong and Gong, Jibing},
  journal={Algorithms},
  volume={14},
  number={9},
  pages={263},
  year={2021},
  publisher={Multidisciplinary Digital Publishing Institute}
}

@article{saravanoumulti,
  title={MULTI-TASK LEARNING OF GRAPH-BASED INDUCTIVE REPRESENTATIONS OF MUSIC CONTENT},
  author={Saravanou, Antonia and Tomasi, Federico and Mehrotra, Rishabh and Lalmas, Mounia}
}

@article{wu2020comprehensive,
  title={A comprehensive survey on graph neural networks},
  author={Wu, Zonghan and Pan, Shirui and Chen, Fengwen and Long, Guodong and Zhang, Chengqi and Philip, S Yu},
  journal={IEEE transactions on neural networks and learning systems},
  volume={32},
  number={1},
  pages={4--24},
  year={2020},
  publisher={IEEE}
}

@inproceedings{grover2016node2vec,
  author    = {Aditya Grover and
               Jure Leskovec},
  title     = {node2vec: Scalable Feature Learning for Networks},
  booktitle = {Proceedings of the 22nd {ACM} {SIGKDD} International Conference on
               Knowledge Discovery and Data Mining 2016},
  pages     = {855--864},
  publisher = {{ACM}},
  year      = {2016},
}

@inproceedings{tang2015line,
  author    = {Jian Tang and
               Meng Qu and
               Mingzhe Wang and
               Ming Zhang and
               Jun Yan and
               Qiaozhu Mei},
  title     = {{LINE:} Large-scale Information Network Embedding},
  booktitle = {Proceedings of the 24th International Conference on World Wide Web,
               {WWW} 2015},
  pages     = {1067--1077},
  publisher = {{ACM}},
  year      = {2015},
}

@inproceedings{perozzi2014deepwalk,
  author    = {Bryan Perozzi and
               Rami Al{-}Rfou and
               Steven Skiena},
  title     = {DeepWalk: online learning of social representations},
  booktitle = {The 20th {ACM} {SIGKDD} International Conference on Knowledge Discovery
               and Data Mining, {KDD} '14},
  pages     = {701--710},
  publisher = {{ACM}},
  year      = {2014},
}

@inproceedings{he2020lightgcn,
  author    = {Xiangnan He and
               Kuan Deng and
               Xiang Wang and
               Yan Li and
               Yong{-}Dong Zhang and
               Meng Wang},
  editor    = {Jimmy Huang and
               Yi Chang and
               Xueqi Cheng and
               Jaap Kamps and
               Vanessa Murdock and
               Ji{-}Rong Wen and
               Yiqun Liu},
  title     = {LightGCN: Simplifying and Powering Graph Convolution Network for Recommendation},
  booktitle = {Proceedings of the 43rd International {ACM} {SIGIR} conference on
               research and development in Information Retrieval, {SIGIR} 2020, Virtual
               Event, China, July 25-30, 2020},
  pages     = {639--648},
  publisher = {{ACM}},
  year      = {2020}
}

@inproceedings{tang2018caser,
  author    = {Jiaxi Tang and
               Ke Wang},
  editor    = {Yi Chang and
               Chengxiang Zhai and
               Yan Liu and
               Yoelle Maarek},
  title     = {Personalized Top-N Sequential Recommendation via Convolutional Sequence
               Embedding},
  booktitle = {Proceedings of the Eleventh {ACM} International Conference on Web
               Search and Data Mining, {WSDM} 2018, Marina Del Rey, CA, USA, February
               5-9, 2018},
  pages     = {565--573},
  publisher = {{ACM}},
  year      = {2018}
}

@inproceedings{kipf2016semi,
  author    = {Thomas N. Kipf and
               Max Welling},
  title     = {Semi-Supervised Classification with Graph Convolutional Networks},
  booktitle = {5th International Conference on Learning Representations, {ICLR} 2017, Conference Track Proceedings},
  year      = {2017}
}

@inproceedings{velickovic2018graph,
  author    = {Petar Velickovic and
               Guillem Cucurull and
               Arantxa Casanova and
               Adriana Romero and
               Pietro Li{\`{o}} and
               Yoshua Bengio},
  title     = {Graph Attention Networks},
  booktitle = {6th International Conference on Learning Representations, {ICLR} 2018, Conference Track Proceedings},
  publisher = {OpenReview.net},
  year      = {2018},
}

@inproceedings{hamilton2017inductive,
  author    = {William L. Hamilton and
               Zhitao Ying and
               Jure Leskovec},
  title     = {Inductive Representation Learning on Large Graphs},
  booktitle = {Advances in Neural Information Processing Systems 30: Annual Conference
               on Neural Information Processing Systems 2017},
  pages     = {1024--1034},
  year      = {2017},
}

@inproceedings{velickovic2019deep,
  author    = {Petar Velickovic and
               William Fedus and
               William L. Hamilton and
               Pietro Li{\`{o}} and
               Yoshua Bengio and
               R. Devon Hjelm},
  title     = {Deep Graph Infomax},
  booktitle = {7th International Conference on Learning Representations, {ICLR} 2019},
  publisher = {OpenReview.net},
  year      = {2019},
}

@inproceedings{hassani2020contrastive,
  author    = {Kaveh Hassani and
               Amir Hosein Khas Ahmadi},
  title     = {Contrastive Multi-View Representation Learning on Graphs},
  booktitle = {Proceedings of the 37th International Conference on Machine Learning,
               {ICML} 2020},
  series    = {Proceedings of Machine Learning Research},
  volume    = {119},
  pages     = {4116--4126},
  publisher = {{PMLR}},
  year      = {2020},
}

@inproceedings{recbole,
  author    = {Wayne Xin Zhao and
               Shanlei Mu and
               Yupeng Hou and
               Zihan Lin and
               Yushuo Chen and
               Xingyu Pan and
               Kaiyuan Li and
               Yujie Lu and
               Hui Wang and
               Changxin Tian and
               Yingqian Min and
               Zhichao Feng and
               Xinyan Fan and
               Xu Chen and
               Pengfei Wang and
               Wendi Ji and
               Yaliang Li and
               Xiaoling Wang and
               Ji{-}Rong Wen},
  title     = {RecBole: Towards a Unified, Comprehensive and Efficient Framework
               for Recommendation Algorithms},
  booktitle = {{CIKM} '21: The 30th {ACM} International Conference on Information
               and Knowledge Management},
  pages     = {4653--4664},
  publisher = {{ACM}},
  year      = {2021}
}

@inproceedings{hidasi2016parallel,
  author    = {Bal{\'{a}}zs Hidasi and
               Massimo Quadrana and
               Alexandros Karatzoglou and
               Domonkos Tikk},
  title     = {Parallel Recurrent Neural Network Architectures for Feature-rich Session-based
               Recommendations},
  booktitle = {Proceedings of the 10th {ACM} Conference on Recommender Systems 2016},
  pages     = {241--248},
  publisher = {{ACM}},
  year      = {2016},
}

@inproceedings{morris2019weisfeiler,
  title={Weisfeiler and leman go neural: Higher-order graph neural networks},
  author={Morris, Christopher and Ritzert, Martin and Fey, Matthias and Hamilton, William L and Lenssen, Jan Eric and Rattan, Gaurav and Grohe, Martin},
  booktitle={Proceedings of the AAAI Conference on Artificial Intelligence},
  volume={33},
  number={01},
  pages={4602--4609},
  year={2019}
}

@inproceedings{he2015delving,
  author    = {Kaiming He and
               Xiangyu Zhang and
               Shaoqing Ren and
               Jian Sun},
  title     = {Delving Deep into Rectifiers: Surpassing Human-Level Performance on
               ImageNet Classification},
  booktitle = {2015 {IEEE} International Conference on Computer Vision, {ICCV} 2015},
  pages     = {1026--1034},
  publisher = {{IEEE} Computer Society},
  year      = {2015}
}

@inproceedings{brost2019music,
  author    = {Brian Brost and
               Rishabh Mehrotra and
               Tristan Jehan},
  editor    = {Ling Liu and
               Ryen W. White and
               Amin Mantrach and
               Fabrizio Silvestri and
               Julian J. McAuley and
               Ricardo Baeza{-}Yates and
               Leila Zia},
  title     = {The Music Streaming Sessions Dataset},
  booktitle = {The World Wide Web Conference, {WWW} 2019, San Francisco, CA, USA,
               May 13-17, 2019},
  pages     = {2594--2600},
  publisher = {{ACM}},
  year      = {2019},
}

@inproceedings{glorot2010understanding,
  author    = {Xavier Glorot and
               Yoshua Bengio},
  title     = {Understanding the difficulty of training deep feedforward neural networks},
  booktitle = {Proceedings of the Thirteenth International Conference on Artificial
               Intelligence and Statistics, {AISTATS} 2010},
  series    = {{JMLR} Proceedings},
  volume    = {9},
  pages     = {249--256},
  publisher = {JMLR.org},
  year      = {2010},
}

%fdsa
@inproceedings{zhang2019feature,
  author    = {Tingting Zhang and
               Pengpeng Zhao and
               Yanchi Liu and
               Victor S. Sheng and
               Jiajie Xu and
               Deqing Wang and
               Guanfeng Liu and
               Xiaofang Zhou},
  title     = {Feature-level Deeper Self-Attention Network for Sequential Recommendation},
  booktitle = {Proceedings of the Twenty-Eighth International Joint Conference on
               Artificial Intelligence, {IJCAI} 2019},
  pages     = {4320--4326},
  publisher = {ijcai.org},
  year      = {2019},
}

@article{gwadabe2022ic,
  title={IC-GAR: item co-occurrence graph augmented session-based recommendation},
  author={Gwadabe, Tajuddeen Rabiu and Liu, Ying},
  journal={Neural Computing and Applications},
  pages={1--16},
  year={2022},
  publisher={Springer}
}

% International Conference on Learning Representations 2022? not published yet...
@article{brody2021attentive,
  author    = {Shaked Brody and
               Uri Alon and
               Eran Yahav},
  title     = {How Attentive are Graph Attention Networks?},
  journal   = {CoRR},
  volume    = {abs/2105.14491},
  year      = {2021},
  url       = {https://arxiv.org/abs/2105.14491},
  eprinttype = {arXiv},
  eprint    = {2105.14491}
}

@inproceedings{santana2020music4all,
  author    = {Igor Andr{\'{e}} Pegoraro Santana and
               Fabio Pinhelli and
               Juliano Donini and
               Leonardo Gabiato Catharin and
               Rafael Biazus Mangolin and
               Yandre Maldonado e Gomes da Costa and
               Val{\'{e}}ria Delisandra Feltrim and
               Marcos Aur{\'{e}}lio Domingues},
  title     = {Music4All: {A} New Music Database and Its Applications},
  booktitle = {2020 International Conference on Systems, Signals and Image Processing,
               {IWSSIP} 2020},
  pages     = {399--404},
  publisher = {{IEEE}},
  year      = {2020},
}

@inproceedings{loshchilov2017decoupled,
  author    = {Ilya Loshchilov and
               Frank Hutter},
  title     = {Decoupled Weight Decay Regularization},
  booktitle = {7th International Conference on Learning Representations, {ICLR} 2019},
  year      = {2019}
}

@inproceedings{kingma2014adam,
  author    = {Diederik P. Kingma and
               Jimmy Ba},
  title     = {Adam: {A} Method for Stochastic Optimization},
  booktitle = {3rd International Conference on Learning Representations, {ICLR} 2015, Conference Track Proceedings},
  year      = {2015}
}

@inproceedings{eghbal2015vectors,
  author    = {Hamid Eghbal{-}zadeh and
               Bernhard Lehner and
               Markus Schedl and
               Gerhard Widmer},
  title     = {I-Vectors for Timbre-Based Music Similarity and Music Artist Classification},
  booktitle = {Proceedings of the 16th International Society for Music Information
               Retrieval Conference, {ISMIR} 2015},
  pages     = {554--560},
  year      = {2015},
}
  
  
%i-vectors
@article{dehak2010front,
  title={Front-end factor analysis for speaker verification},
  author={Dehak, Najim and Kenny, Patrick J and Dehak, R{\'e}da and Dumouchel, Pierre and Ouellet, Pierre},
  journal={IEEE Transactions on Audio, Speech, and Language Processing},
  volume={19},
  number={4},
  pages={788--798},
  year={2010},
  publisher={IEEE}
}

% Kaldi
@inproceedings{povey2011kaldi,
  author = {Povey, Daniel and Ghoshal, Arnab and Boulianne, Gilles and Burget, Lukas and Glembek, Ondrej and Goel, Nagendra and Hannemann, Mirko and Motlicek, Petr and Qian, Yanmin and Schwarz, Petr and Silovsky, Jan and Stemmer, Georg and Vesely, Karel},
  month = dec,
  title = {The Kaldi Speech Recognition Toolkit},
booktitle = {IEEE 2011 Workshop on Automatic Speech Recognition and Understanding},
   year = {2011},
publisher = {IEEE Signal Processing Society},
}
