@inproceedings{amjadi2021katrec,
  author    = {Mehrnaz Amjadi and
               Seyed Danial Mohseni Taheri and
               Theja Tulabandhula},
  title     = {KATRec: Knowledge Aware aTtentive Sequential Recommendations},
  booktitle = {Discovery Science - 24th International Conference, {DS} 2021, Proceedings},
  series    = {Lecture Notes in Computer Science},
  volume    = {12986},
  pages     = {305--320},
  publisher = {Springer},
  year      = {2021},
}

@inproceedings{de2021transformers4rec,
  author    = {Gabriel de Souza Pereira Moreira and
               Sara Rabhi and
               Jeong Min Lee and
               Ronay Ak and
               Even Oldridge},
  title     = {Transformers4Rec: Bridging the Gap between {NLP} and Sequential /
               Session-Based Recommendation},
  booktitle = {RecSys '21: Fifteenth {ACM} Conference on Recommender Systems},
  pages     = {143--153},
  publisher = {{ACM}},
  year      = {2021}
}

@inproceedings{garg2019sequence,
  author    = {Diksha Garg and
               Priyanka Gupta and
               Pankaj Malhotra and
               Lovekesh Vig and
               Gautam Shroff},
  title     = {Sequence and Time Aware Neighborhood for Session-based Recommendations:
               {STAN}},
  booktitle = {Proceedings of the 42nd International {ACM} {SIGIR} Conference on
               Research and Development in Information Retrieval, {SIGIR} 2019},
  pages     = {1069--1072},
  publisher = {{ACM}},
  year      = {2019},
}

@inproceedings{grover2016node2vec,
  author    = {Aditya Grover and
               Jure Leskovec},
  title     = {node2vec: Scalable Feature Learning for Networks},
  booktitle = {Proceedings of the 22nd {ACM} {SIGKDD} International Conference on
               Knowledge Discovery and Data Mining 2016},
  pages     = {855--864},
  publisher = {{ACM}},
  year      = {2016},
}

@article{gwadabe2022ic,
  title={IC-GAR: item co-occurrence graph augmented session-based recommendation},
  author={Gwadabe, Tajuddeen Rabiu and Liu, Ying},
  journal={Neural Computing and Applications},
  pages={1--16},
  year={2022},
  publisher={Springer}
}

@inproceedings{hamilton2017inductive,
  author    = {William L. Hamilton and
               Zhitao Ying and
               Jure Leskovec},
  title     = {Inductive Representation Learning on Large Graphs},
  booktitle = {Advances in Neural Information Processing Systems 30: Annual Conference
               on Neural Information Processing Systems 2017},
  pages     = {1024--1034},
  year      = {2017},
}

@inproceedings{hassani2020contrastive,
  author    = {Kaveh Hassani and
               Amir Hosein Khas Ahmadi},
  title     = {Contrastive Multi-View Representation Learning on Graphs},
  booktitle = {Proceedings of the 37th International Conference on Machine Learning,
               {ICML} 2020},
  series    = {Proceedings of Machine Learning Research},
  volume    = {119},
  pages     = {4116--4126},
  publisher = {{PMLR}},
  year      = {2020},
}

@inproceedings{hidasi2016parallel,
  author    = {Bal{\'{a}}zs Hidasi and
               Massimo Quadrana and
               Alexandros Karatzoglou and
               Domonkos Tikk},
  title     = {Parallel Recurrent Neural Network Architectures for Feature-rich Session-based
               Recommendations},
  booktitle = {Proceedings of the 10th {ACM} Conference on Recommender Systems 2016},
  pages     = {241--248},
  publisher = {{ACM}},
  year      = {2016},
}

@inproceedings{jannach2017recurrent,
  author    = {Dietmar Jannach and
               Malte Ludewig},
  title     = {When Recurrent Neural Networks meet the Neighborhood for Session-Based
               Recommendation},
  booktitle = {Proceedings of the Eleventh {ACM} Conference on Recommender Systems,
               RecSys 2017},
  pages     = {306--310},
  publisher = {{ACM}},
  year      = {2017}
}

@inproceedings{kang2018self,
  author    = {Wang{-}Cheng Kang and
               Julian J. McAuley},
  title     = {Self-Attentive Sequential Recommendation},
  booktitle = {{IEEE} International Conference on Data Mining, {ICDM} 2018},
  pages     = {197--206},
  publisher = {{IEEE} Computer Society},
  year      = {2018},
}

@inproceedings{kipf2016semi,
  author    = {Thomas N. Kipf and
               Max Welling},
  title     = {Semi-Supervised Classification with Graph Convolutional Networks},
  booktitle = {5th International Conference on Learning Representations, {ICLR} 2017, Conference Track Proceedings},
  year      = {2017}
}

@inproceedings{li2017neural,
  author    = {Jing Li and
               Pengjie Ren and
               Zhumin Chen and
               Zhaochun Ren and
               Tao Lian and
               Jun Ma},
  title     = {Neural Attentive Session-based Recommendation},
  booktitle = {Proceedings of the 2017 {ACM} on Conference on Information and Knowledge
               Management, {CIKM} 2017},
  pages     = {1419--1428},
  publisher = {{ACM}},
  year      = {2017},
}

@inproceedings{liu2018stamp,
  author    = {Qiao Liu and
               Yifu Zeng and
               Refuoe Mokhosi and
               Haibin Zhang},
  title     = {{STAMP:} Short-Term Attention/Memory Priority Model for Session-based
               Recommendation},
  booktitle = {Proceedings of the 24th {ACM} {SIGKDD} International Conference on
               Knowledge Discovery {\&} Data Mining, {KDD} 2018},
  pages     = {1831--1839},
  publisher = {{ACM}},
  year      = {2018},
}

@incollection{ludewig2018effective,
  author    = {Malte Ludewig and
               Iman Kamehkhosh and
               Nick Landia and
               Dietmar Jannach},
  title     = {Effective Nearest-Neighbor Music Recommendations},
  booktitle = {Proceedings of the {ACM} Recommender Systems Challenge, RecSys Challenge
               2018},
  pages     = {3:1--3:6},
  publisher = {{ACM}},
  year      = {2018},
}

@article{ludewig2021empirical,
  author    = {Malte Ludewig and
               Noemi Mauro and
               Sara Latifi and
               Dietmar Jannach},
  title     = {Empirical analysis of session-based recommendation algorithms},
  journal   = {User Modeling and User-Adapted Interaction},
  volume    = {31},
  number    = {1},
  pages     = {149--181},
  year      = {2021},
}

@inproceedings{multimodal2022liu,
  author    = {Zhuang Liu and
               Yunpu Ma and
               Matthias Schubert and
               Yuanxin Ouyang and
               Zhang Xiong},
  title     = {Multi-Modal Contrastive Pre-training for Recommendation},
  booktitle = {{ICMR} '22: International Conference on Multimedia Retrieval},
  pages     = {99--108},
  publisher = {{ACM}},
  year      = {2022}
}

@inproceedings{perozzi2014deepwalk,
  author    = {Bryan Perozzi and
               Rami Al{-}Rfou and
               Steven Skiena},
  title     = {DeepWalk: online learning of social representations},
  booktitle = {The 20th {ACM} {SIGKDD} International Conference on Knowledge Discovery
               and Data Mining, {KDD} '14},
  pages     = {701--710},
  publisher = {{ACM}},
  year      = {2014},
}

@article{pretrain2021meng,
  author    = {Zaiqiao Meng and
               Siwei Liu and
               Craig Macdonald and
               Iadh Ounis},
  title     = {Graph Neural Pre-training for Enhancing Recommendations using Side
               Information},
  journal   = {CoRR},
  volume    = {abs/2107.03936},
  year      = {2021},
}

@inproceedings{tan2016improved,
  author    = {Yong Kiam Tan and
               Xinxing Xu and
               Yong Liu},
  title     = {Improved Recurrent Neural Networks for Session-based Recommendations}

@inproceedings{tang2015line,
  author    = {Jian Tang and
               Meng Qu and
               Mingzhe Wang and
               Ming Zhang and
               Jun Yan and
               Qiaozhu Mei},
  title     = {{LINE:} Large-scale Information Network Embedding},
  booktitle = {Proceedings of the 24th International Conference on World Wide Web,
               {WWW} 2015},
  pages     = {1067--1077},
  publisher = {{ACM}},
  year      = {2015},
}

@inproceedings{thakoor2021bootstrapped,
    title={Bootstrapped Representation Learning on Graphs},
    author={Shantanu Thakoor and Corentin Tallec and Mohammad Gheshlaghi Azar and Remi Munos and Petar Veli{\v{c}}kovi{\'c} and Michal Valko},
    booktitle={ICLR 2021 Workshop on Geometrical and Topological Representation Learning},
    year={2021}
}

@inproceedings{velickovic2018graph,
  author    = {Petar Velickovic and
               Guillem Cucurull and
               Arantxa Casanova and
               Adriana Romero and
               Pietro Li{\`{o}} and
               Yoshua Bengio},
  title     = {Graph Attention Networks},
  booktitle = {6th International Conference on Learning Representations, {ICLR} 2018, Conference Track Proceedings},
  publisher = {OpenReview.net},
  year      = {2018},
}

@inproceedings{velickovic2019deep,
  author    = {Petar Velickovic and
               William Fedus and
               William L. Hamilton and
               Pietro Li{\`{o}} and
               Yoshua Bengio and
               R. Devon Hjelm},
  title     = {Deep Graph Infomax},
  booktitle = {7th International Conference on Learning Representations, {ICLR} 2019},
  publisher = {OpenReview.net},
  year      = {2019},
}

@article{wang2020knowledge,
  author    = {Baocheng Wang and
               Wentao Cai},
  title     = {Knowledge-Enhanced Graph Neural Networks for Sequential Recommendation},
  journal   = {Inf.},
  volume    = {11},
  number    = {8},
  pages     = {388},
  year      = {2020},
}

@inproceedings{wu2019session,
  author={Wu, Shu and Tang, Yuyuan and Zhu, Yanqiao and Wang, Liang and Xie, Xing and Tan, Tieniu},
  title={Session-Based Recommendation with Graph Neural Networks}, volume={33},
  number={01},
  journal={Proceedings of the AAAI Conference on Artificial Intelligence}, 
  year={2019}, 
  month={Jul.}, 
  pages={346-353} 
 }

@inproceedings{xu2019graph,
  author    = {Chengfeng Xu and
               Pengpeng Zhao and
               Yanchi Liu and
               Victor S. Sheng and
               Jiajie Xu and
               Fuzhen Zhuang and
               Junhua Fang and
               Xiaofang Zhou},
  title     = {Graph Contextualized Self-Attention Network for Session-based Recommendation},
  booktitle = {Proceedings of the Twenty-Eighth International Joint Conference on
               Artificial Intelligence, {IJCAI} 2019},
  pages     = {3940--3946},
  publisher = {ijcai.org},
  year      = {2019},
}

@inproceedings{zhang2019feature,
  author    = {Tingting Zhang and
               Pengpeng Zhao and
               Yanchi Liu and
               Victor S. Sheng and
               Jiajie Xu and
               Deqing Wang and
               Guanfeng Liu and
               Xiaofang Zhou},
  title     = {Feature-level Deeper Self-Attention Network for Sequential Recommendation},
  booktitle = {Proceedings of the Twenty-Eighth International Joint Conference on
               Artificial Intelligence, {IJCAI} 2019},
  pages     = {4320--4326},
  publisher = {ijcai.org},
  year      = {2019},
}

