@article{ER60,
  author = {Erdos, P. and Renyi, A.},
  journal = {Publ. Math. Inst. Hung. Acad. Sci.},
  title = {On the evolution of random graphs},
  volume = 7,
  year = 1960
}

@article{JianTE24,
  author       = {Jian, X. and
                  Tay, W. P. and
                  Eldar, Y. C.},
  title        = {Kernel Based Reconstruction for Generalized Graph Signal Processing},
  journal      = {{IEEE} Trans. Signal Process.},
  volume       = {72},
  pages        = {2308--2322},
  year         = {2024},
}

@article{ChenCZ24,
  author={Chen, F. and Cheung, G. and Zhang, X.},
  journal={IEEE Transactions on Signal Processing}, 
  title={Manifold Graph Signal Restoration Using Gradient Graph {L}aplacian Regularizer}, 
  year={2024},
  volume={72},
  number={},
  pages={744-761},
  }

@ARTICLE{WangCYLF23,
  author={Wang et al., F.},
  journal={IEEE Transactions on Signal Processing}, 
  title={Fast {MSE}-Based Sampling of Bandlimited Graph Signals via Low-Pass Impulse Responses}, 
  year={2023},
  volume={71},
  number={},
  pages={4207-4223},
}

@article{ZouCZLZWL24,
  author={Zou et al., X.},
  journal={IEEE Transactions on Emerging Topics in Computational Intelligence}, 
  title={Efficient Message Passing Algorithm and Architecture Co-Design for Graph Neural Networks}, 
  year={2024},
  volume={},
  number={},
  pages={1-15},
 }

@article{ZonghanPCLZY21,
  author = {Wu et al., Z.},
  journal = {IEEE Transactions on Neural Networks and Learning Systems},
  number = 1,
  pages = {4-24},
  title = {A Comprehensive Survey on Graph Neural Networks},
  volume = 32,
  year = 2021
}

@article{LorenzoBBS16,
  author    = {Di Lorenzo, P. and
               Barbarossa, S. and
               Banelli, P. and
               Sardellitti, S.},
  title     = {Adaptive Least Mean Squares Estimation of Graph Signals},
  journal   = {{IEEE} Trans. Signal Inf. Process. over Networks},
  volume    = {2},
  number    = {4},
  pages     = {555--568},
  year      = {2016},
}

@article{LorenzoBIBL18,
  author    = {Di Lorenzo, P. and
               Banelli, P. and
               Isufi, E. and
               Barbarossa, S. and
               Leus, G.},
  title     = {Adaptive Graph Signal Processing: Algorithms and Optimal Sampling Strategies},
  journal   = {{IEEE} Trans. Signal Process.},
  volume    = {66},
  number    = {13},
  pages     = {3584--3598},
  year      = {2018},
  }

@inproceedings{SindhwaniR08,
  author       = {Sindhwani, V. and
                  Rosenberg, D. S.},
  title        = {An {RKHS} for multi-view learning and manifold co-regularization},
  booktitle    = {Proc. International Conference Machine Learning},
  volume       = {307},
  pages        = {976--983},
  year         = {2008},
 }

@inproceedings{ThanouF15,
  author       = {Thanou, D. and
                  Pascal, P.},
  title        = {Multi-graph learning of spectral graph dictionaries},
  booktitle    = {2015 {IEEE} International Conference on Acoustics, Speech and Signal
                  Processing},
  pages        = {3397--3401},
  publisher    = {{IEEE}},
  year         = {2015},
  }
  

@article{ZhangZ2020,
  author       = {Zhang, X. and
                  Zitnik, M.},
  title        = {{GNN}{G}uard: Defending Graph Neural Networks against Adversarial Attacks},
  booktitle    = {Neural Inf. Proc. Sys.},
  year         = {2020},
  }


@article{YangYYH21,
  author    = {Yang, G. and
               Yang, L. and
               Yang, Z. and
               Huang, C.},
  title     = {Efficient Node Selection Strategy for Sampling Bandlimited Signals on Graphs},
  journal   = {{IEEE} Trans. Signal Process.},
  volume    = {69},
  pages     = {5815--5829},
  year      = {2021},
}

@inproceedings{ZhaoA20,
  author       = {Zhao, L. and
                  Akoglu, L.},
  title        = {PairNorm: Tackling Oversmoothing in {GNN}s},
  booktitle    = {8th International Conference on Learning Representations},
  year         = {2020},
  }

@article{ChamonR18,
  author    = {Chamon, L. F. O. and
               Ribeiro, A.},
  title     = {Greedy Sampling of Graph Signals},
  journal   = {{IEEE} Trans. Signal Process.},
  volume    = {66},
  number    = {1},
  pages     = {34--47},
  year      = {2018},
}


@inproceedings{VelickovicCCRLB18,
  author       = {Velickovic et al., P.},
  title        = {Graph Attention Networks},
  booktitle    = {6th International Conference on Learning Representations},
  year         = {2018},
}

@inproceedings{Brody0Y22,
  author       = {Brody, S. and
                  Alon, U. and
                  Yahav, E.},
  title        = {How Attentive are Graph Attention Networks?},
  booktitle    = {10th International Conference on Learning Representations},
  year         = {2022},
}

@inproceedings{ChenLZRLZS21,
  author       = {Chen et al., D.},
  title        = {Topology-Imbalance Learning for Semi-Supervised Node Classification},
  booktitle    = {Neural Information Processing Systems},
  pages        = {29885--29897},
  year         = {2021},
}

@INPROCEEDINGS{TurhanV21,
  author={Turhan, G. and Vural, E.},
  booktitle={IEEE Int. Work. Mach. Learning Sig. Proc.}, 
  title={Estimating Partially Observed Graph Signals by Learning Spectrally Concentrated Graph Kernels}, 
  year={2021},
}

@article{BoydPCPE11,
  author={Boyd, S. and Parikh, N. and Chu, E. and Peleato, B. and Eckstein, J.},
  title={Distributed Optimization and Statistical Learning via the Alternating Direction Method of Multipliers},
  year={2011},
  journal={Foundations and Trends in Machine Learning},
  volume={},
  number={},
  pages={},
  doi={}}

@inproceedings{thanou2015multi,
	title={Multi-graph learning of spectral graph dictionaries},
	author={Thanou, D. and Frossard, P.},
	booktitle={IEEE Int. Conf. Acoustics, Speech and Signal Proc.},
	pages={3397--3401},
	year={2015},
}

@article{JungHMJHE19,
  author    = {A. Jung et al.},
  title     = {Semi-Supervised Learning in Network-Structured Data via Total Variation
               Minimization},
  journal   = {{IEEE} Trans. Signal Process.},
  volume    = {67},
  number    = {24},
  pages     = {6256--6269},
  year      = {2019},
  }

@misc{COVID-cases,
  title = {COVID-19 coronavirus pandemic data},
  url = {https://www.worldometers.info/coronavirus/}
}

@article {NOAA-dataset,
      author = "Arguez et al., A.",
      title = "{NOAA}'s 1981-2010 {U.S.} Climate Normals: An Overview",
      journal = "Bulletin of the American Meteorological Society",
      year = "2012",
      address = "Boston MA, USA",
      volume = "93",
      number = "11",
      pages=      "1687 - 1697",
     }

@misc{COVID-flights,
title = {Eurostat: An official website of the European Union},
url = {https://ec.europa.eu/eurostat}
}

@INPROCEEDINGS{Girault-Stationarity,
author={B. {Girault}},
booktitle={23rd European Signal Processing Conference},
title={Stationary graph signals using an isometric graph translation},
year={2015},
volume={},
number={},
pages={1516-1520},
}

@article{blum2001learning,
	title={Learning from labeled and unlabeled data using graph mincuts},
	author={Blum, A. and Chawla, S.},
	year={2001},
	publisher={Carnegie Mellon University}
}
@article{hammond2011wavelets,
	title={Wavelets on graphs via spectral graph theory},
	author={Hammond, D. K. and Vandergheynst, P. and Gribonval, R.},
	journal={Applied and Comp. Harm. Analysis},
	volume={30},
	number={2},
	pages={129--150},
	year={2011},
	publisher={Elsevier} 
}
@phdthesis{zhu2005semi_graphs,
	title={Semi-supervised learning with graphs},
	author={Zhu, X. and Lafferty, J. and Rosenfeld, R.},
	year={2005},
	school={Carnegie Mellon University, language technologies institute, school of~â€¦}
}
@inproceedings{blum2004semi,
	title={Semi-supervised learning using randomized mincuts},
	author={Blum, A. and Lafferty, J. and Rwebangira, M. R. and Reddy, R.},
	booktitle={Proceedings of the twenty-first international conference on Machine learning},
	pages={13},
	year={2004}
}
@article{zhu2002towards,
	title={Towards semi-supervised classification with Markov random fields},
	author={Zhu, X. and Ghahramani, Z.},
	year={2002},
	publisher={Citeseer}
}
@inproceedings{zhu2003semi,
	title={Semi-supervised learning using gaussian fields and harmonic functions},
	author={Zhu, X. and Ghahramani, Z. and Lafferty, J. D.},
	booktitle={Proc. 20th {ICML}},
	pages={912--919},
	year={2003}
}
@article{zhou2004learning,
	title={Learning with local and global consistency},
	author={Zhou, D. and Bousquet, O. and Lal, T. N. and Weston, J. and Sch{\"o}lkopf, B.},
	journal={Adv. Neural Inf. Proc. Sys.},
	volume={16},
	number={16},
	pages={321--328},
	year={2004}
}
@inproceedings{belkin2005manifold,
	title={On Manifold Regularization.},
	author={Belkin, M. and Niyogi, P. and Sindhwani, V.},
	booktitle={AISTATS},
	volume={1},
	year={2005}
}
@inproceedings{thanou2015multi,
	title={Multi-graph learning of spectral graph dictionaries},
	author={Thanou, D. and Frossard, P.},
	booktitle={IEEE Int. Conf. Acoustics, Speech and Signal Proc.},
	pages={3397--3401},
	year={2015},
}
@inproceedings{thanou2013parametric,
	title={Parametric dictionary learning for graph signals},
	author={Thanou, D. and Shuman, D. I. and Frossard, P.},
	booktitle={IEEE Global Conf. Signal Information Proc.},
	pages={487--490},
	year={2013},
}
@article{thanou2014learning,
	title={Learning parametric dictionaries for signals on graphs},
	author={Thanou, D. and Shuman, D. I and Frossard, P.},
	journal={IEEE Transactions on Signal Processing},
	volume={62},
	number={15},
	pages={3849--3862},
	year={2014},
	publisher={IEEE}
}
@inproceedings{maretic2017graph,
	title={Graph learning under sparsity priors},
	author={Maretic, H. P. and Thanou, D. and Frossard, P.},
	booktitle={2017 IEEE International Conference on Acoustics, Speech and Signal Processing (ICASSP)},
	pages={6523--6527},
	year={2017},
	organization={Ieee}
}
@inproceedings{zhang2012learning,
	title={Learning of structured graph dictionaries},
	author={Zhang, X. and Dong, X. and Frossard, P.},
	booktitle={IEEE Int. Conf. Acoustics, Speech and Signal Proc.},
	pages={3373--3376},
	year={2012},
}
@article{tibshirani1996regression,
	title={Regression shrinkage and selection via the lasso},
	author={Tibshirani, R.},
	journal={Journal of the Royal Statistical Society: Series B (Methodological)},
	volume={58},
	number={1},
	pages={267--288},
	year={1996},
	publisher={Wiley Online Library}
}
@article{davis1997adaptive,
	title={Adaptive greedy approximations},
	author={Davis, G. and Mallat, S. and Avellaneda, M.},
	journal={Constructive approximation},
	volume={13},
	number={1},
	pages={57--98},
	year={1997},
	publisher={Springer}
}
@article{ruder2016overview,
	title={An overview of gradient descent optimization algorithms},
	author={Ruder, S.},
	journal={arXiv preprint arXiv:1609.04747},
	year={2016}
}
@article{tolle1995sequential,
	title={Sequential quadratic programming},
	author={Tolle, J. W.},
	journal={Acta Numerica 1995: Volume 4},
	volume={4},
	pages={1--51},
	year={1995},
	publisher={Cambridge University Press}
}
@article{shuman2013emerging,
	title={The emerging field of signal processing on graphs: Extending high-dimensional data analysis to networks and other irregular domains},
	author={Shuman et al., D. I.},
	journal={IEEE Signal Processing Magazine},
	volume={30},
	number={3},
	pages={83--98},
	year={2013},
	publisher={IEEE}
}

@article{OrtegaGSPOverview,
title={Graph Signal Processing: Overview, Challenges, and Applications},
author={Ortega, A. and Frossard, P. and Kovacevic, J. and Moura, J. M. F and Vandergheynst, P.},
journal={Proceedings of the IEEE},
year={2018},
volume={106},
number={5},
pages={808-828},
month={May}
}

@article{ER60,
  author = {Erdos, P. and Renyi, A.},
  journal = {Publ. Math. Inst. Hung. Acad. Sci.},
  title = {On the evolution of random graphs},
  volume = 7,
  year = 1960
}

@article{BoydPCPE11,
  author={Boyd, S. and Parikh, N. and Chu, E. and Peleato, B. and Eckstein, J.},
  title={Distributed Optimization and Statistical Learning via the Alternating Direction Method of Multipliers},
  year={2011},
  journal={Foundations and Trends in Machine Learning},
  volume={},
  number={},
  pages={},
  doi={}}

@inproceedings{thanou2015multi,
	title={Multi-graph learning of spectral graph dictionaries},
	author={Thanou, D. and Frossard, P.},
	booktitle={IEEE Int. Conf. Acoustics, Speech and Signal Proc.},
	pages={3397--3401},
	year={2015},
}

@article{JungHMJHE19,
  author={Jung, Alexander and Hero, III, Alfred O. and Mara, Alexandru Cristian and Jahromi, Saeed and Heimowitz, Ayelet and Eldar, Yonina C.},
  title     = {Semi-Supervised Learning in Network-Structured Data via Total Variation
               Minimization},
  journal   = {{IEEE} Trans. Signal Process.},
  volume    = {67},
  number    = {24},
  pages     = {6256--6269},
  year      = {2019},
  }

@INPROCEEDINGS{Girault-Stationarity,
author={B. {Girault}},
booktitle={2015 23rd European Signal Processing Conference (EUSIPCO)},
title={Stationary graph signals using an isometric graph translation},
year={2015},
volume={},
number={},
pages={1516-1520},
keywords={graph theory;signal processing;stationary temporal signals;strict sense stationary;wide sense stationary graph signals;statistical invariance;isometric graph translation operator;spectral characterisation;WSS graph signals;stationarity;spectral components;synthetic graph;stochastic graph signals;geographic data;weather readings;weather stations;temperature readings;Signal processing;Fourier transforms;Correlation;Symmetric matrices;Eigenvalues and eigenfunctions;Europe;Meteorology;Signal processing on graphs;stationary signals},
doi={10.1109/EUSIPCO.2015.7362637},
ISSN={2076-1465},
month={Aug},}

@article{blum2001learning,
	title={Learning from labeled and unlabeled data using graph mincuts},
	author={Blum, A. and Chawla, S.},
	year={2001},
	publisher={Carnegie Mellon University}
}
@article{hammond2011wavelets,
	title={Wavelets on graphs via spectral graph theory},
	author={Hammond, D. K. and Vandergheynst, P. and Gribonval, R.},
	journal={Applied and Comp. Harm. Analysis},
	volume={30},
	number={2},
	pages={129--150},
	year={2011},
	publisher={Elsevier} 
}
@phdthesis{zhu2005semi_graphs,
	title={Semi-supervised learning with graphs},
	author={Zhu, X. and Lafferty, J. and Rosenfeld, R.},
	year={2005},
	school={Carnegie Mellon University, language technologies institute, school of~Ã¢Â€Â¦}
}
@inproceedings{blum2004semi,
	title={Semi-supervised learning using randomized mincuts},
	author={Blum, A. and Lafferty, J. and Rwebangira, M. R. and Reddy, R.},
	booktitle={Proceedings of the twenty-first international conference on Machine learning},
	pages={13},
	year={2004}
}
@article{zhu2002towards,
	title={Towards semi-supervised classification with Markov random fields},
	author={Zhu, X. and Ghahramani, Z.},
	year={2002},
	publisher={Citeseer}
}
@inproceedings{zhu2003semi,
	title={Semi-supervised learning using gaussian fields and harmonic functions},
	author={Zhu, X. and Ghahramani, Z. and Lafferty, J. D.},
	booktitle={Proc. 20th {ICML}},
	pages={912--919},
	year={2003}
}
@article{zhou2004learning,
	title={Learning with local and global consistency},
	author={Zhou, D. and Bousquet, O. and Lal, T. N. and Weston, J. and Sch{\"o}lkopf, B.},
	journal={Adv. neural inf. proc. sys.},
	volume={16},
	number={16},
	pages={321--328},
	year={2004}
}
@inproceedings{belkin2005manifold,
	title={On Manifold Regularization.},
	author={Belkin, M. and Niyogi, P. and Sindhwani, V.},
	booktitle={AISTATS},
	volume={1},
	year={2005}
}

@inproceedings{thanou2013parametric,
	title={Parametric dictionary learning for graph signals},
	author={Thanou, D. and Shuman, D. I. and Frossard, P.},
	booktitle={IEEE Global Conf. Signal Information Proc.},
	pages={487--490},
	year={2013},
}
@article{thanou2014learning,
	title={Learning parametric dictionaries for signals on graphs},
	author={Thanou, D. and Shuman, D. I and Frossard, P.},
	journal={IEEE Transactions on Signal Processing},
	volume={62},
	number={15},
	pages={3849--3862},
	year={2014},
	publisher={IEEE}
}
@inproceedings{maretic2017graph,
	title={Graph learning under sparsity priors},
	author={Maretic, H. P. and Thanou, D. and Frossard, P.},
	booktitle={2017 IEEE International Conference on Acoustics, Speech and Signal Processing (ICASSP)},
	pages={6523--6527},
	year={2017},
	organization={Ieee}
}
@inproceedings{zhang2012learning,
	title={Learning of structured graph dictionaries},
	author={Zhang, X. and Dong, X. and Frossard, P.},
	booktitle={IEEE Int. Conf. Acoustics, Speech and Signal Proc.},
	pages={3373--3376},
	year={2012},
}
@article{tibshirani1996regression,
	title={Regression shrinkage and selection via the lasso},
	author={Tibshirani, R.},
	journal={Journal of the Royal Statistical Society: Series B (Methodological)},
	volume={58},
	number={1},
	pages={267--288},
	year={1996},
	publisher={Wiley Online Library}
}
@article{davis1997adaptive,
	title={Adaptive greedy approximations},
	author={Davis, G. and Mallat, S. and Avellaneda, M.},
	journal={Constructive approximation},
	volume={13},
	number={1},
	pages={57--98},
	year={1997},
	publisher={Springer}
}
@article{ruder2016overview,
	title={An overview of gradient descent optimization algorithms},
	author={Ruder, S.},
	journal={arXiv preprint arXiv:1609.04747},
	year={2016}
}
@article{tolle1995sequential,
	title={Sequential quadratic programming},
	author={Tolle, J. W.},
	journal={Acta Numerica 1995: Volume 4},
	volume={4},
	pages={1--51},
	year={1995},
	publisher={Cambridge University Press}
}
@article{shuman2013emerging,
	title={The emerging field of signal processing on graphs: Extending high-dimensional data analysis to networks and other irregular domains},
	author={Shuman, D. I. and Narang, S. K. and Frossard, P. and Ortega, A. and Vandergheynst, P.},
	journal={IEEE signal processing magazine},
	volume={30},
	number={3},
	pages={83--98},
	year={2013},
	publisher={IEEE}
}

@article{OrtegaGSPOverview,
author={A. {Ortega} and P. {Frossard} and J. {Kovcevic} and J. M. F. {Moura} and P. {Vandergheynst}},
journal={Proceedings of the IEEE},
title={Graph Signal Processing: Overview, Challenges, and Applications},
year={2018},
volume={106},
number={5},
pages={808-828},
keywords={graph theory;learning (artificial intelligence);signal processing;graph signal processing;irregular graph domains;conventional digital signal processing;prior research;basic GSP tools;graph learning;application areas;image processing;machine learning;sensor network data;biological data;Signal processing;Laplace equations;Graph theory;Machine learning;Data models;Social network services;Sampling methods;Graphical models;Graph signal processing (GSP);network science and graphs;sampling;signal processing},
doi={10.1109/JPROC.2018.2820126},
ISSN={1558-2256},
month={May},}


@article{sandryhaila2014big,
  title={Big data analysis with signal processing on graphs: Representation and processing of massive data sets with irregular structure},
  author={Sandryhaila, Aliaksei and Moura, Jose MF},
  journal={IEEE Signal Processing Magazine},
  volume={31},
  number={5},
  pages={80--90},
  year={2014},
  publisher={IEEE}
}

@article{blum2001learning,
  title={Learning from labeled and unlabeled data using graph mincuts},
  author={Blum, Avrim and Chawla, Shuchi},
  year={2001}
}

@inproceedings{blum2004semi,
  title={Semi-supervised learning using randomized mincuts},
  author={Blum, Avrim and Lafferty, John and Rwebangira, Mugizi Robert and Reddy, Rajashekar},
  booktitle={Proceedings of the twenty-first international conference on Machine learning},
  pages={13},
  year={2004}
}

@article{zhu2002towards,
  title={Towards semi-supervised classification with markov random fields},
  author={Zhu, Xiaojin and Ghahramani, Zoubin},
  year={2002}
}

@inproceedings{zhu2003semi,
  title={Semi-supervised learning using gaussian fields and harmonic functions},
  author={Zhu, Xiaojin and Ghahramani, Zoubin and Lafferty, John D},
  booktitle={Proceedings of the 20th International conference on Machine learning (ICML-03)},
  pages={912--919},
  year={2003}
}

@inproceedings{thanou2013parametric,
  title={Parametric dictionary learning for graph signals},
  author={Thanou, Dorina and Shuman, David I and Frossard, Pascal},
  booktitle={2013 IEEE Global Conference on Signal and Information Processing},
  pages={487--490},
  year={2013},
  organization={IEEE}
}


@inproceedings{maretic2017graph,
  title={Graph learning under sparsity priors},
  author={Maretic, Hermina Petric and Thanou, Dorina and Frossard, Pascal},
  booktitle={2017 IEEE International Conference on Acoustics, Speech and Signal Processing (ICASSP)},
  pages={6523--6527},
  year={2017},
  organization={IEEE}
}

@article{engelen2020survey,
  title={A survey on semi-supervised learning},
  author={Van Engelen, Jesper E and Hoos, Holger H},
  journal={Machine Learning},
  volume={109},
  number={2},
  pages={373--440},
  year={2020}
}

@techreport{zhu2005semi,
  title={Semi-supervised learning literature survey},
  author={Zhu, Xiaojin Jerry},
  institution={University of Wisconsin-Madison Department of Computer Sciences},
  year={2005}
}

@article{geyer1992practical,
  title={Practical markov chain monte carlo},
  author={Geyer, Charles J},
  journal={Statistical science},
  pages={473--483},
  year={1992}
}

@inproceedings{belkin2004regularization,
  title={Regularization and semi-supervised learning on large graphs},
  author={Belkin, Mikhail and Matveeva, Irina and Niyogi, Partha},
  booktitle={International Conference on Computational Learning Theory},
  pages={624--638},
  year={2004},
  organization={Springer}
}

@inproceedings{furutani2019graph,
  title={Graph signal processing for directed graphs based on the hermitian laplacian},
  author={Furutani, Satoshi and Shibahara, Toshiki and Akiyama, Mitsuaki and Hato, Kunio and Aida, Masaki},
  booktitle={Joint European Conference on Machine Learning and Knowledge Discovery in Databases},
  pages={447--463},
  year={2019},
  organization={Springer}
}

@incollection{grady2010introduction,
  title={Introduction to discrete calculus},
  author={Grady, Leo J and Polimeni, Jonathan R},
  booktitle={Discrete Calculus},
  pages={13--89},
  year={2010},
  publisher={Springer}
}

@inproceedings{hein2005graphs,
  title={From graphs to manifolds--weak and strong pointwise consistency of graph laplacians},
  author={Hein, Matthias and Audibert, Jean-Yves and Von Luxburg, Ulrike},
  booktitle={International Conference on Computational Learning Theory},
  pages={470--485},
  year={2005},
  organization={Springer}
}

@article{coutino2019advances,
  title={Advances in distributed graph filtering},
  author={Coutino, Mario and Isufi, Elvin and Leus, Geert},
  journal={IEEE Transactions on Signal Processing},
  volume={67},
  number={9},
  pages={2320--2333},
  year={2019},
  publisher={IEEE}
}

@article{sandryhaila2014discrete,
  title={Discrete signal processing on graphs: Frequency analysis},
  author={Sandryhaila, Aliaksei and Moura, Jose MF},
  journal={IEEE Transactions on Signal Processing},
  volume={62},
  number={12},
  pages={3042--3054},
  year={2014},
  publisher={IEEE}
}

@article{shuman2016vertexfrequency,
  title={Vertex-frequency analysis on graphs},
  author={Shuman, David I and Ricaud, Benjamin and Vandergheynst, Pierre},
  journal={Applied and Computational Harmonic Analysis},
  volume={40},
  number={2},
  pages={260--291},
  year={2016}
}

@article{belkin2006manifold,
  title={Manifold regularization: A geometric framework for learning from labeled and unlabeled examples},
  author={Belkin, Mikhail and Niyogi, Partha and Sindhwani, Vikas},
  journal={Journal of machine learning research},
  volume={7},
  number={Nov},
  pages={2399--2434},
  year={2006}
}

@inproceedings{ma2016diffusion,
  title={Diffusion filtering of graph signals and its use in recommendation systems},
  author={Ma, Jeremy and Huang, Weiyu and Segarra, Santiago and Ribeiro, Alejandro},
  booktitle={2016 IEEE International Conference on Acoustics, Speech and Signal Processing (ICASSP)},
  pages={4563--4567},
  year={2016},
  organization={IEEE}
}

@inproceedings{girault2014semi,
  title={Semi-supervised learning for graph to signal mapping: A graph signal wiener filter interpretation},
  author={Girault, Benjamin and GonÃ§alves, Paulo and Fleury, Eric and Mor, Arashpreet Singh},
  booktitle={2014 IEEE International Conference on Acoustics, Speech and Signal Processing (ICASSP)},
  pages={1115--1119},
  year={2014},
  organization={IEEE}
}

@inproceedings{isufi2018distributed,
  title={Distributed Wiener-based reconstruction of graph signals},
  author={Isufi, Elvin and Di Lorenzo, Paolo and Banelli, Paolo and Leus, Geert},
  booktitle={2018 IEEE Statistical Signal Processing Workshop (SSP)},
  pages={21--25},
  year={2018},
  organization={IEEE}
}

@inproceedings{narang2013signal,
  title={Signal processing techniques for interpolation in graph structured data},
  author={Narang, Sunil K and Gadde, Akshay and Ortega, Antonio},
  booktitle={2013 IEEE International Conference on Acoustics, Speech and Signal Processing},
  pages={5445--5449},
  year={2013},
  organization={IEEE}
}

@inproceedings{isufi2017distributed,
  title={Distributed sparsified graph filters for denoising and diffusion tasks},
  author={Isufi, Elvin and Leus, Geert},
  booktitle={2017 IEEE International Conference on Acoustics, Speech and Signal Processing (ICASSP)},
  pages={5865--5869},
  year={2017},
  organization={IEEE}
}

@article{onuki2016graph,
  title={Graph signal denoising via trilateral filter on graph spectral domain},
  author={Onuki, Masaki and Ono, Shunsuke and Yamagishi, Masao and Tanaka, Yuichi},
  journal={IEEE Transactions on Signal and Information Processing over Networks},
  volume={2},
  number={2},
  pages={137--148},
  year={2016}
}

@article{zhang2008graph,
  title={Graph spectral image smoothing using the heat kernel},
  author={Zhang, Fan and Hancock, Edwin R},
  journal={Pattern Recognition},
  volume={41},
  number={11},
  pages={3328--3342},
  year={2008}
}

@inproceedings{tremblay2016compressive,
  title={Compressive spectral clustering},
  author={Tremblay, Nicolas and Puy, Gilles and Gribonval, RÃ©mi and Vandergheynst, Pierre},
  booktitle={International Conference on Machine Learning},
  pages={1002--1011},
  year={2016}
}

@article{tosic2011dictionary,
  title={Dictionary learning},
  author={Tosic, Ivana and Frossard, Pascal},
  journal={IEEE Signal Processing Magazine},
  volume={28},
  number={2},
  pages={27--38},
  year={2011},
  publisher={IEEE}
}

@article{mallat1993matching,
  title={Matching pursuits with time-frequency dictionaries},
  author={Mallat, StÃ©phane G and Zhang, Zhifeng},
  journal={IEEE Transactions on Signal Processing},
  volume={41},
  number={12},
  pages={3397--3415},
  year={1993}
}

@article{tropp2004greed,
  title={Greed is good: Algorithmic results for sparse approximation},
  author={Tropp, Joel A},
  journal={IEEE Transactions on Information theory},
  volume={50},
  number={10},
  pages={2231--2242},
  year={2004}
}

@article{chen2001atomic,
  title={Atomic decomposition by basis pursuit},
  author={Chen, Scott Shaobing and Donoho, David L and Saunders, Michael A},
  journal={SIAM review},
  volume={43},
  number={1},
  pages={129--159},
  year={2001}
}


@article{gorodnitsky1997sparse,
  title={Sparse signal reconstruction from limited data using FOCUSS: A re-weighted minimum norm algorithm},
  author={Gorodnitsky, Irina F and Rao, Bhaskar D},
  journal={IEEE Transactions on signal processing},
  volume={45},
  number={3},
  pages={600--616},
  year={1997}
}

@article{wipf2004sparse,
  title={Sparse Bayesian learning for basis selection},
  author={Wipf, David P and Rao, Bhaskar D},
  journal={IEEE Transactions on Signal processing},
  volume={52},
  number={8},
  pages={2153--2164},
  year={2004}
}

@article{olshausen1997sparse,
  title={Sparse coding with an overcomplete basis set: A strategy employed by v1?},
  author={Olshausen, Bruno A and Field, David J},
  journal={Vision research},
  volume={37},
  number={23},
  pages={3311--3325},
  year={1997}
}

@inproceedings{engan1999method,
  title={Method of optimal directions for frame design},
  author={Engan, Kjersti and Aase, Sven Ole and Husoy, J Hakon},
  booktitle={1999 IEEE International Conference on Acoustics, Speech, and Signal Processing. Proceedings. ICASSP99 (Cat. No. 99CH36258)},
  volume={5},
  pages={2443--2446},
  year={1999},
  organization={IEEE}
}

@article{aharon2006k,
  title={K-svd: An algorithm for designing overcomplete dictionaries for sparse representation},
  author={Aharon, Michal and Elad, Michael and Bruckstein, Alfred},
  journal={IEEE Transactions on signal processing},
  volume={54},
  number={11},
  pages={4311--4322},
  year={2006}
}

@inproceedings{pham2008joint,
  title={Joint learning and dictionary construction for pattern recognition},
  author={Pham, Duc-Son and Venkatesh, Svetha},
  booktitle={2008 IEEE Conference on Computer Vision and Pattern Recognition},
  pages={1--8},
  year={2008},
  organization={IEEE}
}

@inproceedings{zhang2010discriminative,
  title={Discriminative k-svd for dictionary learning in face recognition},
  author={Zhang, Qiang and Li, Baoxin},
  booktitle={2010 IEEE Computer Society Conference on Computer Vision and Pattern Recognition},
  pages={2691--2698},
  year={2010},
  organization={IEEE}
}

@inproceedings{jiang2011learning,
  title={Learning a discriminative dictionary for sparse coding via label consistent k-svd},
  author={Jiang, Zhuolin and Lin, Zhe and Davis, Larry S},
  booktitle={CVPR 2011},
  pages={1697--1704},
  year={2011},
  organization={IEEE}
}

@inproceedings{mairal2008discriminative,
  title={Discriminative learned dictionaries for local image analysis},
  author={Mairal, Julien and Bach, Francis and Ponce, Jean and Sapiro, Guillermo and Zisserman, Andrew},
  booktitle={2008 IEEE Conference on Computer Vision and Pattern Recognition},
  pages={1--8},
  year={2008},
  organization={IEEE}
}

@article{wright2008robust,
  title={Robust face recognition via sparse representation},
  author={Wright, John and Yang, Allen Y and Ganesh, Arvind and Sastry, S Shankar and Ma, Yi},
  journal={IEEE transactions on pattern analysis and machine intelligence},
  volume={31},
  number={2},
  pages={210--227},
  year={2008}
}

@inproceedings{ling2008spectral,
  title={Spectral domain-transfer learning},
  author={Ling, Xiao and Dai, Wenyuan and Xue, Gui-Rong and Yang, Qiang and Yu, Yong},
  booktitle={Proceedings of the 14th ACM SIGKDD international conference on Knowledge discovery and data mining},
  pages={488--496},
  year={2008}
}

@article{shi2000normalized,
  title={Normalized cuts and image segmentation},
  author={Shi, Jianbo and Malik, Jitendra},
  journal={IEEE Transactions on pattern analysis and machine intelligence},
  volume={22},
  number={8},
  pages={888--905},
  year={2000}
}

@article{xiao2014feature,
  title={Feature space independent semi-supervised domain adaptation via kernel matching},
  author={Xiao, Min and Guo, Yuhong},
  journal={IEEE transactions on pattern analysis and machine intelligence},
  volume={37},
  number={1},
  pages={54--66},
  year={2014}
}

@inproceedings{wang2011transfer,
  title={Transfer learning by structural analogy},
  author={Wang, Huayan and Yang, Qiang},
  booktitle={Proceedings of the AAAI Conference on Artificial Intelligence},
  volume={25},
  year={2011}
}

@article{zhu2014weakly,
  title={Weakly-supervised cross-domain dictionary learning for visual recognition},
  author={Zhu, Fan and Shao, Ling},
  journal={International Journal of Computer Vision},
  volume={109},
  number={1-2},
  pages={42--59},
  year={2014}
}

@inproceedings{zhong2018unsupervised,
  title={Unsupervised domain adaptation dictionary learning for visual recognition},
  author={Zhong, Zhun and Li, Zongmin and Li, Runlin and Sun, Xiaoxia},
  booktitle={Pacific-Asia Conference on Knowledge Discovery and Data Mining},
  pages={16--26},
  year={2018},
  organization={Springer}
}

@inproceedings{wu2016unsupervised,
  title={Unsupervised visual domain adaptation via dictionary evolution},
  author={Wu, Songsong and Jing, Xiao-Yuan and Yue, Dong and Zhang, Jian and Yang, K Jian and Yang, Jingyu},
  booktitle={2016 IEEE international conference on multimedia and expo (ICME)},
  pages={1--6},
  year={2016},
  organization={IEEE}
}

@article{yankelevsky2016dual,
  title={Dual graph regularized dictionary learning},
  author={Yankelevsky, Yael and Elad, Michael},
  journal={IEEE Transactions on Signal and Information Processing over Networks},
  volume={2},
  number={4},
  pages={611--624},
  year={2016}
}

@article{zheng2010graph,
  title={Graph regularized sparse coding for image representation},
  author={Zheng, Miao and Bu, Jiajun and Chen, Chun and Wang, Can and Zhang, Lijun and Qiu, Guang and Cai, Deng},
  journal={IEEE transactions on image processing},
  volume={20},
  number={5},
  pages={1327--1336},
  year={2010}
}

@inproceedings{long2013transfer,
  title={Transfer sparse coding for robust image representation},
  author={Long, Mingsheng and Ding, Guiguang and Wang, Jianmin and Sun, Jiaguang and Guo, Yuchen and Yu, Philip S},
  booktitle={Proceedings of the IEEE conference on computer vision and pattern recognition},
  pages={407--414},
  year={2013}
}

@inproceedings{yankelevsky2017structure,
  title={Structure-aware classification using supervised dictionary learning},
  author={Yankelevsky, Yael and Elad, Michael},
  booktitle={2017 IEEE International Conference on Acoustics, Speech and Signal Processing (ICASSP)},
  pages={4421--4425},
  year={2017},
  organization={IEEE}
}

@inproceedings{yankelevsky2016graph,
  title={Graph-constrained supervised dictionary learning for multi-label classification},
  author={Yankelevsky, Yael and Elad, Michael},
  booktitle={2016 IEEE International Conference on the Science of Electrical Engineering (ICSEE)},
  pages={1--5},
  year={2016},
  organization={IEEE}
}

@article{davis1997adaptive,
  title={Adaptive greedy approximations},
  author={Davis, Geoff and Mallat, Stephane and Avellaneda, Marco},
  journal={Constructive approximation},
  volume={13},
  number={1},
  pages={57--98},
  year={1997}
}

@article{ruder2016overview,
  title={An overview of gradient descent optimization algorithms},
  author={Ruder, Sebastian},
  journal={arXiv preprint arXiv:1609.04747},
  year={2016}
}

@article{tolle1995sequential,
  title={Sequential quadratic programming},
  author={Tolle, Jon W},
  journal={Acta Numerica 1995: Volume 4},
  volume={4},
  pages={1--51},
  year={1995}
}

@inproceedings{KarTV22,
  author       = {Kar, O. F. and
                  Turhan, G. and
                  Vural, E.},
  title        = {Learning Graph Signal Representations with Narrowband Spectral Kernels},
  booktitle    = {32nd {IEEE} International Workshop on Machine Learning for Signal
                  Processing},
  year         = {2022},
 }

@article{efron2004least,
  title={Least angle regression},
  author={Efron, Bradley and Hastie, Trevor and Johnstone, Iain and Tibshirani, Robert and others},
  journal={Annals of statistics},
  volume={32},
  number={2},
  pages={407--499},
  year={2004}
}

@inproceedings{Brockschmidt20,
  author       = {Brockschmidt, M.},
  title        = {{GNN}-FiLM: Graph Neural Networks with Feature-wise Linear Modulation},
  booktitle    = {Proceedings of the 37th International Conference on Machine Learning},
  volume       = {119},
  pages        = {1144--1152},
  year         = {2020},
}

@inproceedings{HamiltonYL17,
  author       = {Hamilton, W. L. and
                  Ying, Z. and
                  Leskovec, J.},
  title        = {Inductive Representation Learning on Large Graphs},
  booktitle    = {Advances in Neural Information Processing Systems},
  pages        = {1024--1034},
  year         = {2017},
}


@article{8642839,
  author={Yankelevsky, Yael and Elad, Michael},
  journal={IEEE Transactions on Signal Processing}, 
  title={Finding {GEMS}: Multi-Scale Dictionaries For High-Dimensional Graph Signals}, 
  year={2019},
  volume={67},
  number={7},
  pages={1889-1901},
  doi={10.1109/TSP.2019.2899822}}

@article{MAZARGUIL2022108480,
title = {Non-smooth interpolation of graph signals},
journal = {Signal Processing},
volume = {196},
pages = {108480},
year = {2022},
issn = {0165-1684},
author = {Antoine Mazarguil and Laurent Oudre and Nicolas Vayatis},
}

@article{8918094,
  author={Brugnoli, Emanuele and Toscano, Elena and Vetro, Calogero},
  journal={IEEE Signal Processing Letters}, 
  title={Iterative Reconstruction of Signals on Graph}, 
  year={2020},
  volume={27},
  number={},
  pages={76-80},
  doi={10.1109/LSP.2019.2956670}}

@article{8902040,
  author={Jung, Alexander and Hero, III, Alfred O. and Mara, Alexandru Cristian and Jahromi, Saeed and Heimowitz, Ayelet and Eldar, Yonina C.},
  journal={IEEE Transactions on Signal Processing}, 
  title={Semi-Supervised Learning in Network-Structured Data via Total Variation Minimization}, 
  year={2019},
  volume={67},
  number={24},
  pages={6256-6269},
  doi={10.1109/TSP.2019.2953593}}

@mastersthesis{gulcetez, title={Estimation of partially observed multiple graph signals by learning spectrally concentrated graph kernels}, school={Middle East Technical University}, author={Turhan, GÃ¼lce}, year={2021} }

@article{ioannidis2019semi,
  author = {V. N. Ioannidis and Y. Shen and G. B. Giannakis},
  title = {Semi-blind inference of topologies and dynamical processes over dynamic graphs},
  journal = {IEEE Transactions on Signal Processing},
  volume = {67},
  number = {9},
  pages = {2263--2274},
  year = {2019},
  doi = {10.1109/TSP.2019.2903155}
}
@book{rockafellar1970convex,
  title={Convex Analysis},
  author={Rockafellar, R. Tyrrell},
  year={1970},
  publisher={Princeton University Press},
  address={Princeton, NJ}
}

@article{gerchberg1974super,
  author = {Gerchberg, R. W.},
  title = {Super-resolution through error energy reduction},
  journal = {Optica Acta},
  volume = {21},
  number = {9},
  pages = {709--720},
  year = {1974},
}

@article{papoulis1975new,
  author = {Papoulis, A.},
  title = {A new algorithm in spectral analysis and band-limited extrapolation},
  journal = {IEEE Transactions on Circuits and Systems},
  volume = {22},
  number = {9},
  pages = {735--742},
  month = sep,
  year = {1975},
}

@article{marvasti1991recovery,
  author = {Marvasti, Farokh and Analoui, Mostafa and Gamshadzahi, Mohammad},
  title = {Recovery of signals from nonuniform samples using iterative methods},
  journal = {IEEE Transactions on Signal Processing},
  volume = {39},
  number = {4},
  pages = {872--878},
  month = apr,
  year = {1991},
}

@inproceedings{narang2013localized,
  author = {Narang, Sunil K. and Gadde, Akshay and Sanou, Erik and Ortega, Antonio},
  title = {Localized iterative methods for interpolation in graph structured data},
  booktitle = {IEEE GlobalSIP},
  year = {2013},
  pages = {491--494},
  address = {Austin, TX, USA},
}

@article{wang2015local,
  author = {Wang, Xiaohan and Liu, Peilin and Gu, Yilin},
  title = {Local-set-based graph signal reconstruction},
  journal = {IEEE Transactions on Signal Processing},
  volume = {63},
  number = {9},
  pages = {2432--2444},
  month = may,
  year = {2015},
}

@inbook{christensen2003frames,
  author = {Christensen, Ole},
  title = {Frames in Hilbert Spaces},
  booktitle = {An introduction to frames and Riesz bases},
  chapter = {4},
  section = {5.9},
  pages = {117--119},
  publisher = {BirkhÃ¤user},
  year = {2003},
  address = {Boston, MA, USA},
}

@inproceedings{gavish2010multiscale,
  title={Multiscale wavelets on trees, graphs and high dimensional data: Theory and applications to semi-supervised learning},
  author={Gavish, Matan and Nadler, Boaz and Coifman, Ronald R},
  booktitle={Proceedings of the 27th International Conference on Machine Learning (ICML)},
  year={2010},
  pages={367--374}
}

@article{fiedler1975property,
  title={A property of eigenvectors of nonnegative symmetric matrices and its application to graph theory},
  author={Fiedler, Miroslav},
  journal={Czechoslovak Mathematical Journal},
  volume={25},
  number={4},
  pages={619--633},
  year={1975}
}

@article{simon1991partitioning,
  title={Partitioning of unstructured problems for parallel processing},
  author={Simon, Horst D},
  journal={Computational Systems in Engineering},
  volume={2},
  number={2-3},
  pages={135--148},
  year={1991}
}

@INPROCEEDINGS{gulceMlsp,
  author={Turhan, GÃ¼lce and Vural, Elif},
  booktitle={2021 IEEE 31st International Workshop on Machine Learning for Signal Processing (MLSP)}, 
  title={Estimating Partially Observed Graph Signals by Learning Spectrally Concentrated Graph Kernels}, 
  year={2021},
  volume={},
  number={},
  pages={1-6},
  doi={10.1109/MLSP52302.2021.9596282}}

@ARTICLE{Girault2015Translation,
  author={Girault, Benjamin and GonÃ§alves, Paulo and Fleury, Ã‰ric},
  journal={IEEE Signal Processing Letters}, 
  title={Translation on Graphs: An Isometric Shift Operator}, 
  year={2015},
  volume={22},
  number={12},
  pages={2416-2420},
  doi={10.1109/LSP.2015.2488279}}

@article{pesenson2008sampling,
  title={Sampling in Paley-Wiener spaces on combinatorial graphs},
  author={Pesenson, I},
  journal={Transactions of the American Mathematical Society},
  volume={360},
  pages={5603--5627},
  year={2008},
  month={Jul},
}

@inproceedings{narang2013signal,
  title={Signal processing techniques for interpolation in graph structured data},
  author={Narang, S. K. and Gadde, A. and Ortega, A.},
  booktitle={ICASSP, IEEE International Conference on Acoustics, Speech and Signal Processing - Proceedings},
  pages={5445--5449},
  year={2013},
  month={Oct},
}

@article{tsitsvero2016signals,
  title={Signals on graphs: Uncertainty principle and sampling},
  author={Tsitsvero, M. and Barbarossa, S. and Di Lorenzo, P.},
  journal={IEEE Transactions on Signal Processing},
  volume={64},
  pages={4845--4860},
  year={2016},
  month={Sep},
}

@article{marques2016sampling,
  title={Sampling of Graph Signals With Successive Local Aggregations},
  author={Marques, A. G. and Segarra, S. and Leus, G. and Ribeiro, A.},
  journal={IEEE Transactions on Signal Processing},
  volume={64},
  pages={1832--1843},
  year={2016},
  month={Apr},
}

@article{chen2015discrete,
  title={Discrete Signal Processing on Graphs: Sampling Theory},
  author={Chen, S. and Varma, R. and Sandryhaila, A. and Kovacevi{\'c}, J.},
  journal={IEEE Transactions on Signal Processing},
  volume={63},
  pages={6510--6523},
  year={2015},
  month={Dec},
}

@inproceedings{shuman2011chebyshev,
  title={Chebyshev polynomial approximation for distributed signal processing},
  author={Shuman, D. I. and Vandergheynst, P. and Frossard, P.},
  booktitle={2011 International Conference on Distributed Computing in Sensor Systems and Workshops (DCOSS)},
  pages={1--8},
  year={2011},
  month={Jun},
}

@article{safavi2015revisiting,
  title={Revisiting Finite-Time Distributed Algorithms via Successive Nulling of Eigenvalues},
  author={Safavi, S. and Khan, U. A.},
  journal={IEEE Signal Processing Letters},
  volume={22},
  pages={54--57},
  year={2015},
  month={Jan},
}

@article{loukas2015distributed,
  title={Distributed Autoregressive Moving Average Graph Filters},
  author={Loukas, A. and Simonetto, A. and Leus, G.},
  journal={IEEE Signal Processing Letters},
  volume={22},
  pages={1931--1935},
  year={2015},
  month={Nov},
}



@article{chen2021graph,
  title={Graph unrolling networks: Interpretable neural networks for graph signal denoising},
  author={Chen, Shuai and Eldar, Yonina C. and Zhao, Lei},
  journal={IEEE Trans. Signal Process.},
  volume={69},
  pages={3699--3713},
  year={2021},
  month={Jun},
  doi={10.1109/TSP.2021.3087905},
}

@article{ulyanov2020deep,
  title={Deep image prior},
  author={Ulyanov, Dmitry and Vedaldi, Andrea and Lempitsky, Victor},
  journal={Int. J. Comput. Vis.},
  volume={128},
  number={7},
  pages={1867--1888},
  year={2020},
  month={Jul},
}

@inproceedings{zhang2018end,
  title={An end-to-end deep learning architecture for graph classification},
  author={Zhang, Ming and Cui, Zhicheng and Neumann, Marion and Chen, Yixin},
  booktitle={Proc. AAAI Conf. Artif. Intell.},
  year={2018},
  pages={4438--4445},
}

@article{wang2019dynamic,
  title={Dynamic graph CNN for learning on point clouds},
  author={Wang, Yue and Sun, Yongbin and Liu, Ziwei and Sarma, Sanjay E. and Bronstein, Michael M. and Solomon, Justin M.},
  journal={ACM Trans. Graph.},
  volume={38},
  number={5},
  pages={1--12},
  year={2019},
}

@inproceedings{zhang2018dynamically,
  title={Dynamically unfolding recurrent restorer: A moving endpoint control method for image restoration},
  author={Zhang, Xiaoyu and Lu, Yan and Liu, Jiaming and Dong, Bin},
  booktitle={Proc. Int. Conf. Learn. Representations},
  year={2018},
}

@article{li2020efficient,
  title={Efficient and interpretable deep blind image deblurring via algorithm unrolling},
  author={Li, Yuelong and Tofighi, Maryam and Geng, Jie and Monga, Vishal and Eldar, Yonina C.},
  journal={IEEE Trans. Comput. Imag.},
  volume={6},
  pages={666--681},
  year={2020},
  month={Jan},
}

@article{bertocchi2020deep,
  title={Deep unfolding of a proximal interior point method for image restoration},
  author={Bertocchi, Cedric and Chouzenoux, Emilie and Corbineau, Marie-Caroline and Pesquet, Jean-Christophe and Prato, Marco},
  journal={Inverse Problems},
  volume={36},
  number={3},
  year={2020},
  month={Feb},
  pages={034005},
}

@article{monga2021algorithm,
  title={Algorithm unrolling: Interpretable, efficient deep learning for signal and image processing},
  author={Monga, Vishal and Li, Yuelong and Eldar, Yonina C.},
  journal={IEEE Signal Process. Mag.},
  volume={38},
  number={2},
  pages={18--44},
  year={2021},
  month={Mar},
}

@inproceedings{chen2021timevarying,
  title={Time-varying graph signal inpainting via unrolling networks},
  author={Chen, Shuai and Eldar, Yonina C.},
  booktitle={IEEE International Conference on Acoustics, Speech and Signal Processing},
  year={2021},
  pages={8092--8097},
}

@inproceedings{kojima2023restoration,
  title={Restoration of time-varying graph signals using deep algorithm unrolling},
  author={Kojima, Hiroshi and Noguchi, Hiroki and Yamada, Keigo and Tanaka, Yuta},
  booktitle={IEEE International Conference on Acoustics, Speech and Signal Processing},
  year={2023},
}

@article{nagahama2022graph,
  title={Graph signal restoration using nested deep algorithm unrolling},
  author={Nagahama, Masahiro and Yamada, Keigo and Tanaka, Yuta and Chan, Stanley H. and Eldar, Yonina C.},
  journal={IEEE Trans. Signal Process.},
  volume={70},
  pages={3296--3311},
  year={2022},
}

@inproceedings{gori2005new,
  title={A new model for learning in graph domains},
  author={Gori, Marco and Monfardini, Gabriele and Scarselli, Franco},
  booktitle={Proceedings of the International Joint Conference on Neural Networks},
  volume={2},
  pages={729--734},
  year={2005},
}

@article{scarselli2009graph,
  title={The graph neural network model},
  author={Scarselli, Franco and Gori, Marco and Tsoi, Ah Chung and Hagenbuchner, Markus and Monfardini, Gabriele},
  journal={IEEE Transactions on Neural Networks},
  volume={20},
  number={1},
  pages={61--80},
  year={2009},
}

@inproceedings{li2016gated,
  title={Gated graph sequence neural networks},
  author={Li, Yujia and Zemel, Richard and Brockschmidt, Marc and Tarlow, Daniel},
  booktitle={International Conference on Learning Representations},
  year={2016},
}

@inproceedings{dai2018learning,
  title={Learning steady-states of iterative algorithms over graphs},
  author={Dai, Hanjun and Kozareva, Zornitsa and Dai, Bo and Smola, Alexander and Song, Le},
  booktitle={Proceedings of the 35th International Conference on Machine Learning},
  volume={80},
  pages={1106--1114},
  year={2018},
}

@inproceedings{bruna2014spectral,
  title={Spectral networks and locally connected networks on graphs},
  author={Bruna, Joan and Zaremba, Wojciech and Szlam, Arthur and Lecun, Yann},
  booktitle={International Conference on Learning Representations},
  year={2014},
}

@inproceedings{defferrard2016convolutional,
  title={Convolutional neural networks on graphs with fast localized spectral filtering},
  author={Defferrard, Micha{\"e}l and Bresson, Xavier and Vandergheynst, Pierre},
  booktitle={Advances in Neural Information Processing Systems 29},
  pages={3837--3845},
  year={2016},
}

@inproceedings{kipf2017semi,
  title={Semi-Supervised Classification with Graph Convolutional Networks},
  author={Kipf, Thomas N. and Welling, Max},
  booktitle={5th International Conference on Learning Representations},
  year={2017},
}

@article{levie2019cayleynets,
  title={CayleyNets: Graph Convolutional Neural Networks With Complex Rational Spectral Filters},
  author={Levie, Ron and Monti, Federico and Bresson, Xavier and Bronstein, Michael M.},
  journal={IEEE Transactions on Signal Processing},
  volume={67},
  number={1},
  pages={97--109},
  year={2019},
}

@inproceedings{atwood2016diffusion,
  title={Diffusion-convolutional neural networks},
  author={Atwood, James and Towsley, Don},
  booktitle={Proceedings of the 30th International Conference on Neural Information Processing Systems},
  pages={2001--2009},
  year={2016},
}

@inproceedings{niepert2016learning,
  title={Learning convolutional neural networks for graphs},
  author={Niepert, Mathias and Ahmed, Mohamed and Kutzkov, Konstantin},
  booktitle={Proceedings of the 33rd International Conference on International Conference on Machine Learning - Volume 48},
  pages={2014--2023},
  year={2016},
}

@inproceedings{gilmer2017neural,
  title={Neural message passing for quantum chemistry},
  author={Gilmer, Justin and Schoenholz, Sam S. and Riley, Patrick F. and Vinyals, Oriol and Dahl, George E.},
  booktitle={Proceedings of the 34th International Conference on Machine Learning - Volume 70},
  pages={1263--1272},
  year={2017},
}

@INPROCEEDINGS{Kar2022Learning,
  author={Kar, Osman Furkan and Turhan, GÃ¼lce and Vural, Elif},
  booktitle={2022 IEEE 32nd International Workshop on Machine Learning for Signal Processing (MLSP)}, 
  title={Learning Graph Signal Representations with Narrowband Spectral Kernels}, 
  year={2022},
  volume={},
  number={},
  pages={1-6},
  doi={10.1109/MLSP55214.2022.9943514}}

@INPROCEEDINGS{Kar2022LearningSiu,
  author={Furkan Kar, Osman and Turhan, GÃ¼lce and Vural, Elif},
  booktitle={2022 30th Signal Processing and Communications Applications Conference (SIU)}, 
  title={Learning Narrowband Graph Spectral Kernels for Graph Signal Estimation}, 
  year={2022},
  volume={},
  number={},
  pages={1-4},
  doi={10.1109/SIU55565.2022.9864966}}

@article{HAMMOND2011129,
title = {Wavelets on graphs via spectral graph theory},
journal = {Applied and Computational Harmonic Analysis},
volume = {30},
number = {2},
pages = {129-150},
year = {2011},
issn = {1063-5203},
doi = {https://doi.org/10.1016/j.acha.2010.04.005},
url = {https://www.sciencedirect.com/science/article/pii/S1063520310000552},
author = {David K. Hammond and Pierre Vandergheynst and RÃ©mi Gribonval},
}

@techreport { covdata ,
title = {COVID-19 coronavirus pandemic data. [Online]. Available: https:
//www.worldometers.info/coronavirus/},
}

@techreport { molenedata ,
title = {Hourly data from the 55 land stations in the Large Molene area over one month. 
[Online]. Available: https://www.data.gouv.fr/fr/datasets/donnees-horaires-des-55-stations-terrestres-de-la-zone-large-molene-sur-un-mois/\#/resources}
}
