@article{8642839,
  author={Yankelevsky, Yael and Elad, Michael},
  journal={IEEE Transactions on Signal Processing}, 
  title={Finding {GEMS}: Multi-Scale Dictionaries For High-Dimensional Graph Signals}, 
  year={2019},
  volume={67},
  number={7},
  pages={1889-1901},
  doi={10.1109/TSP.2019.2899822}}

@article{8918094,
  author={Brugnoli, Emanuele and Toscano, Elena and Vetro, Calogero},
  journal={IEEE Signal Processing Letters}, 
  title={Iterative Reconstruction of Signals on Graph}, 
  year={2020},
  volume={27},
  number={},
  pages={76-80},
  doi={10.1109/LSP.2019.2956670}}

@inproceedings{Brockschmidt20,
  author       = {Brockschmidt, M.},
  title        = {{GNN}-FiLM: Graph Neural Networks with Feature-wise Linear Modulation},
  booktitle    = {Proceedings of the 37th International Conference on Machine Learning},
  volume       = {119},
  pages        = {1144--1152},
  year         = {2020},
}

@inproceedings{Brody0Y22,
  author       = {Brody, S. and
                  Alon, U. and
                  Yahav, E.},
  title        = {How Attentive are Graph Attention Networks?},
  booktitle    = {10th International Conference on Learning Representations},
  year         = {2022},
}

@article{ChenCZ24,
  author={Chen, F. and Cheung, G. and Zhang, X.},
  journal={IEEE Transactions on Signal Processing}, 
  title={Manifold Graph Signal Restoration Using Gradient Graph {L}aplacian Regularizer}, 
  year={2024},
  volume={72},
  number={},
  pages={744-761},
  }

@inproceedings{HamiltonYL17,
  author       = {Hamilton, W. L. and
                  Ying, Z. and
                  Leskovec, J.},
  title        = {Inductive Representation Learning on Large Graphs},
  booktitle    = {Advances in Neural Information Processing Systems},
  pages        = {1024--1034},
  year         = {2017},
}

@article{JianTE24,
  author       = {Jian, X. and
                  Tay, W. P. and
                  Eldar, Y. C.},
  title        = {Kernel Based Reconstruction for Generalized Graph Signal Processing},
  journal      = {{IEEE} Trans. Signal Process.},
  volume       = {72},
  pages        = {2308--2322},
  year         = {2024},
}

@article{JungHMJHE19,
  author={Jung, Alexander and Hero, III, Alfred O. and Mara, Alexandru Cristian and Jahromi, Saeed and Heimowitz, Ayelet and Eldar, Yonina C.},
  title     = {Semi-Supervised Learning in Network-Structured Data via Total Variation
               Minimization},
  journal   = {{IEEE} Trans. Signal Process.},
  volume    = {67},
  number    = {24},
  pages     = {6256--6269},
  year      = {2019},
  }

@inproceedings{KarTV22,
  author       = {Kar, O. F. and
                  Turhan, G. and
                  Vural, E.},
  title        = {Learning Graph Signal Representations with Narrowband Spectral Kernels},
  booktitle    = {32nd {IEEE} International Workshop on Machine Learning for Signal
                  Processing},
  year         = {2022},
 }

@article{LorenzoBIBL18,
  author    = {Di Lorenzo, P. and
               Banelli, P. and
               Isufi, E. and
               Barbarossa, S. and
               Leus, G.},
  title     = {Adaptive Graph Signal Processing: Algorithms and Optimal Sampling Strategies},
  journal   = {{IEEE} Trans. Signal Process.},
  volume    = {66},
  number    = {13},
  pages     = {3584--3598},
  year      = {2018},
  }

@article{MAZARGUIL2022108480,
title = {Non-smooth interpolation of graph signals},
journal = {Signal Processing},
volume = {196},
pages = {108480},
year = {2022},
issn = {0165-1684},
author = {Antoine Mazarguil and Laurent Oudre and Nicolas Vayatis},
}

@INPROCEEDINGS{TurhanV21,
  author={Turhan, G. and Vural, E.},
  booktitle={IEEE Int. Work. Mach. Learning Sig. Proc.}, 
  title={Estimating Partially Observed Graph Signals by Learning Spectrally Concentrated Graph Kernels}, 
  year={2021},
}

@inproceedings{VelickovicCCRLB18,
  author       = {Velickovic et al., P.},
  title        = {Graph Attention Networks},
  booktitle    = {6th International Conference on Learning Representations},
  year         = {2018},
}

@ARTICLE{WangCYLF23,
  author={Wang et al., F.},
  journal={IEEE Transactions on Signal Processing}, 
  title={Fast {MSE}-Based Sampling of Bandlimited Graph Signals via Low-Pass Impulse Responses}, 
  year={2023},
  volume={71},
  number={},
  pages={4207-4223},
}

@article{YangYYH21,
  author    = {Yang, G. and
               Yang, L. and
               Yang, Z. and
               Huang, C.},
  title     = {Efficient Node Selection Strategy for Sampling Bandlimited Signals on Graphs},
  journal   = {{IEEE} Trans. Signal Process.},
  volume    = {69},
  pages     = {5815--5829},
  year      = {2021},
}

@inproceedings{ZhaoA20,
  author       = {Zhao, L. and
                  Akoglu, L.},
  title        = {PairNorm: Tackling Oversmoothing in {GNN}s},
  booktitle    = {8th International Conference on Learning Representations},
  year         = {2020},
  }

@article{ZouCZLZWL24,
  author={Zou et al., X.},
  journal={IEEE Transactions on Emerging Topics in Computational Intelligence}, 
  title={Efficient Message Passing Algorithm and Architecture Co-Design for Graph Neural Networks}, 
  year={2024},
  volume={},
  number={},
  pages={1-15},
 }

@inproceedings{atwood2016diffusion,
  title={Diffusion-convolutional neural networks},
  author={Atwood, James and Towsley, Don},
  booktitle={Proceedings of the 30th International Conference on Neural Information Processing Systems},
  pages={2001--2009},
  year={2016},
}

@article{bertocchi2020deep,
  title={Deep unfolding of a proximal interior point method for image restoration},
  author={Bertocchi, Cedric and Chouzenoux, Emilie and Corbineau, Marie-Caroline and Pesquet, Jean-Christophe and Prato, Marco},
  journal={Inverse Problems},
  volume={36},
  number={3},
  year={2020},
  month={Feb},
  pages={034005},
}

@inproceedings{bruna2014spectral,
  title={Spectral networks and locally connected networks on graphs},
  author={Bruna, Joan and Zaremba, Wojciech and Szlam, Arthur and Lecun, Yann},
  booktitle={International Conference on Learning Representations},
  year={2014},
}

@article{chen2021graph,
  title={Graph unrolling networks: Interpretable neural networks for graph signal denoising},
  author={Chen, Shuai and Eldar, Yonina C. and Zhao, Lei},
  journal={IEEE Trans. Signal Process.},
  volume={69},
  pages={3699--3713},
  year={2021},
  month={Jun},
  doi={10.1109/TSP.2021.3087905},
}

@inproceedings{chen2021timevarying,
  title={Time-varying graph signal inpainting via unrolling networks},
  author={Chen, Shuai and Eldar, Yonina C.},
  booktitle={IEEE International Conference on Acoustics, Speech and Signal Processing},
  year={2021},
  pages={8092--8097},
}

@inbook{christensen2003frames,
  author = {Christensen, Ole},
  title = {Frames in Hilbert Spaces},
  booktitle = {An introduction to frames and Riesz bases},
  chapter = {4},
  section = {5.9},
  pages = {117--119},
  publisher = {Birkh√§user},
  year = {2003},
  address = {Boston, MA, USA},
}

@inproceedings{defferrard2016convolutional,
  title={Convolutional neural networks on graphs with fast localized spectral filtering},
  author={Defferrard, Micha{\"e}l and Bresson, Xavier and Vandergheynst, Pierre},
  booktitle={Advances in Neural Information Processing Systems 29},
  pages={3837--3845},
  year={2016},
}

@inproceedings{gavish2010multiscale,
  title={Multiscale wavelets on trees, graphs and high dimensional data: Theory and applications to semi-supervised learning},
  author={Gavish, Matan and Nadler, Boaz and Coifman, Ronald R},
  booktitle={Proceedings of the 27th International Conference on Machine Learning (ICML)},
  year={2010},
  pages={367--374}
}

@inproceedings{gilmer2017neural,
  title={Neural message passing for quantum chemistry},
  author={Gilmer, Justin and Schoenholz, Sam S. and Riley, Patrick F. and Vinyals, Oriol and Dahl, George E.},
  booktitle={Proceedings of the 34th International Conference on Machine Learning - Volume 70},
  pages={1263--1272},
  year={2017},
}

@article{hammond2011wavelets,
	title={Wavelets on graphs via spectral graph theory},
	author={Hammond, D. K. and Vandergheynst, P. and Gribonval, R.},
	journal={Applied and Comp. Harm. Analysis},
	volume={30},
	number={2},
	pages={129--150},
	year={2011},
	publisher={Elsevier} 
}

@article{ioannidis2019semi,
  author = {V. N. Ioannidis and Y. Shen and G. B. Giannakis},
  title = {Semi-blind inference of topologies and dynamical processes over dynamic graphs},
  journal = {IEEE Transactions on Signal Processing},
  volume = {67},
  number = {9},
  pages = {2263--2274},
  year = {2019},
  doi = {10.1109/TSP.2019.2903155}
}

@inproceedings{kipf2017semi,
  title={Semi-Supervised Classification with Graph Convolutional Networks},
  author={Kipf, Thomas N. and Welling, Max},
  booktitle={5th International Conference on Learning Representations},
  year={2017},
}

@inproceedings{kojima2023restoration,
  title={Restoration of time-varying graph signals using deep algorithm unrolling},
  author={Kojima, Hiroshi and Noguchi, Hiroki and Yamada, Keigo and Tanaka, Yuta},
  booktitle={IEEE International Conference on Acoustics, Speech and Signal Processing},
  year={2023},
}

@article{levie2019cayleynets,
  title={CayleyNets: Graph Convolutional Neural Networks With Complex Rational Spectral Filters},
  author={Levie, Ron and Monti, Federico and Bresson, Xavier and Bronstein, Michael M.},
  journal={IEEE Transactions on Signal Processing},
  volume={67},
  number={1},
  pages={97--109},
  year={2019},
}

@article{li2020efficient,
  title={Efficient and interpretable deep blind image deblurring via algorithm unrolling},
  author={Li, Yuelong and Tofighi, Maryam and Geng, Jie and Monga, Vishal and Eldar, Yonina C.},
  journal={IEEE Trans. Comput. Imag.},
  volume={6},
  pages={666--681},
  year={2020},
  month={Jan},
}

@article{monga2021algorithm,
  title={Algorithm unrolling: Interpretable, efficient deep learning for signal and image processing},
  author={Monga, Vishal and Li, Yuelong and Eldar, Yonina C.},
  journal={IEEE Signal Process. Mag.},
  volume={38},
  number={2},
  pages={18--44},
  year={2021},
  month={Mar},
}

@article{nagahama2022graph,
  title={Graph signal restoration using nested deep algorithm unrolling},
  author={Nagahama, Masahiro and Yamada, Keigo and Tanaka, Yuta and Chan, Stanley H. and Eldar, Yonina C.},
  journal={IEEE Trans. Signal Process.},
  volume={70},
  pages={3296--3311},
  year={2022},
}

@inproceedings{narang2013localized,
  author = {Narang, Sunil K. and Gadde, Akshay and Sanou, Erik and Ortega, Antonio},
  title = {Localized iterative methods for interpolation in graph structured data},
  booktitle = {IEEE GlobalSIP},
  year = {2013},
  pages = {491--494},
  address = {Austin, TX, USA},
}

@inproceedings{niepert2016learning,
  title={Learning convolutional neural networks for graphs},
  author={Niepert, Mathias and Ahmed, Mohamed and Kutzkov, Konstantin},
  booktitle={Proceedings of the 33rd International Conference on International Conference on Machine Learning - Volume 48},
  pages={2014--2023},
  year={2016},
}

@article{shuman2013emerging,
	title={The emerging field of signal processing on graphs: Extending high-dimensional data analysis to networks and other irregular domains},
	author={Shuman, D. I. and Narang, S. K. and Frossard, P. and Ortega, A. and Vandergheynst, P.},
	journal={IEEE signal processing magazine},
	volume={30},
	number={3},
	pages={83--98},
	year={2013},
	publisher={IEEE}
}

@article{thanou2014learning,
	title={Learning parametric dictionaries for signals on graphs},
	author={Thanou, D. and Shuman, D. I and Frossard, P.},
	journal={IEEE Transactions on Signal Processing},
	volume={62},
	number={15},
	pages={3849--3862},
	year={2014},
	publisher={IEEE}
}

@inproceedings{thanou2015multi,
	title={Multi-graph learning of spectral graph dictionaries},
	author={Thanou, D. and Frossard, P.},
	booktitle={IEEE Int. Conf. Acoustics, Speech and Signal Proc.},
	pages={3397--3401},
	year={2015},
}

@article{ulyanov2020deep,
  title={Deep image prior},
  author={Ulyanov, Dmitry and Vedaldi, Andrea and Lempitsky, Victor},
  journal={Int. J. Comput. Vis.},
  volume={128},
  number={7},
  pages={1867--1888},
  year={2020},
  month={Jul},
}

@article{wang2015local,
  author = {Wang, Xiaohan and Liu, Peilin and Gu, Yilin},
  title = {Local-set-based graph signal reconstruction},
  journal = {IEEE Transactions on Signal Processing},
  volume = {63},
  number = {9},
  pages = {2432--2444},
  month = may,
  year = {2015},
}

@article{wang2019dynamic,
  title={Dynamic graph CNN for learning on point clouds},
  author={Wang, Yue and Sun, Yongbin and Liu, Ziwei and Sarma, Sanjay E. and Bronstein, Michael M. and Solomon, Justin M.},
  journal={ACM Trans. Graph.},
  volume={38},
  number={5},
  pages={1--12},
  year={2019},
}

@inproceedings{zhang2018dynamically,
  title={Dynamically unfolding recurrent restorer: A moving endpoint control method for image restoration},
  author={Zhang, Xiaoyu and Lu, Yan and Liu, Jiaming and Dong, Bin},
  booktitle={Proc. Int. Conf. Learn. Representations},
  year={2018},
}

@inproceedings{zhang2018end,
  title={An end-to-end deep learning architecture for graph classification},
  author={Zhang, Ming and Cui, Zhicheng and Neumann, Marion and Chen, Yixin},
  booktitle={Proc. AAAI Conf. Artif. Intell.},
  year={2018},
  pages={4438--4445},
}

