@InProceedings{cenet_2022,
  author    = {Cheng, Huixian and Han, Xianfeng and Xiao, Guoqiang},
  booktitle = {International Conference on Multimedia and Expo},
  title     = {Cenet: Toward concise and efficient lidar semantic segmentation for autonomous driving},
  year      = {2022},
  pages     = {01--06},
}

@InProceedings{convnext2022,
  author    = {Liu, Zhuang and Mao, Hanzi and Wu, Chao-Yuan and Feichtenhofer, Christoph and Darrell, Trevor and Xie, Saining},
  booktitle = {Computer Vision and Pattern Recognition},
  title     = {A ConvNet for the 2020s},
  year      = {2022},
  pages     = {11966-11976},
}

@InProceedings{cylindrical3d2021,
  author    = {Zhu, Xinge and Zhou, Hui and Wang, Tai and Hong, Fangzhou and Ma, Yuexin and Li, Wei and Li, Hongsheng and Lin, Dahua},
  booktitle = {Computer Vision and Pattern Recognition},
  title     = {Cylindrical and Asymmetrical 3D Convolution Networks for LiDAR Segmentation},
  year      = {2021},
  pages     = {9934-9943},
}

@Article{data_aug2024,
  author  = {Zhu, Qinfeng and Fan, Lei and Weng, Ningxin},
  journal = {Pattern Recognition},
  title   = {Advancements in point cloud data augmentation for deep learning: A survey},
  year    = {2024},
  issn    = {0031-3203},
  pages   = {110532},
  volume  = {153},
}

@Article{dgcnn2019,
  author    = {Wang, Yue and Sun, Yongbin and Liu, Ziwei and Sarma, Sanjay E. and Bronstein, Michael M. and Solomon, Justin M.},
  journal   = {ACM Transactions on Graphics},
  title     = {Dynamic Graph CNN for Learning on Point Clouds},
  year      = {2019},
  issn      = {0730-0301},
  number    = {5},
  volume    = {38},
  articleno = {146},
  numpages  = {12},
}

@InProceedings{empir24,
  author    = {Sun, Jiahao and Qing, Chunmei and Xu, Xiang and Kong, Lingdong and Liu, Youquan and Li, Li and Zhu, Chenming and Zhang, Jingwei and Xiao, Zeqi and Chen, Runnan and Wang, Tai and Zhang, Wenwei and Chen, Kai},
  booktitle = {arXiv},
  title     = {An Empirical Study of Training State-of-the-Art LiDAR Segmentation Models},
  year      = {2024},
  page      = {2405.14870},
}

@InProceedings{fidnet_2021,
  author    = {Zhao, Yiming and Bai, Lin and Huang, Xinming},
  booktitle = {International Conference on Intelligent Robots and Systems},
  title     = {FIDNet: LiDAR Point Cloud Semantic Segmentation with Fully Interpolation Decoding},
  year      = {2021},
  pages     = {4453--4458},
}

@Article{filling_missing2024,
  author  = {Chen, Bike and Gong, Chen and Röning, Juha},
  journal = {IEEE Transactions on Intelligent Vehicles},
  title   = {Filling Missing Values Matters for Range Image-Based Point Cloud Segmentation},
  year    = {2024},
  pages   = {1-15},
}

@InProceedings{kpconv_2019,
  author    = {Thomas, Hugues and Qi, Charles R and Deschaud, Jean-Emmanuel and Marcotegui, Beatriz and Goulette, Fran{\c{c}}ois and Guibas, Leonidas J},
  booktitle = {International Conference on Computer Vision},
  title     = {Kpconv: Flexible and deformable convolution for point clouds},
  year      = {2019},
  pages     = {6411--6420},
}

@InProceedings{kpconvx24,
  author    = {Thomas, Hugues and Tsai, Yao-Hung Hubert and Barfoot, Timothy D and Zhang, Jian},
  booktitle = {Computer Vision and Pattern Recognition},
  title     = {KPConvX: Modernizing Kernel Point Convolution with Kernel Attention},
  year      = {2024},
  pages     = {5525--5535},
}

@InProceedings{lasermix_2023,
  author    = {Kong, Lingdong and Ren, Jiawei and Pan, Liang and Liu, Ziwei},
  booktitle = {Computer Vision and Pattern Recognition},
  title     = {LaserMix for Semi-Supervised LiDAR Semantic Segmentation},
  year      = {2023},
  pages     = {21705--21715},
}

@InProceedings{minkowski2019,
  author    = {Choy, Christopher and Gwak, JunYoung and Savarese, Silvio},
  booktitle = {Computer Vision and Pattern Recognition},
  title     = {4D Spatio-Temporal ConvNets: Minkowski Convolutional Neural Networks},
  year      = {2019},
  pages     = {3070-3079},
}

@Article{nuscenes_panoptic,
  author  = {Fong, Whye Kit and Mohan, Rohit and Hurtado, Juana Valeria and Zhou, Lubing and Caesar, Holger and Beijbom, Oscar and Valada, Abhinav},
  journal = {IEEE Robotics and Automation Letters},
  title   = {Panoptic nuscenes: A large-scale benchmark for lidar panoptic segmentation and tracking},
  year    = {2022},
  number  = {2},
  pages   = {3795--3802},
  volume  = {7},
}

@InProceedings{openpcseg2023,
  author    = {Liu, Youquan and Chen, Runnan and Li, Xin and Kong, Lingdong and Yang, Yuchen and Xia, Zhaoyang and Bai, Yeqi and Zhu, Xinge and Ma, Yuexin and Li, Yikang and Qiao, Yu and Hou, Yuenan},
  booktitle = {International Conference on Computer Vision},
  title     = {UniSeg: A Unified Multi-Modal LiDAR Segmentation Network and the OpenPCSeg Codebase},
  year      = {2023},
  pages     = {21662-21673},
}

@InProceedings{pcnn2018,
  author    = {Wang, Shenlong and Suo, Simon and Ma, Wei-Chiu and Pokrovsky, Andrei and Urtasun, Raquel},
  booktitle = {Computer Vision and Pattern Recognition},
  title     = {Deep Parametric Continuous Convolutional Neural Networks},
  year      = {2018},
  pages     = {2589-2597},
}

@InProceedings{pdm2024,
  author       = {Chen, Bike and Gong, Chen and Tikanmäki, Antti and Röning, Juha},
  booktitle    = {arXiv},
  title        = {Trainable Pointwise Decoder Module for Point Cloud Segmentation},
  year         = {2024},
  eprint       = {2408.01548},
  primaryclass = {cs.CV},
}

@InProceedings{pointnet++_2017,
  author    = {Qi, Charles Ruizhongtai and Yi, Li and Su, Hao and Guibas, Leonidas J},
  booktitle = {Neural Information Processing Systems},
  title     = {PointNet++: Deep Hierarchical Feature Learning on Point Sets in a Metric Space},
  year      = {2017},
  volume    = {30},
}

@InProceedings{pointtrans2021,
  author    = {Zhao, Hengshuang and Jiang, Li and Jia, Jiaya and Torr, Philip and Koltun, Vladlen},
  booktitle = {International Conference on Computer Vision},
  title     = {Point Transformer},
  year      = {2021},
  pages     = {16239-16248},
}

@InProceedings{pointtransv32024,
  author    = {Wu, Xiaoyang and Jiang, Li and Wang, Peng-Shuai and Liu, Zhijian and Liu, Xihui and Qiao, Yu and Ouyang, Wanli and He, Tong and Zhao, Hengshuang},
  booktitle = {Computer Vision and Pattern Recognition},
  title     = {Point Transformer V3: Simpler, Faster, Stronger},
  year      = {2024},
}

@InProceedings{polarmix_2022,
  author    = {Xiao, Aoran and Huang, Jiaxing and Guan, Dayan and Cui, Kaiwen and Lu, Shijian and Shao, Ling},
  booktitle = {Neural Information Processing Systems},
  title     = {PolarMix: A General Data Augmentation Technique for LiDAR Point Clouds},
  year      = {2022},
  pages     = {11035--11048},
  volume    = {35},
}

@InProceedings{rangeformer_2023,
  author    = {Kong, Lingdong and Liu, Youquan and Chen, Runnan and Ma, Yuexin and Zhu, Xinge and Li, Yikang and Hou, Yuenan and Qiao, Yu and Liu, Ziwei},
  booktitle = {International Conference on Computer Vision},
  title     = {Rethinking Range View Representation for LiDAR Segmentation},
  year      = {2023},
  pages     = {228-240},
}

@InProceedings{rangenet++,
  author    = {Milioto, Andres and Vizzo, Ignacio and Behley, Jens and Stachniss, Cyrill},
  booktitle = {International Conference on Intelligent Robots and Systems},
  title     = {RangeNet ++: Fast and Accurate LiDAR Semantic Segmentation},
  year      = {2019},
  pages     = {4213-4220},
}

@InProceedings{rangevit_2023,
  author    = {Ando, Angelika and Gidaris, Spyros and Bursuc, Andrei and Puy, Gilles and Boulch, Alexandre and Marlet, Renaud},
  booktitle = {Computer Vision and Pattern Recognition},
  title     = {RangeViT: Towards Vision Transformers for 3D Semantic Segmentation in Autonomous Driving},
  year      = {2023},
  pages     = {5240-5250},
}

@InProceedings{rapid25,
  author    = {Li, Li and Shum, Hubert P. H. and Breckon, Toby P.},
  booktitle = {European Conference on Computer Vision},
  title     = {RAPiD-Seg: Range-Aware Pointwise Distance Distribution Networks for 3D LiDAR Segmentation},
  year      = {2025},
  pages     = {222--241},
}

@InProceedings{resnet_2016,
  author    = {He, Kaiming and Zhang, Xiangyu and Ren, Shaoqing and Sun, Jian},
  booktitle = {Computer Vision and Pattern Recognition},
  title     = {Deep Residual Learning for Image Recognition},
  year      = {2016},
  pages     = {770-778},
}

@InProceedings{segformer2021,
  author    = {Xie, Enze and Wang, Wenhai and Yu, Zhiding and Anandkumar, Anima and Alvarez, Jose M. and Luo, Ping},
  booktitle = {Neural Information Processing Systems},
  title     = {SegFormer: Simple and Efficient Design for Semantic Segmentation with Transformers},
  year      = {2021},
  pages     = {12077--12090},
  volume    = {34},
}

@InProceedings{semantickitti_2019_behley,
  author    = {Behley, Jens and Garbade, Martin and Milioto, Andres and Quenzel, Jan and Behnke, Sven and Stachniss, Cyrill and Gall, Jurgen},
  booktitle = {International Conference on Computer Vision},
  title     = {Semantickitti: A dataset for semantic scene understanding of lidar sequences},
  year      = {2019},
  pages     = {9297--9307},
}

@InProceedings{spherical_transformer_2023,
  author    = {Lai, Xin and Chen, Yukang and Lu, Fanbin and Liu, Jianhui and Jia, Jiaya},
  booktitle = {Computer Vision and Pattern Recognition},
  title     = {Spherical Transformer for LiDAR-Based 3D Recognition},
  year      = {2023},
  pages     = {17545-17555},
}

@InProceedings{spvnas_2020,
  author    = {Tang, Haotian and Liu, Zhijian and Zhao, Shengyu and Lin, Yujun and Lin, Ji and Wang, Hanrui and Han, Song},
  booktitle = {European Conference on Computer Vision},
  title     = {Searching efficient 3d architectures with sparse point-voxel convolution},
  year      = {2020},
  pages     = {685--702},
}

@InProceedings{squeezenet_2016,
  author    = {Iandola, Forrest N. and Han, Song and Moskewicz, Matthew W. and Ashraf, Khalid and Dally, William J. and Keutzer,Kurt},
  booktitle = {arXiv},
  title     = {SqueezeNet: AlexNet-level accuracy with 50x fewer parameters and \ensuremath{<}0.5{MB} model size},
  year      = {2016},
  page      = {1602.07360},
}

@InProceedings{squeezeseg,
  author    = {Wu, Bichen and Wan, Alvin and Yue, Xiangyu and Keutzer, Kurt},
  booktitle = {International Conference on Robotics and Automation},
  title     = {Squeezeseg: Convolutional neural nets with recurrent crf for real-time road-object segmentation from 3d lidar point cloud},
  year      = {2018},
  pages     = {1887--1893},
}

@InProceedings{taseg24,
  author    = {Wu, Xiaopei and Hou, Yuenan and Huang, Xiaoshui and Lin, Binbin and He, Tong and Zhu, Xinge and Ma, Yuexin and Wu, Boxi and Liu, Haifeng and Cai, Deng and Ouyang, Wanli},
  booktitle = {Computer Vision and Pattern Recognition},
  title     = {TASeg: Temporal Aggregation Network for LiDAR Semantic Segmentation},
  year      = {2024},
  pages     = {15311-15320},
}

@InProceedings{vit_iclr_2021,
  author    = {Dosovitskiy, Alexey and Beyer, Lucas and Kolesnikov, Alexander and Weissenborn, Dirk and Zhai, Xiaohua and Unterthiner, Thomas and Dehghani, Mostafa and Minderer, Matthias and Heigold, Georg and Gelly, Sylvain and Uszkoreit, Jakob and Houlsby, Neil},
  booktitle = {International Conference on Learning Representations},
  title     = {An Image is Worth 16x16 Words: Transformers for Image Recognition at Scale},
  year      = {2021},
}

@InProceedings{waffleiron23,
  author    = {Puy, Gilles and Boulch, Alexandre and Marlet, Renaud},
  booktitle = {International Conference on Computer Vision},
  title     = {Using a Waffle Iron for Automotive Point Cloud Semantic Segmentation},
  year      = {2023},
  pages     = {3356-3366},
}

@InProceedings{yolov3_2018,
  author    = {Redmon, Joseph and Farhadi, Ali},
  booktitle = {arXiv},
  title     = {YOLOv3: An Incremental Improvement},
  year      = {2018},
  eprint    = {1804.02767},
}

