@String(AAAI = {AAAI})
@String(ACCV  = {ACCV})
@String(ACMMM= {ACM Int. Conf. Multimedia})
@String(BMVC= {Brit. Mach. Vis. Conf.})
@String(CGF  = {Comput. Graph. Forum})
@String(CSVT = {IEEE Trans. Circuit Syst. Video Technol.})
@String(CVM = {Computational Visual Media})
@String(CVPR= {IEEE Conf. Comput. Vis. Pattern Recog.})
@String(CVPRW= {IEEE Conf. Comput. Vis. Pattern Recog. Worksh.})
@String(ECCV= {Eur. Conf. Comput. Vis.})
@String(ICASSP=	{ICASSP})
@String(ICCV= {Int. Conf. Comput. Vis.})
@String(ICIP = {IEEE Int. Conf. Image Process.})
@String(ICLR = {Int. Conf. Learn. Represent.})
@String(ICME = {Int. Conf. Multimedia and Expo})
@String(ICPR = {Int. Conf. Pattern Recog.})
@String(IJCAI = {IJCAI})
@String(IJCV = {Int. J. Comput. Vis.})
@String(JCST  = {J. Comput. Sci. Tech.})
@String(JOV	 = {J. Vis.})
@String(NIPS= {Adv. Neural Inform. Process. Syst.})
@String(PAMI = {IEEE Trans. Pattern Anal. Mach. Intell.})
@String(PR   = {Pattern Recognition})

@String(SPL	= {IEEE Sign. Process. Letters})
@String(TCSVT = {IEEE TCSVT})
@String(TIP  = {IEEE Trans. Image Process.})
@String(TMM  = {IEEE Trans. Multimedia})
@String(TOG= {ACM Trans. Graph.})
@String(TVC  = {The Vis. Comput.})
@String(TVCG  = {IEEE Trans. Vis. Comput. Graph.})
@String(VR   = {Vis. Res.})

@InProceedings{joint3dinstance_zhou2020,
  author    = {Zhou, Dingfu and Fang, Jin and Song, Xibin and Liu, Liu and Yin, Junbo and Dai, Yuchao and Li, Hongdong and Yang, Ruigang},
  booktitle = {Computer Vision and Pattern Recognition},
  title     = {Joint 3d instance segmentation and object detection for autonomous driving},
  year      = {2020},
  pages     = {1839--1849},
}

@InProceedings{sa_loam_2021,
  author    = {Li, Lin and Kong, Xin and Zhao, Xiangrui and Li, Wanlong and Wen, Feng and Zhang, Hongbo and Liu, Yong},
  booktitle = {International Conference on Robotics and Automation},
  title     = {SA-LOAM: Semantic-aided LiDAR SLAM with Loop Closure},
  year      = {2021},
  pages     = {7627-7634},
}

@InProceedings{suma++_2019,
  author    = {Chen, Xieyuanli and Milioto, Andres and Palazzolo, Emanuele and Giguère, Philippe and Behley, Jens and Stachniss, Cyrill},
  booktitle = {International Conference on Intelligent Robots and Systems},
  title     = {SuMa++: Efficient LiDAR-based Semantic SLAM},
  year      = {2019},
  pages     = {4530--4537},
}

@InProceedings{squeezeseg,
  author    = {Wu, Bichen and Wan, Alvin and Yue, Xiangyu and Keutzer, Kurt},
  booktitle = {International Conference on Robotics and Automation},
  title     = {Squeezeseg: Convolutional neural nets with recurrent crf for real-time road-object segmentation from 3d lidar point cloud},
  year      = {2018},
  pages     = {1887--1893},
}

@InProceedings{semantickitti_2019_behley,
  author    = {Behley, Jens and Garbade, Martin and Milioto, Andres and Quenzel, Jan and Behnke, Sven and Stachniss, Cyrill and Gall, Jurgen},
  booktitle = {International Conference on Computer Vision},
  title     = {Semantickitti: A dataset for semantic scene understanding of lidar sequences},
  year      = {2019},
  pages     = {9297--9307},
}

@Article{nuscenes_panoptic,
  author  = {Fong, Whye Kit and Mohan, Rohit and Hurtado, Juana Valeria and Zhou, Lubing and Caesar, Holger and Beijbom, Oscar and Valada, Abhinav},
  journal = {IEEE Robotics and Automation Letters},
  title   = {Panoptic nuscenes: A large-scale benchmark for lidar panoptic segmentation and tracking},
  year    = {2022},
  number  = {2},
  pages   = {3795--3802},
  volume  = {7},
}

@InProceedings{rangenet++,
  author    = {Milioto, Andres and Vizzo, Ignacio and Behley, Jens and Stachniss, Cyrill},
  booktitle = {International Conference on Intelligent Robots and Systems},
  title     = {RangeNet ++: Fast and Accurate LiDAR Semantic Segmentation},
  year      = {2019},
  pages     = {4213-4220},
}

@InProceedings{squeezesegv2,
  author    = {Wu, Bichen and Zhou, Xuanyu and Zhao, Sicheng and Yue, Xiangyu and Keutzer, Kurt},
  booktitle = {International Conference on Robotics and Automation},
  title     = {Squeezesegv2: Improved model structure and unsupervised domain adaptation for road-object segmentation from a lidar point cloud},
  year      = {2019},
  pages     = {4376--4382},
}

@InProceedings{squeezesegv3_2020,
  author    = {Xu, Chenfeng and Wu, Bichen and Wang, Zining and Zhan, Wei and Vajda, Peter and Keutzer, Kurt and Tomizuka, Masayoshi},
  booktitle = {European Conference on Computer Vision},
  title     = {Squeezesegv3: Spatially-adaptive convolution for efficient point-cloud segmentation},
  year      = {2020},
  pages     = {1--19},
}

@InProceedings{randla_2020,
  author    = {Hu, Qingyong and Yang, Bo and Xie, Linhai and Rosa, Stefano and Guo, Yulan and Wang, Zhihua and Trigoni, Niki and Markham, Andrew},
  booktitle = {Computer Vision and Pattern Recognition},
  title     = {Randla-net: Efficient semantic segmentation of large-scale point clouds},
  year      = {2020},
  pages     = {11108--11117},
}

@InProceedings{pointnet++_2017,
  author    = {Qi, Charles Ruizhongtai and Yi, Li and Su, Hao and Guibas, Leonidas J},
  booktitle = {Neural Information Processing Systems},
  title     = {PointNet++: Deep Hierarchical Feature Learning on Point Sets in a Metric Space},
  year      = {2017},
  volume    = {30},
}

@InProceedings{spvnas_2020,
  author    = {Tang, Haotian and Liu, Zhijian and Zhao, Shengyu and Lin, Yujun and Lin, Ji and Wang, Hanrui and Han, Song},
  booktitle = {European Conference on Computer Vision},
  title     = {Searching efficient 3d architectures with sparse point-voxel convolution},
  year      = {2020},
  pages     = {685--702},
}

@InProceedings{spherical_transformer_2023,
  author    = {Lai, Xin and Chen, Yukang and Lu, Fanbin and Liu, Jianhui and Jia, Jiaya},
  booktitle = {Computer Vision and Pattern Recognition},
  title     = {Spherical Transformer for LiDAR-Based 3D Recognition},
  year      = {2023},
  pages     = {17545-17555},
}

@InProceedings{scan_based_projection,
  author    = {Triess, Larissa T. and Peter, David and Rist, Christoph B. and Zöllner, J. Marius},
  booktitle = {IEEE Intelligent Vehicles Symposium},
  title     = {Scan-based Semantic Segmentation of LiDAR Point Clouds: An Experimental Study},
  year      = {2020},
  pages     = {1116-1121},
}

@Misc{hdl_64e_s2_manual,
  author       = {Velodyne, Lidar},
  howpublished = {\url{https://velodynelidar.com/}},
  note         = {Accessed: 2011-05-11},
  title        = {HDL-64E S2 and S2.1 User’s Manual},
  year         = {2011},
}

@InProceedings{cenet_2022,
  author    = {Cheng, Huixian and Han, Xianfeng and Xiao, Guoqiang},
  booktitle = {International Conference on Multimedia and Expo},
  title     = {Cenet: Toward concise and efficient lidar semantic segmentation for autonomous driving},
  year      = {2022},
  pages     = {01--06},
}

@InProceedings{fidnet_2021,
  author    = {Zhao, Yiming and Bai, Lin and Huang, Xinming},
  booktitle = {International Conference on Intelligent Robots and Systems},
  title     = {FIDNet: LiDAR Point Cloud Semantic Segmentation with Fully Interpolation Decoding},
  year      = {2021},
  pages     = {4453--4458},
}

@InProceedings{rangeformer_2023,
  author    = {Kong, Lingdong and Liu, Youquan and Chen, Runnan and Ma, Yuexin and Zhu, Xinge and Li, Yikang and Hou, Yuenan and Qiao, Yu and Liu, Ziwei},
  booktitle = {International Conference on Computer Vision},
  title     = {Rethinking Range View Representation for LiDAR Segmentation},
  year      = {2023},
  pages     = {228-240},
}

@InProceedings{rangevit_2023,
  author    = {Ando, Angelika and Gidaris, Spyros and Bursuc, Andrei and Puy, Gilles and Boulch, Alexandre and Marlet, Renaud},
  booktitle = {Computer Vision and Pattern Recognition},
  title     = {RangeViT: Towards Vision Transformers for 3D Semantic Segmentation in Autonomous Driving},
  year      = {2023},
  pages     = {5240-5250},
}

@InProceedings{kprnet_2020,
  author    = {Kochanov, Deyvid and Nejadasl, Fatemeh Karimi and Booij, Olaf},
  booktitle = {arXiv},
  title     = {KPRNet: Improving projection-based LiDAR semantic segmentation},
  year      = {2020},
  eprint    = {2007.12668},
}

@InProceedings{kpconv_2019,
  author    = {Thomas, Hugues and Qi, Charles R and Deschaud, Jean-Emmanuel and Marcotegui, Beatriz and Goulette, Fran{\c{c}}ois and Guibas, Leonidas J},
  booktitle = {International Conference on Computer Vision},
  title     = {Kpconv: Flexible and deformable convolution for point clouds},
  year      = {2019},
  pages     = {6411--6420},
}

@InProceedings{polarmix_2022,
  author    = {Xiao, Aoran and Huang, Jiaxing and Guan, Dayan and Cui, Kaiwen and Lu, Shijian and Shao, Ling},
  booktitle = {Neural Information Processing Systems},
  title     = {PolarMix: A General Data Augmentation Technique for LiDAR Point Clouds},
  year      = {2022},
  pages     = {11035--11048},
  volume    = {35},
}

@InProceedings{squeezenet_2016,
  author    = {Iandola, Forrest N. and Han, Song and Moskewicz, Matthew W. and Ashraf, Khalid and Dally, William J. and Keutzer,Kurt},
  booktitle = {arXiv},
  title     = {SqueezeNet: AlexNet-level accuracy with 50x fewer parameters and \ensuremath{<}0.5{MB} model size},
  year      = {2016},
  page      = {1602.07360},
}

@InProceedings{yolov3_2018,
  author    = {Redmon, Joseph and Farhadi, Ali},
  booktitle = {arXiv},
  title     = {YOLOv3: An Incremental Improvement},
  year      = {2018},
  eprint    = {1804.02767},
}

@InProceedings{resnet_2016,
  author    = {He, Kaiming and Zhang, Xiangyu and Ren, Shaoqing and Sun, Jian},
  booktitle = {Computer Vision and Pattern Recognition},
  title     = {Deep Residual Learning for Image Recognition},
  year      = {2016},
  pages     = {770-778},
}

@InProceedings{vit_iclr_2021,
  author    = {Dosovitskiy, Alexey and Beyer, Lucas and Kolesnikov, Alexander and Weissenborn, Dirk and Zhai, Xiaohua and Unterthiner, Thomas and Dehghani, Mostafa and Minderer, Matthias and Heigold, Georg and Gelly, Sylvain and Uszkoreit, Jakob and Houlsby, Neil},
  booktitle = {International Conference on Learning Representations},
  title     = {An Image is Worth 16x16 Words: Transformers for Image Recognition at Scale},
  year      = {2021},
}

@InProceedings{lasermix_2023,
  author    = {Kong, Lingdong and Ren, Jiawei and Pan, Liang and Liu, Ziwei},
  booktitle = {Computer Vision and Pattern Recognition},
  title     = {LaserMix for Semi-Supervised LiDAR Semantic Segmentation},
  year      = {2023},
  pages     = {21705--21715},
}

@InProceedings{pointnet2017,
  author    = {Charles, R. Qi and Su, Hao and Kaichun, Mo and Guibas, Leonidas J.},
  booktitle = {20Computer Vision and Pattern Recognition},
  title     = {PointNet: Deep Learning on Point Sets for 3D Classification and Segmentation},
  year      = {2017},
  pages     = {77-85},
}

@Article{dgcnn2019,
  author    = {Wang, Yue and Sun, Yongbin and Liu, Ziwei and Sarma, Sanjay E. and Bronstein, Michael M. and Solomon, Justin M.},
  journal   = {ACM Transactions on Graphics},
  title     = {Dynamic Graph CNN for Learning on Point Clouds},
  year      = {2019},
  issn      = {0730-0301},
  number    = {5},
  volume    = {38},
  articleno = {146},
  numpages  = {12},
}

@InProceedings{pointtrans2021,
  author    = {Zhao, Hengshuang and Jiang, Li and Jia, Jiaya and Torr, Philip and Koltun, Vladlen},
  booktitle = {International Conference on Computer Vision},
  title     = {Point Transformer},
  year      = {2021},
  pages     = {16239-16248},
}

@InProceedings{pointtransv32024,
  author    = {Wu, Xiaoyang and Jiang, Li and Wang, Peng-Shuai and Liu, Zhijian and Liu, Xihui and Qiao, Yu and Ouyang, Wanli and He, Tong and Zhao, Hengshuang},
  booktitle = {Computer Vision and Pattern Recognition},
  title     = {Point Transformer V3: Simpler, Faster, Stronger},
  year      = {2024},
}

@InProceedings{closer3d2020,
  author    = {Liu, Ze and Hu, Han and Cao, Yue and Zhang, Zheng and Tong, Xin},
  booktitle = {European Conference on Computer Vision},
  title     = {A Closer Look at Local Aggregation Operators in Point Cloud Analysis},
  year      = {2020},
  pages     = {326–342},
}

@InProceedings{pcnn2018,
  author    = {Wang, Shenlong and Suo, Simon and Ma, Wei-Chiu and Pokrovsky, Andrei and Urtasun, Raquel},
  booktitle = {Computer Vision and Pattern Recognition},
  title     = {Deep Parametric Continuous Convolutional Neural Networks},
  year      = {2018},
  pages     = {2589-2597},
}

@InProceedings{attention2017,
  author    = {Vaswani, Ashish and Shazeer, Noam and Parmar, Niki and Uszkoreit, Jakob and Jones, Llion and Gomez, Aidan N. and Kaiser, \L{}ukasz and Polosukhin, Illia},
  booktitle = {Neural Information Processing Systems},
  title     = {Attention is all you need},
  year      = {2017},
  pages     = {6000–6010},
  numpages  = {11},
}

@InProceedings{semanticposs_2020,
  author    = {Pan, Yancheng and Gao, Biao and Mei, Jilin and Geng, Sibo and Li, Chengkun and Zhao, Huijing},
  booktitle = {IEEE Intelligent Vehicles Symposium},
  title     = {Semanticposs: A point cloud dataset with large quantity of dynamic instances},
  year      = {2020},
  pages     = {687--693},
}

@Article{filling_missing2024,
  author  = {Chen, Bike and Gong, Chen and Röning, Juha},
  journal = {IEEE Transactions on Intelligent Vehicles},
  title   = {Filling Missing Values Matters for Range Image-Based Point Cloud Segmentation},
  year    = {2024},
  pages   = {1-15},
}

@InProceedings{convnext2022,
  author    = {Liu, Zhuang and Mao, Hanzi and Wu, Chao-Yuan and Feichtenhofer, Christoph and Darrell, Trevor and Xie, Saining},
  booktitle = {Computer Vision and Pattern Recognition},
  title     = {A ConvNet for the 2020s},
  year      = {2022},
  pages     = {11966-11976},
}

@InProceedings{segformer2021,
  author    = {Xie, Enze and Wang, Wenhai and Yu, Zhiding and Anandkumar, Anima and Alvarez, Jose M. and Luo, Ping},
  booktitle = {Neural Information Processing Systems},
  title     = {SegFormer: Simple and Efficient Design for Semantic Segmentation with Transformers},
  year      = {2021},
  pages     = {12077--12090},
  volume    = {34},
}

@Article{data_aug2024,
  author  = {Zhu, Qinfeng and Fan, Lei and Weng, Ningxin},
  journal = {Pattern Recognition},
  title   = {Advancements in point cloud data augmentation for deep learning: A survey},
  year    = {2024},
  issn    = {0031-3203},
  pages   = {110532},
  volume  = {153},
}

@InProceedings{cityscapes16,
  author    = {Cordts, Marius and Omran, Mohamed and Ramos, Sebastian and Rehfeld, Timo and Enzweiler, Markus and Benenson, Rodrigo and Franke, Uwe and Roth, Stefan and Schiele, Bernt},
  booktitle = {Computer Vision and Pattern Recognition},
  title     = {The Cityscapes Dataset for Semantic Urban Scene Understanding},
  year      = {2016},
  pages     = {3213-3223},
}

@Article{minet_2021,
  author  = {Li, Shijie and Chen, Xieyuanli and Liu, Yun and Dai, Dengxin and Stachniss, Cyrill and Gall, Juergen},
  journal = {IEEE Robotics and Automation Letters},
  title   = {Multi-scale interaction for real-time lidar data segmentation on an embedded platform},
  year    = {2021},
  number  = {2},
  pages   = {738--745},
  volume  = {7},
}

@InProceedings{imagenet,
  author    = {Deng, Jia and Dong, Wei and Socher, Richard and Li, Li-Jia and Kai Li and Li Fei-Fei},
  booktitle = {Computer Vision and Pattern Recognition},
  title     = {ImageNet: A large-scale hierarchical image database},
  year      = {2009},
  pages     = {248-255},
}

@InProceedings{minkowski2019,
  author    = {Choy, Christopher and Gwak, JunYoung and Savarese, Silvio},
  booktitle = {Computer Vision and Pattern Recognition},
  title     = {4D Spatio-Temporal ConvNets: Minkowski Convolutional Neural Networks},
  year      = {2019},
  pages     = {3070-3079},
}

@InProceedings{cylindrical3d2021,
  author    = {Zhu, Xinge and Zhou, Hui and Wang, Tai and Hong, Fangzhou and Ma, Yuexin and Li, Wei and Li, Hongsheng and Lin, Dahua},
  booktitle = {Computer Vision and Pattern Recognition},
  title     = {Cylindrical and Asymmetrical 3D Convolution Networks for LiDAR Segmentation},
  year      = {2021},
  pages     = {9934-9943},
}

@InProceedings{openpcseg2023,
  author    = {Liu, Youquan and Chen, Runnan and Li, Xin and Kong, Lingdong and Yang, Yuchen and Xia, Zhaoyang and Bai, Yeqi and Zhu, Xinge and Ma, Yuexin and Li, Yikang and Qiao, Yu and Hou, Yuenan},
  booktitle = {International Conference on Computer Vision},
  title     = {UniSeg: A Unified Multi-Modal LiDAR Segmentation Network and the OpenPCSeg Codebase},
  year      = {2023},
  pages     = {21662-21673},
}

@Article{neigh_agg2024,
  author  = {Wang, Xuchu and Yuan, Yue},
  journal = {IEEE Transactions on Intelligent Transportation Systems},
  title   = {MNAT-Net: Multi-Scale Neighborhood Aggregation Transformer Network for Point Cloud Classification and Segmentation},
  year    = {2024},
  pages   = {1-15},
}

@Article{domainAdpt2024,
  author  = {Xiao, Aoran and Huang, Jiaxing and Liu, Kangcheng and Guan, Dayan and Zhang, Xiaoqin and Lu, Shijian},
  journal = {IEEE Transactions on Intelligent Transportation Systems},
  title   = {Domain Adaptive LiDAR Point Cloud Segmentation via Density-Aware Self-Training},
  year    = {2024},
  pages   = {1-13},
}

@InProceedings{pdm2024,
  author       = {Chen, Bike and Gong, Chen and Tikanmäki, Antti and Röning, Juha},
  booktitle    = {arXiv},
  title        = {Trainable Pointwise Decoder Module for Point Cloud Segmentation},
  year         = {2024},
  eprint       = {2408.01548},
  primaryclass = {cs.CV},
}

@Article{kissicp2023,
  author  = {Vizzo, Ignacio and Guadagnino, Tiziano and Mersch, Benedikt and Wiesmann, Louis and Behley, Jens and Stachniss, Cyrill},
  journal = {IEEE Robotics and Automation Letters},
  title   = {KISS-ICP: In Defense of Point-to-Point ICP -- Simple, Accurate, and Robust Registration If Done the Right Way},
  year    = {2023},
  number  = {2},
  pages   = {1029--1036},
  volume  = {8},
}

@InProceedings{loam2014,
  author    = {Zhang, Ji and Singh, Sanjiv},
  booktitle = {Robotics: Science and systems},
  title     = {LOAM: Lidar odometry and mapping in real-time},
  year      = {2014},
  number    = {9},
  pages     = {1--9},
  volume    = {2},
}

@InProceedings{waffleiron23,
  author    = {Puy, Gilles and Boulch, Alexandre and Marlet, Renaud},
  booktitle = {International Conference on Computer Vision},
  title     = {Using a Waffle Iron for Automotive Point Cloud Semantic Segmentation},
  year      = {2023},
  pages     = {3356-3366},
}

@InProceedings{taseg24,
  author    = {Wu, Xiaopei and Hou, Yuenan and Huang, Xiaoshui and Lin, Binbin and He, Tong and Zhu, Xinge and Ma, Yuexin and Wu, Boxi and Liu, Haifeng and Cai, Deng and Ouyang, Wanli},
  booktitle = {Computer Vision and Pattern Recognition},
  title     = {TASeg: Temporal Aggregation Network for LiDAR Semantic Segmentation},
  year      = {2024},
  pages     = {15311-15320},
}

@InProceedings{rapid25,
  author    = {Li, Li and Shum, Hubert P. H. and Breckon, Toby P.},
  booktitle = {European Conference on Computer Vision},
  title     = {RAPiD-Seg: Range-Aware Pointwise Distance Distribution Networks for 3D LiDAR Segmentation},
  year      = {2025},
  pages     = {222--241},
}

@InProceedings{empir24,
  author    = {Sun, Jiahao and Qing, Chunmei and Xu, Xiang and Kong, Lingdong and Liu, Youquan and Li, Li and Zhu, Chenming and Zhang, Jingwei and Xiao, Zeqi and Chen, Runnan and Wang, Tai and Zhang, Wenwei and Chen, Kai},
  booktitle = {arXiv},
  title     = {An Empirical Study of Training State-of-the-Art LiDAR Segmentation Models},
  year      = {2024},
  page      = {2405.14870},
}

@InProceedings{torchsparse23,
  author    = {Tang, Haotian and Yang, Shang and Liu, Zhijian and Hong, Ke and Yu, Zhongming and Li, Xiuyu and Dai, Guohao and Wang, Yu and Han, Song},
  booktitle = {Computer Vision and Pattern Recognition Workshops},
  title     = {TorchSparse++: Efficient Point Cloud Engine},
  year      = {2023},
  pages     = {202-209},
}

@Misc{spconv2022,
  author       = {Spconv Contributors},
  howpublished = {\url{https://github.com/traveller59/spconv}},
  title        = {Spconv: Spatially Sparse Convolution Library},
  year         = {2022},
}

@InProceedings{kpconvx24,
  author    = {Thomas, Hugues and Tsai, Yao-Hung Hubert and Barfoot, Timothy D and Zhang, Jian},
  booktitle = {Computer Vision and Pattern Recognition},
  title     = {KPConvX: Modernizing Kernel Point Convolution with Kernel Attention},
  year      = {2024},
  pages     = {5525--5535},
}

@Article{fastlio2,
  author  = {Xu, Wei and Cai, Yixi and He, Dongjiao and Lin, Jiarong and Zhang, Fu},
  journal = {IEEE Transactions on Robotics},
  title   = {FAST-LIO2: Fast Direct LiDAR-Inertial Odometry},
  year    = {2022},
  number  = {4},
  pages   = {2053-2073},
  volume  = {38},
}

@InProceedings{cocostuff18,
  author    = {Caesar, Holger and Uijlings, Jasper and Ferrari, Vittorio},
  booktitle = {Computer Vision and Pattern Recognition},
  title     = {COCO-Stuff: Thing and Stuff Classes in Context},
  year      = {2018},
  pages     = {1209-1218},
}

@InProceedings{copypaste21,
  author    = {Ghiasi, Golnaz and Cui, Yin and Srinivas, Aravind and Qian, Rui and Lin, Tsung-Yi and Cubuk, Ekin D. and Le, Quoc V. and Zoph, Barret},
  booktitle = {Computer Vision and Pattern Recognition},
  title     = {Simple Copy-Paste is a Strong Data Augmentation Method for Instance Segmentation},
  year      = {2021},
  pages     = {2917-2927},
}

@Comment{jabref-meta: databaseType:bibtex;}
