
@article{kuang2014luteal,
  title={Luteal-phase ovarian stimulation is feasible for producing competent oocytes in women undergoing in vitro fertilization/intracytoplasmic sperm injection treatment, with optimal pregnancy outcomes in frozen-thawed embryo transfer cycles},
  author={Kuang, Yanping and Hong, Qingqing and Chen, Qiuju and Lyu, Qifeng and Ai, Ai and Fu, Yonglun and Shoham, Zeev},
  journal={Fertility and sterility},
  volume={101},
  number={1},
  pages={105--111},
  year={2014},
  publisher={Elsevier}
}
@book{colman2015dictionary,
  title={A dictionary of psychology},
  author={Colman, Andrew M},
  year={2015},
  publisher={Oxford University Press, USA}
}
@book{ebbinghaus1885gedachtnis,
  title={{\"U}ber das ged{\"a}chtnis: untersuchungen zur experimentellen psychologie},
  author={Ebbinghaus, Hermann},
  year={1885},
  publisher={Duncker \& Humblot}
}
@article{glanzer1966two,
  title={Two storage mechanisms in free recall},
  author={Glanzer, Murray and Cunitz, Anita R},
  journal={Journal of verbal learning and verbal behavior},
  volume={5},
  number={4},
  pages={351--360},
  year={1966},
  publisher={Elsevier}
}
@article{ma2023suggest,
  title={What do I suggest you focus on in my photo story? The effect of user personality on the position significance of jiugong grid images in microblog},
  author={Ma, Xiaoyue and He, Zhonghua and Cao, Yu},
  journal={Cyberpsychology, behavior, and social networking},
  volume={26},
  number={1},
  pages={35--41},
  year={2023},
  publisher={Mary Ann Liebert, Inc., publishers 140 Huguenot Street, 3rd Floor New~â€¦}
}
@inproceedings{khosla2014makes,
  title={What makes an image popular?},
  author={Khosla, Aditya and Das Sarma, Atish and Hamid, Raffay},
  booktitle={Proceedings of the 23rd international conference on World wide web},
  pages={867--876},
  year={2014}
}
@inproceedings{hessel2017cats,
  title={Cats and captions vs. creators and the clock: Comparing multimodal content to context in predicting relative popularity},
  author={Hessel, Jack and Lee, Lillian and Mimno, David},
  booktitle={Proceedings of the 26th international conference on world wide web},
  pages={927--936},
  year={2017}
}
@inproceedings{ding2019intrinsic,
  title={Intrinsic image popularity assessment},
  author={Ding, Keyan and Ma, Kede and Wang, Shiqi},
  booktitle={Proceedings of the 27th ACM international conference on multimedia},
  pages={1979--1987},
  year={2019}
}
@inproceedings{he2016deep,
  title={Deep residual learning for image recognition},
  author={He, Kaiming and Zhang, Xiangyu and Ren, Shaoqing and Sun, Jian},
  booktitle={Proceedings of the IEEE conference on computer vision and pattern recognition},
  pages={770--778},
  year={2016}
}
@article{talebi2018nima,
  title={NIMA: Neural image assessment},
  author={Talebi, Hossein and Milanfar, Peyman},
  journal={IEEE transactions on image processing},
  volume={27},
  number={8},
  pages={3998--4011},
  year={2018},
  publisher={IEEE}
}
@article{ma2021image,
  title={Image Position and Layout Effects on User Engagement of Multi-image Tweets},
  author={Ma, Xiaoyue and Meng, Xiao},
  journal={Proceedings of the Association for Information Science and Technology},
  volume={58},
  number={1},
  pages={490--494},
  year={2021},
  publisher={Wiley Online Library}
}