@article{aradi2020survey,
  title={Survey of deep reinforcement learning for motion planning of autonomous vehicles},
  author={Aradi, Szil{\'a}rd},
  journal={IEEE Transactions on Intelligent Transportation Systems},
  volume={23},
  number={2},
  pages={740--759},
  year={2020},
  publisher={IEEE}
}

@article{atapour2024leveraging,
  title={Leveraging Foundation Models for Efficient Federated Learning in Resource-restricted Edge Networks},
  author={Atapour, S Kawa and SeyedMohammadi, S Jamal and Sheikholeslami, S Mohammad and Abouei, Jamshid and Plataniotis, Konstantinos N and Mohammadi, Arash},
  journal={arXiv preprint arXiv:2409.09273},
  year={2024}
}

@article{dong2024fine,
  title={Fine-Tuning and Deploying Large Language Models Over Edges: Issues and Approaches},
  author={Dong, Yanjie and Fan, Xiaoyi and Wang, Fangxin and Li, Chengming and Leung, Victor and Hu, Xiping},
  journal={arXiv preprint arXiv:2408.10691},
  year={2024}
}

@article{eid2024federated,
  title={Federated learning system on autonomous vehicles for lane segmentation},
  author={Eid Kishawy, Mohab M and Abd El-Hafez, Mohamed T and Yousri, Retaj and Darweesh, M Saeed},
  journal={Scientific Reports},
  volume={14},
  number={1},
  pages={25029},
  year={2024},
  publisher={Nature Publishing Group UK London}
}

@article{feng2024model,
  title={Model Swarms: Collaborative Search to Adapt {LLM} Experts via Swarm Intelligence},
  author={Feng, Shangbin and Wang, Zifeng and Wang, Yike and Ebrahimi, Sayna and Palangi, Hamid and Miculicich, Lesly and Kulshrestha, Achin and Rauschmayr, Nathalie and Choi, Yejin and Tsvetkov, Yulia and others},
  journal={arXiv preprint arXiv:2410.11163},
  year={2024}
}

@article{han2024swarm,
  title={Swarm Intelligence in Geo-Localization: A Multi-Agent Large Vision-Language Model Collaborative Framework},
  author={Han, Xiao and Zhu, Chen and Zhao, Xiangyu and Zhu, Hengshu},
  journal={arXiv preprint arXiv:2408.11312},
  year={2024}
}

@inproceedings{jiang2024low,
  title={Low-parameter federated learning with large language models},
  author={Jiang, Jingang and Jiang, Haiqi and Ma, Yuhan and Liu, Xiangyang and Fan, Chenyou},
  booktitle={International Conference on Web Information Systems and Applications},
  pages={319--330},
  year={2024},
  organization={Springer}
}

@article{kim2023efficient,
  title={Efficient federated learning with pre-trained large language model using several adapter mechanisms},
  author={Kim, Gyunyeop and Yoo, Joon and Kang, Sangwoo},
  journal={Mathematics},
  volume={11},
  number={21},
  pages={4479},
  year={2023},
  publisher={MDPI}
}

@article{kou2024pfedlvm,
  title={{pFedLVM}: A Large Vision Model ({LVM})-Driven and Latent Feature-Based Personalized Federated Learning Framework in Autonomous Driving},
  author={Kou, Wei-Bin and Lin, Qingfeng and Tang, Ming and Xu, Sheng and Ye, Rongguang and Leng, Yang and Wang, Shuai and Chen, Zhenyu and Zhu, Guangxu and Wu, Yik-Chung},
  journal={arXiv preprint arXiv:2405.04146},
  year={2024}
}

@article{krishnamoorthy2024integrating,
  title={Integrating {LLMs} into {AI}-Driven Supply Chains: {Best} Practices for Training, Development, and Deployment in the Retail and Manufacturing Industries},
  author={Krishnamoorthy, Gowrisankar and Kurkute, Mahadu Vinayak and Sreeram, Jeevan},
  journal={Journal of Artificial Intelligence Research and Applications},
  volume={4},
  number={1},
  pages={592--627},
  year={2024}
}

@inproceedings{kuang2024federatedscope,
  title={{FederatedScope-LLM}: {A} comprehensive package for fine-tuning large language models in federated learning},
  author={Kuang, Weirui and Qian, Bingchen and Li, Zitao and Chen, Daoyuan and Gao, Dawei and Pan, Xuchen and Xie, Yuexiang and Li, Yaliang and Ding, Bolin and Zhou, Jingren},
  booktitle={Proceedings of the 30th ACM SIGKDD Conference on Knowledge Discovery and Data Mining},
  pages={5260--5271},
  year={2024}
}

@article{kurkute2023scalable,
  title={Scalable Development and Deployment of {LLMs} in Manufacturing: Leveraging {AI} to Enhance Predictive Maintenance, Quality Control, and Process Automation},
  author={Kurkute, Mahadu Vinayak and Namperumal, Gunaseelan and Selvaraj, Akila},
  journal={Australian Journal of Machine Learning Research \& Applications},
  volume={3},
  number={2},
  pages={381--430},
  year={2023}
}

@article{liu2023differentially,
  title={Differentially private low-rank adaptation of large language model using federated learning},
  author={Liu, Xiao-Yang and Zhu, Rongyi and Zha, Daochen and Gao, Jiechao and Zhong, Shan and White, Matt and Qiu, Meikang},
  journal={ACM Transactions on Management Information Systems},
  year={2023},
  publisher={ACM New York, NY}
}

@article{mattoo2024device,
  title={Device Selection Methods in Federated Learning: A Survey},
  author={Mattoo, Aditee and Jain, Neeraj and Gandhi, Charu},
  journal={SN Computer Science},
  volume={5},
  number={6},
  pages={763},
  year={2024},
  publisher={Springer}
}

@article{mudvari2024splitllm,
  title={{SplitLLM: Collaborative} Inference of {LLMs} for Model Placement and Throughput Optimization},
  author={Mudvari, Akrit and Jiang, Yuang and Tassiulas, Leandros},
  journal={arXiv preprint arXiv:2410.10759},
  year={2024}
}

@article{muhammad2020deep,
  title={Deep learning for safe autonomous driving: Current challenges and future directions},
  author={Muhammad, Khan and Ullah, Amin and Lloret, Jaime and Del Ser, Javier and de Albuquerque, Victor Hugo C},
  journal={IEEE Transactions on Intelligent Transportation Systems},
  volume={22},
  number={7},
  pages={4316--4336},
  year={2020},
  publisher={IEEE}
}

@inproceedings{pluhacek2023leveraging,
  title={Leveraging large language models for the generation of novel metaheuristic optimization algorithms},
  author={Pluhacek, Michal and Kazikova, Anezka and Kadavy, Tomas and Viktorin, Adam and Senkerik, Roman},
  booktitle={Proceedings of the Companion Conference on Genetic and Evolutionary Computation},
  pages={1812--1820},
  year={2023}
}

@inproceedings{rjoub2021improving,
  title={Improving autonomous vehicles safety in snow weather using federated {YOLO CNN} learning},
  author={Rjoub, Gaith and Wahab, Omar Abdel and Bentahar, Jamal and Bataineh, Ahmed Saleh},
  booktitle={International Conference on Mobile Web and Intelligent Information Systems},
  pages={121--134},
  year={2021},
  organization={Springer}
}

@article{rjoub2024trust,
  title={Trust-augmented deep reinforcement learning for federated learning client selection},
  author={Rjoub, Gaith and Wahab, Omar Abdel and Bentahar, Jamal and Cohen, Robin and Bataineh, Ahmed Saleh},
  journal={Information Systems Frontiers},
  volume={26},
  number={4},
  pages={1261--1278},
  year={2024},
  publisher={Springer}
}

@article{supriya2023particle,
  title={Particle swarm-based federated learning approach for early detection of forest fires},
  author={Supriya, Y and Gadekallu, Thippa Reddy},
  journal={Sustainability},
  volume={15},
  number={2},
  pages={964},
  year={2023},
  publisher={MDPI}
}

@article{tang2023fusionai,
  title={{FusionAI}: Decentralized Training and Deploying {LLMs} with Massive Consumer-Level {GPUs}},
  author={Tang, Zhenheng and Wang, Yuxin and He, Xin and Zhang, Longteng and Pan, Xinglin and Wang, Qiang and Zeng, Rongfei and Zhao, Kaiyong and Shi, Shaohuai and He, Bingsheng and others},
  journal={arXiv preprint arXiv:2309.01172},
  year={2023}
}

@article{van2024llamea,
  title={LLaMEA: A Large Language Model Evolutionary Algorithm for Automatically Generating Metaheuristics},
  author={van Stein, Niki and B{\"a}ck, Thomas},
  journal={arXiv preprint arXiv:2405.20132},
  year={2024}
}

@inproceedings{wu2024fedbiot,
  title={{FedBiOT: LLM} local fine-tuning in federated learning without full model},
  author={Wu, Feijie and Li, Zitao and Li, Yaliang and Ding, Bolin and Gao, Jing},
  booktitle={Proceedings of the 30th ACM SIGKDD Conference on Knowledge Discovery and Data Mining},
  pages={3345--3355},
  year={2024}
}

@article{xing2023efficient,
  title={An efficient algorithm for energy harvesting in {IIoT} based on machine learning and swarm intelligence},
  author={Xing, Peizhen and Zhang, Hui and Derbali, Morched and Sefat, Shebnam M and Alharbi, Amal H and Khafaga, Doaa Sami and Sani, Nor Samsiah},
  journal={Heliyon},
  volume={9},
  number={7},
  year={2023},
  publisher={Elsevier}
}

@article{yao2024federated,
  title={Federated Large Language Models: Current Progress and Future Directions},
  author={Yao, Yuhang and Zhang, Jianyi and Wu, Junda and Huang, Chengkai and Xia, Yu and Yu, Tong and Zhang, Ruiyi and Kim, Sungchul and Rossi, Ryan and Li, Ang and others},
  journal={arXiv preprint arXiv:2409.15723},
  year={2024}
}

@inproceedings{ye2024openfedllm,
  title={{OpenFedLLM}: {Training} large language models on decentralized private data via federated learning},
  author={Ye, Rui and Wang, Wenhao and Chai, Jingyi and Li, Dihan and Li, Zexi and Xu, Yinda and Du, Yaxin and Wang, Yanfeng and Chen, Siheng},
  booktitle={Proceedings of the 30th ACM SIGKDD Conference on Knowledge Discovery and Data Mining},
  pages={6137--6147},
  year={2024}
}

@article{zhang2024mllm,
  title={{MLLM-FL: Multimodal} Large Language Model Assisted Federated Learning on Heterogeneous and Long-tailed Data},
  author={Zhang, Jianyi and Yang, Hao Frank and Li, Ang and Guo, Xin and Wang, Pu and Wang, Haiming and Chen, Yiran and Li, Hai},
  journal={arXiv preprint arXiv:2409.06067},
  year={2024}
}

@article{zhao2024llm,
  title={{LLM}-based federated recommendation},
  author={Zhao, Jujia and Wang, Wenjie and Xu, Chen and Ren, Zhaochun and Ng, See-Kiong and Chua, Tat-Seng},
  journal={arXiv preprint arXiv:2402.09959},
  year={2024}
}

