@article{Al-SaqqarBSWA15,
  author       = {Faisal Al{-}Saqqar and
                  Jamal Bentahar and
                  Khalid Sultan and
                  Wei Wan and
                  Ehsan Khosrowshahi Asl},
  title        = {Model checking temporal knowledge and commitments in multi-agent systems
                  using reduction},
  journal      = {Simul. Model. Pract. Theory},
  volume       = {51},
  pages        = {45--68},
  year         = {2015}
}


@inproceedings{El-MenshawyBD10,
  author       = {Mohamed El{-}Menshawy and
                  Jamal Bentahar and
                  Rachida Dssouli},
  editor       = {Andrea Omicini and
                  Sebastian Sardi{\~{n}}a and
                  Wamberto Weber Vasconcelos},
  title        = {Symbolic Model Checking Commitment Protocols Using Reduction},
  booktitle    = {Declarative Agent Languages and Technologies {VIII} - 8th International Workshop, {DALT} 2010, Toronto, Canada, May 10, 2010, Revised, Selected and Invited Papers},
  series       = {Lecture Notes in Computer Science},
  volume       = {6619},
  pages        = {185--203},
  publisher    = {Springer},
  year         = {2010}
}

@article{Akhtarshenas24,
  title={Federated learning: A cutting-edge survey of the latest advancements and applications},
  author={Azim Akhtarshenas and Mohammad Ali Vahedifar and Navid Ayoobi and Behrouz Maham and Tohid Alizadeh and Sina Ebrahimi and David L{\'{o}}pez{-}P{\'{e}}rez},
  journal={Computer Communications},
  volume={228},
  pages={107964},
  year={2024}
}


@article{bao2022federated,
  title={Federated learning in cloud-edge collaborative architecture: key technologies, applications and challenges},
  author={Bao, Guanming and Guo, Ping},
  journal={Journal of Cloud Computing},
  volume={11},
  number={1},
  pages={94},
  year={2022},
  publisher={Springer}
}
@article{wu2024topology,
  title={Topology-aware federated learning in edge computing: A comprehensive survey},
  author={Wu, Jiajun and Dong, Fan and Leung, Henry and Zhu, Zhuangdi and Zhou, Jiayu and Drew, Steve},
  journal={ACM Computing Surveys},
  volume={56},
  number={10},
  pages={1--41},
  year={2024},
  publisher={ACM New York, NY}
}
@article{trindade2022resource,
  title={Resource management at the network edge for federated learning},
  author={Trindade, Silvana and Bittencourt, Luiz F and da Fonseca, Nelson LS},
  journal={Digital Communications and Networks},
  year={2022},
  publisher={Elsevier}
}
@article{huang2024large,
  title={From Large Language Models to Large Multimodal Models: A Literature Review},
  author={Huang, Dawei and Yan, Chuan and Li, Qing and Peng, Xiaojiang},
  journal={Applied Sciences},
  volume={14},
  number={12},
  pages={5068},
  year={2024},
  publisher={MDPI}
}
@inproceedings{aldeen2024initial,
  title={An Initial Exploration of Employing Large Multimodal Models in Defending Against Autonomous Vehicles Attacks},
  author={Aldeen, Mohammed and MohajerAnsari, Pedram and Ma, Jin and Chowdhury, Mashrur and Cheng, Long and Pes{\'e}, Mert D},
  booktitle={2024 IEEE Intelligent Vehicles Symposium (IV)},
  pages={3334--3341},
  year={2024},
  organization={IEEE}
}
@article{wang2023accelerating,
  title={Accelerating the integration of {ChatGPT} and other large-scale {AI} models into biomedical research and healthcare},
  author={Wang, Ding-Qiao and Feng, Long-Yu and Ye, Jin-Guo and Zou, Jin-Gen and Zheng, Ying-Feng},
  journal={MedComm--Future Medicine},
  volume={2},
  number={2},
  pages={e43},
  year={2023},
  publisher={Wiley Online Library}
}
@article{fan2024new,
  title={A New Era in Human Factors Engineering: A Survey of the Applications and Prospects of Large Multimodal Models},
  author={Fan, Li and Ching-Hung, Lee and Su, Han and Shanshan, Feng and Zhuoxuan, Jiang and Zhu, Sun},
  journal={arXiv preprint arXiv:2405.13426},
  year={2024}
}
@article{abualigah2023swarm,
  title={Swarm intelligence to face {IoT} challenges},
  author={Abualigah, Laith and Falcone, Deborah and Forestiero, Agostino},
  journal={Computational Intelligence and Neuroscience},
  volume={2023},
  number={1},
  pages={4254194},
  year={2023},
  publisher={Wiley Online Library}
}
@article{sun2020survey,
  title={A survey of using swarm intelligence algorithms in {IoT}},
  author={Sun, Weifeng and Tang, Min and Zhang, Lijun and Huo, Zhiqiang and Shu, Lei},
  journal={Sensors},
  volume={20},
  number={5},
  pages={1420},
  year={2020},
  publisher={MDPI}
}

@article{feng2024model,
  title={Model Swarms: Collaborative Search to Adapt {LLM} Experts via Swarm Intelligence},
  author={Feng, Shangbin and Wang, Zifeng and Wang, Yike and Ebrahimi, Sayna and Palangi, Hamid and Miculicich, Lesly and Kulshrestha, Achin and Rauschmayr, Nathalie and Choi, Yejin and Tsvetkov, Yulia and others},
  journal={arXiv preprint arXiv:2410.11163},
  year={2024}
}

@article{han2024swarm,
  title={Swarm Intelligence in Geo-Localization: A Multi-Agent Large Vision-Language Model Collaborative Framework},
  author={Han, Xiao and Zhu, Chen and Zhao, Xiangyu and Zhu, Hengshu},
  journal={arXiv preprint arXiv:2408.11312},
  year={2024}
}

@inproceedings{pluhacek2023leveraging,
  title={Leveraging large language models for the generation of novel metaheuristic optimization algorithms},
  author={Pluhacek, Michal and Kazikova, Anezka and Kadavy, Tomas and Viktorin, Adam and Senkerik, Roman},
  booktitle={Proceedings of the Companion Conference on Genetic and Evolutionary Computation},
  pages={1812--1820},
  year={2023}
}

@article{van2024llamea,
  title={LLaMEA: A Large Language Model Evolutionary Algorithm for Automatically Generating Metaheuristics},
  author={van Stein, Niki and B{\"a}ck, Thomas},
  journal={arXiv preprint arXiv:2405.20132},
  year={2024}
}

@article{tang2023fusionai,
  title={{FusionAI}: Decentralized Training and Deploying {LLMs} with Massive Consumer-Level {GPUs}},
  author={Tang, Zhenheng and Wang, Yuxin and He, Xin and Zhang, Longteng and Pan, Xinglin and Wang, Qiang and Zeng, Rongfei and Zhao, Kaiyong and Shi, Shaohuai and He, Bingsheng and others},
  journal={arXiv preprint arXiv:2309.01172},
  year={2023}
}

@article{atapour2024leveraging,
  title={Leveraging Foundation Models for Efficient Federated Learning in Resource-restricted Edge Networks},
  author={Atapour, S Kawa and SeyedMohammadi, S Jamal and Sheikholeslami, S Mohammad and Abouei, Jamshid and Plataniotis, Konstantinos N and Mohammadi, Arash},
  journal={arXiv preprint arXiv:2409.09273},
  year={2024}
}

@article{kurkute2023scalable,
  title={Scalable Development and Deployment of {LLMs} in Manufacturing: Leveraging {AI} to Enhance Predictive Maintenance, Quality Control, and Process Automation},
  author={Kurkute, Mahadu Vinayak and Namperumal, Gunaseelan and Selvaraj, Akila},
  journal={Australian Journal of Machine Learning Research \& Applications},
  volume={3},
  number={2},
  pages={381--430},
  year={2023}
}

@article{zhang2024mllm,
  title={{MLLM-FL: Multimodal} Large Language Model Assisted Federated Learning on Heterogeneous and Long-tailed Data},
  author={Zhang, Jianyi and Yang, Hao Frank and Li, Ang and Guo, Xin and Wang, Pu and Wang, Haiming and Chen, Yiran and Li, Hai},
  journal={arXiv preprint arXiv:2409.06067},
  year={2024}
}

@article{krishnamoorthy2024integrating,
  title={Integrating {LLMs} into {AI}-Driven Supply Chains: {Best} Practices for Training, Development, and Deployment in the Retail and Manufacturing Industries},
  author={Krishnamoorthy, Gowrisankar and Kurkute, Mahadu Vinayak and Sreeram, Jeevan},
  journal={Journal of Artificial Intelligence Research and Applications},
  volume={4},
  number={1},
  pages={592--627},
  year={2024}
}

@article{mudvari2024splitllm,
  title={{SplitLLM: Collaborative} Inference of {LLMs} for Model Placement and Throughput Optimization},
  author={Mudvari, Akrit and Jiang, Yuang and Tassiulas, Leandros},
  journal={arXiv preprint arXiv:2410.10759},
  year={2024}
}

@article{dong2024fine,
  title={Fine-Tuning and Deploying Large Language Models Over Edges: Issues and Approaches},
  author={Dong, Yanjie and Fan, Xiaoyi and Wang, Fangxin and Li, Chengming and Leung, Victor and Hu, Xiping},
  journal={arXiv preprint arXiv:2408.10691},
  year={2024}
}

@article{zhao2024llm,
  title={{LLM}-based federated recommendation},
  author={Zhao, Jujia and Wang, Wenjie and Xu, Chen and Ren, Zhaochun and Ng, See-Kiong and Chua, Tat-Seng},
  journal={arXiv preprint arXiv:2402.09959},
  year={2024}
}

@article{yao2024federated,
  title={Federated Large Language Models: Current Progress and Future Directions},
  author={Yao, Yuhang and Zhang, Jianyi and Wu, Junda and Huang, Chengkai and Xia, Yu and Yu, Tong and Zhang, Ruiyi and Kim, Sungchul and Rossi, Ryan and Li, Ang and others},
  journal={arXiv preprint arXiv:2409.15723},
  year={2024}
}

@article{kou2024pfedlvm,
  title={{pFedLVM}: A Large Vision Model ({LVM})-Driven and Latent Feature-Based Personalized Federated Learning Framework in Autonomous Driving},
  author={Kou, Wei-Bin and Lin, Qingfeng and Tang, Ming and Xu, Sheng and Ye, Rongguang and Leng, Yang and Wang, Shuai and Chen, Zhenyu and Zhu, Guangxu and Wu, Yik-Chung},
  journal={arXiv preprint arXiv:2405.04146},
  year={2024}
}

@article{mattoo2024device,
  title={Device Selection Methods in Federated Learning: A Survey},
  author={Mattoo, Aditee and Jain, Neeraj and Gandhi, Charu},
  journal={SN Computer Science},
  volume={5},
  number={6},
  pages={763},
  year={2024},
  publisher={Springer}
}

@article{xing2023efficient,
  title={An efficient algorithm for energy harvesting in {IIoT} based on machine learning and swarm intelligence},
  author={Xing, Peizhen and Zhang, Hui and Derbali, Morched and Sefat, Shebnam M and Alharbi, Amal H and Khafaga, Doaa Sami and Sani, Nor Samsiah},
  journal={Heliyon},
  volume={9},
  number={7},
  year={2023},
  publisher={Elsevier}
}

@article{supriya2023particle,
  title={Particle swarm-based federated learning approach for early detection of forest fires},
  author={Supriya, Y and Gadekallu, Thippa Reddy},
  journal={Sustainability},
  volume={15},
  number={2},
  pages={964},
  year={2023},
  publisher={MDPI}
}

@inproceedings{jiang2024low,
  title={Low-parameter federated learning with large language models},
  author={Jiang, Jingang and Jiang, Haiqi and Ma, Yuhan and Liu, Xiangyang and Fan, Chenyou},
  booktitle={International Conference on Web Information Systems and Applications},
  pages={319--330},
  year={2024},
  organization={Springer}
}

@article{liu2023differentially,
  title={Differentially private low-rank adaptation of large language model using federated learning},
  author={Liu, Xiao-Yang and Zhu, Rongyi and Zha, Daochen and Gao, Jiechao and Zhong, Shan and White, Matt and Qiu, Meikang},
  journal={ACM Transactions on Management Information Systems},
  year={2023},
  publisher={ACM New York, NY}
}

@inproceedings{ye2024openfedllm,
  title={{OpenFedLLM}: {Training} large language models on decentralized private data via federated learning},
  author={Ye, Rui and Wang, Wenhao and Chai, Jingyi and Li, Dihan and Li, Zexi and Xu, Yinda and Du, Yaxin and Wang, Yanfeng and Chen, Siheng},
  booktitle={Proceedings of the 30th ACM SIGKDD Conference on Knowledge Discovery and Data Mining},
  pages={6137--6147},
  year={2024}
}

@article{kim2023efficient,
  title={Efficient federated learning with pre-trained large language model using several adapter mechanisms},
  author={Kim, Gyunyeop and Yoo, Joon and Kang, Sangwoo},
  journal={Mathematics},
  volume={11},
  number={21},
  pages={4479},
  year={2023},
  publisher={MDPI}
}

@inproceedings{wu2024fedbiot,
  title={{FedBiOT: LLM} local fine-tuning in federated learning without full model},
  author={Wu, Feijie and Li, Zitao and Li, Yaliang and Ding, Bolin and Gao, Jing},
  booktitle={Proceedings of the 30th ACM SIGKDD Conference on Knowledge Discovery and Data Mining},
  pages={3345--3355},
  year={2024}
}

@inproceedings{kuang2024federatedscope,
  title={{FederatedScope-LLM}: {A} comprehensive package for fine-tuning large language models in federated learning},
  author={Kuang, Weirui and Qian, Bingchen and Li, Zitao and Chen, Daoyuan and Gao, Dawei and Pan, Xuchen and Xie, Yuexiang and Li, Yaliang and Ding, Bolin and Zhou, Jingren},
  booktitle={Proceedings of the 30th ACM SIGKDD Conference on Knowledge Discovery and Data Mining},
  pages={5260--5271},
  year={2024}
}
@article{cao2024computational,
  title={Computational Intelligence Algorithms for {UAV} Swarm Networking and Collaboration: A Comprehensive Survey and Future Directions},
  author={Cao, Pan and Lei, Lei and Cai, Shengsuo and Shen, Gaoqing and Liu, Xiaojiao and Wang, Xinyi and Zhang, Lijuan and Zhou, Liang and Guizani, Mohsen},
  journal={IEEE Communications Surveys \& Tutorials},
  year={2024},
  publisher={IEEE}
}
@article{jiang2024evolutionary,
  title={Evolutionary computation for unmanned aerial vehicle path planning: a survey},
  author={Jiang, Yi and Xu, Xin-Xin and Zheng, Min-Yi and Zhan, Zhi-Hui},
  journal={Artificial Intelligence Review},
  volume={57},
  number={10},
  pages={267},
  year={2024},
  publisher={Springer}
}
@article{eid2024federated,
  title={Federated learning system on autonomous vehicles for lane segmentation},
  author={Eid Kishawy, Mohab M and Abd El-Hafez, Mohamed T and Yousri, Retaj and Darweesh, M Saeed},
  journal={Scientific Reports},
  volume={14},
  number={1},
  pages={25029},
  year={2024},
  publisher={Nature Publishing Group UK London}
}
@inproceedings{rjoub2021improving,
  title={Improving autonomous vehicles safety in snow weather using federated {YOLO CNN} learning},
  author={Rjoub, Gaith and Wahab, Omar Abdel and Bentahar, Jamal and Bataineh, Ahmed Saleh},
  booktitle={International Conference on Mobile Web and Intelligent Information Systems},
  pages={121--134},
  year={2021},
  organization={Springer}
}
@article{muhammad2020deep,
  title={Deep learning for safe autonomous driving: Current challenges and future directions},
  author={Muhammad, Khan and Ullah, Amin and Lloret, Jaime and Del Ser, Javier and de Albuquerque, Victor Hugo C},
  journal={IEEE Transactions on Intelligent Transportation Systems},
  volume={22},
  number={7},
  pages={4316--4336},
  year={2020},
  publisher={IEEE}
}
@article{aradi2020survey,
  title={Survey of deep reinforcement learning for motion planning of autonomous vehicles},
  author={Aradi, Szil{\'a}rd},
  journal={IEEE Transactions on Intelligent Transportation Systems},
  volume={23},
  number={2},
  pages={740--759},
  year={2020},
  publisher={IEEE}
}
@article{rjoub2024trust,
  title={Trust-augmented deep reinforcement learning for federated learning client selection},
  author={Rjoub, Gaith and Wahab, Omar Abdel and Bentahar, Jamal and Cohen, Robin and Bataineh, Ahmed Saleh},
  journal={Information Systems Frontiers},
  volume={26},
  number={4},
  pages={1261--1278},
  year={2024},
  publisher={Springer}
}
@inproceedings{rjoub2020trust,
  title={A trust and energy-aware double deep reinforcement learning scheduling strategy for federated learning on {IoT} devices},
  author={Rjoub, Gaith and Abdel Wahab, Omar and Bentahar, Jamal and Bataineh, Ahmed},
  booktitle={Service-Oriented Computing: 18th International Conference, ICSOC 2020, Dubai, United Arab Emirates, December 14--17, 2020, Proceedings 18},
  pages={319--333},
  year={2020},
  organization={Springer}
}
@article{wahab2022federated,
  title={Federated against the cold: A trust-based federated learning approach to counter the cold start problem in recommendation systems},
  author={Wahab, Omar Abdel and Rjoub, Gaith and Bentahar, Jamal and Cohen, Robin},
  journal={Information Sciences},
  volume={601},
  pages={189--206},
  year={2022},
  publisher={Elsevier}
}
@inproceedings{rjoub2022one,
  title={One-shot federated learning-based model-free reinforcement learning},
  author={Rjoub, Gaith and Bentahar, Jamal and Wahab, Omar Abdel and Drawel, Nagat},
  booktitle={The International Conference on Deep Learning, Big Data and Blockchain},
  pages={39--52},
  year={2022},
  organization={Springer}
}
@article{lee2024lidar,
  title={LiDAR odometry survey: recent advancements and remaining challenges},
  author={Lee, Dongjae and Jung, Minwoo and Yang, Wooseong and Kim, Ayoung},
  journal={Intelligent Service Robotics},
  volume={17},
  number={2},
  pages={95--118},
  year={2024},
  publisher={Springer}
}
@article{zhang2024novel,
  title={A novel hybrid swarm intelligence algorithm for solving {TSP} and desired-path-based online obstacle avoidance strategy for {AUV}},
  author={Zhang, Yixiao and Shen, Yue and Wang, Qi and Song, Chao and Dai, Ning and He, Bo},
  journal={Robotics and Autonomous Systems},
  volume={177},
  pages={104678},
  year={2024},
  publisher={Elsevier}
}

@inproceedings{rjoub2017cloud,
  title={Cloud task scheduling based on swarm intelligence and machine learning},
  author={Rjoub, Gaith and Bentahar, Jamal},
  booktitle={2017 IEEE 5Th international conference on future internet of things and cloud (FiCloud)},
  pages={272--279},
  year={2017},
  organization={IEEE}
}

@article{LMM_00,
  title={Llava-next-interleave: Tackling multi-image, video, and 3d in large multimodal models},
  author={Li, Feng and Zhang, Renrui and Zhang, Hao and Zhang, Yuanhan and Li, Bo and Li, Wei and Ma, Zejun and Li, Chunyuan},
  journal={arXiv preprint arXiv:2407.07895},
  year={2024}
}

@article{LMM_01,
  title={An empirical study of scaling instruct-tuned large multimodal models},
  author={Lu, Yadong and Li, Chunyuan and Liu, Haotian and Yang, Jianwei and Gao, Jianfeng and Shen, Yelong},
  journal={arXiv preprint arXiv:2309.09958},
  year={2023}
}

@article{LMM_02,
  title={An empirical study of multimodal model merging},
  author={Sung, Yi-Lin and Li, Linjie and Lin, Kevin and Gan, Zhe and Bansal, Mohit and Wang, Lijuan},
  journal={arXiv preprint arXiv:2304.14933},
  year={2023}
}

@inproceedings{LMM_03,
  title={Attention-based multimodal fusion for video description},
  author={Hori, Chiori and Hori, Takaaki and Lee, Teng-Yok and Zhang, Ziming and Harsham, Bret and Hershey, John R and Marks, Tim K and Sumi, Kazuhiko},
  booktitle={Proceedings of the IEEE international conference on computer vision},
  pages={4193--4202},
  year={2017}
}

@inproceedings{LMM_04,
  title={Attention-based audio-visual fusion for robust automatic speech recognition},
  author={Sterpu, George and Saam, Christian and Harte, Naomi},
  booktitle={Proceedings of the 20th ACM International conference on Multimodal Interaction},
  pages={111--115},
  year={2018}
}

@inproceedings{LMM_05,
  title={Multimodal dialog system: Generating responses via adaptive decoders},
  author={Nie, Liqiang and Wang, Wenjie and Hong, Richang and Wang, Meng and Tian, Qi},
  booktitle={Proceedings of the 27th ACM international conference on multimedia},
  pages={1098--1106},
  year={2019}
}

@article{LMM_06,
  title={Multi-modal generative {AI}: Multi-modal {LLM}, diffusion and beyond},
  author={Chen, Hong and Wang, Xin and Zhou, Yuwei and Huang, Bin and Zhang, Yipeng and Feng, Wei and Chen, Houlun and Zhang, Zeyang and Tang, Siao and Zhu, Wenwu},
  journal={arXiv preprint arXiv:2409.14993},
  year={2024}
}

@inproceedings{LMM_07,
  title={Fine-Tuning {LLMs} for Multi-Turn Dialogues: Optimizing Cross-Entropy Loss with KL Divergence for All Rounds of Responses},
  author={Teng, Zeyu and Song, Yong and Ye, Xiaozhou and Ouyang, Ye},
  booktitle={Proceedings of the 2024 16th International Conference on Machine Learning and Computing},
  pages={128--133},
  year={2024}
}

@article{LMM_08,
  title={Feature likelihood score: Evaluating the generalization of generative models using samples},
  author={Jiralerspong, Marco and Bose, Joey and Gemp, Ian and Qin, Chongli and Bachrach, Yoram and Gidel, Gauthier},
  journal={Advances in Neural Information Processing Systems},
  volume={36},
  year={2024}
}

@article{image_encode,
  title={Aligned with {LLM}: a new multi-modal training paradigm for encoding {fMRI} activity in visual cortex},
  author={Ma, Shuxiao and Wang, Linyuan and Hou, Senbao and Yan, Bin},
  journal={arXiv preprint arXiv:2401.03851},
  year={2024}
}

@article{text_encode,
  title={Auto-Encoding Morph-Tokens for Multimodal {LLM}},
  author={Pan, Kaihang and Tang, Siliang and Li, Juncheng and Fan, Zhaoyu and Chow, Wei and Yan, Shuicheng and Chua, Tat-Seng and Zhuang, Yueting and Zhang, Hanwang},
  journal={arXiv preprint arXiv:2405.01926},
  year={2024}
}

@article{Transformer,
title = {A comprehensive survey on applications of transformers for deep learning tasks},
journal = {Expert Systems with Applications},
volume = {241},
pages = {122666},
year = {2024},
ISSN = {0957-4174},
author = {Saidul Islam and Hanae Elmekki and Ahmed Elsebai and Jamal Bentahar and Nagat Drawel and Gaith Rjoub and Witold Pedrycz},
keywords = {Transformer, Self-attention, Deep learning, Natural language processing (NLP), Computer vision (CV), Multi-modality},
}

@inproceedings{MLLM_00,
  title={A survey on multimodal large language models for autonomous driving},
  author={Cui, Can and Ma, Yunsheng and Cao, Xu and Ye, Wenqian and Zhou, Yang and Liang, Kaizhao and Chen, Jintai and Lu, Juanwu and Yang, Zichong and Liao, Kuei-Da and others},
  booktitle={Proceedings of the IEEE/CVF Winter Conference on Applications of Computer Vision},
  pages={958--979},
  year={2024}
}

@inproceedings{MLLM_01,
  title={Multimodal large language models: A survey},
  author={Wu, Jiayang and Gan, Wensheng and Chen, Zefeng and Wan, Shicheng and Philip, S Yu},
  booktitle={2023 IEEE International Conference on Big Data (BigData)},
  pages={2247--2256},
  year={2023},
  organization={IEEE}
}

@inproceedings{MLLM_02,
  title={Are vision-language transformers learning multimodal representations? a probing perspective},
  author={Salin, Emmanuelle and Farah, Badreddine and Ayache, St{\'e}phane and Favre, Benoit},
  booktitle={Proceedings of the AAAI Conference on Artificial Intelligence},
  volume={36},
  number={10},
  pages={11248--11257},
  year={2022}
}

@article{MLLM_03,
  title={Detecting pretraining data from large language models},
  author={Shi, Weijia and Ajith, Anirudh and Xia, Mengzhou and Huang, Yangsibo and Liu, Daogao and Blevins, Terra and Chen, Danqi and Zettlemoyer, Luke},
  journal={arXiv preprint arXiv:2310.16789},
  year={2023}
}

@article{MLLM_modality,
  title={Multimodal integration and vividness in the angular gyrus during episodic encoding and retrieval},
  author={Tibon, Roni and Fuhrmann, Delia and Levy, Daniel A and Simons, Jon S and Henson, Richard N},
  journal={Journal of Neuroscience},
  volume={39},
  number={22},
  pages={4365--4374},
  year={2019},
  publisher={Soc Neuroscience}
}

@article{MLLM_image,
  title={Effective multimodal encoding for image paragraph captioning},
  author={Nguyen, Thanh-Son and Fernando, Basura},
  journal={IEEE Transactions on Image Processing},
  volume={31},
  pages={6381--6395},
  year={2022},
  publisher={IEEE}
}

@inproceedings{MLLM_audio,
  title={{WorldGPT}: Empowering {LLM} as multimodal world model},
  author={Ge, Zhiqi and Huang, Hongzhe and Zhou, Mingze and Li, Juncheng and Wang, Guoming and Tang, Siliang and Zhuang, Yueting},
  booktitle={Proceedings of the 32nd ACM International Conference on Multimedia},
  pages={7346--7355},
  year={2024}
}


@inproceedings{MLLM_embadding,
  title={Mule: Multimodal universal language embedding},
  author={Kim, Donghyun and Saito, Kuniaki and Saenko, Kate and Sclaroff, Stan and Plummer, Bryan},
  booktitle={Proceedings of the AAAI Conference on Artificial Intelligence},
  volume={34},
  number={07},
  pages={11254--11261},
  year={2020}
}

@inproceedings{MLLM_attention,
  title={Attention-based audio-visual fusion for robust automatic speech recognition},
  author={Sterpu, George and Saam, Christian and Harte, Naomi},
  booktitle={Proceedings of the 20th ACM International conference on Multimodal Interaction},
  pages={111--115},
  year={2018}
}

@inproceedings{MLLM_cross,
  title={Multimodal {LLM} Enhanced Cross-lingual Cross-modal Retrieval},
  author={Wang, Yabing and Wang, Le and Zhou, Qiang and Wang, Zhibin and Li, Hao and Hua, Gang and Tang, Wei},
  booktitle={Proceedings of the 32nd ACM International Conference on Multimedia},
  pages={8296--8305},
  year={2024}
}

@inproceedings{MLLM_align,
  title={mplug-owl2: Revolutionizing multi-modal large language model with modality collaboration},
  author={Ye, Qinghao and Xu, Haiyang and Ye, Jiabo and Yan, Ming and Hu, Anwen and Liu, Haowei and Qian, Qi and Zhang, Ji and Huang, Fei},
  booktitle={Proceedings of the IEEE/CVF Conference on Computer Vision and Pattern Recognition},
  pages={13040--13051},
  year={2024}
}

@article{MLLM_align_lang,
  title={{AlignGPT}: {Multi}-modal Large Language Models with Adaptive Alignment Capability},
  author={Zhao, Fei and Pang, Taotian and Li, Chunhui and Wu, Zhen and Guo, Junjie and Xing, Shangyu and Dai, Xinyu},
  journal={arXiv preprint arXiv:2405.14129},
  year={2024}
}

@inproceedings{MLLM_align_generation,
  title={{LLMGA}: {Multimodal} large language model based generation assistant},
  author={Xia, Bin and Wang, Shiyin and Tao, Yingfan and Wang, Yitong and Jia, Jiaya},
  booktitle={European Conference on Computer Vision},
  pages={389--406},
  year={2025},
  organization={Springer}
}

@article{MLLM_pretrain,
  title={{MM1}: Methods, analysis \& insights from multimodal {LLM} pre-training},
  author={McKinzie, Brandon and Gan, Zhe and Fauconnier, Jean-Philippe and Dodge, Sam and Zhang, Bowen and Dufter, Philipp and Shah, Dhruti and Du, Xianzhi and Peng, Futang and Weers, Floris and others},
  journal={arXiv preprint arXiv:2403.09611},
  year={2024}
}

@article{MLLM_finetune,
  title={An Empirical Study on Parameter-Efficient Fine-Tuning for MultiModal Large Language Models},
  author={Zhou, Xiongtao and He, Jie and Ke, Yuhua and Zhu, Guangyao and Guti{\'e}rrez-Basulto, V{\'\i}ctor and Pan, Jeff Z},
  journal={arXiv preprint arXiv:2406.05130},
  year={2024}
}

@article{usecase_00,
  title={Leveraging Multimodal Large Language Models ({MLLMs}) for Enhanced Object Detection and Scene Understanding in Thermal Images for Autonomous Driving Systems},
  author={Ashqar, Huthaifa I and Alhadidi, Taqwa I and Elhenawy, Mohammed and Khanfar, Nour O},
  journal={Automation},
  volume={5},
  number={4},
  pages={508--526},
  year={2024},
  publisher={MDPI}
}
@inproceedings{usecase_01,
  title={An {LLM}-driven framework for multiple-vehicle dispatching and navigation in smart city landscapes},
  author={Chen, Ruiqing and Song, Wenbin and Zu, Weiqin and Dong, ZiXin and Guo, Ze and Sun, Fanglei and Tian, Zheng and Wang, Jun},
  booktitle={2024 IEEE International Conference on Robotics and Automation (ICRA)},
  pages={2147--2153},
  year={2024},
  organization={IEEE}
}
@article{usecase_02,
  title={{LLM}-based Operating Systems for Automated Vehicles: A New Perspective},
  author={Ge, Jingwei and Chang, Cheng and Zhang, Jiawei and Li, Lingxi and Na, Xiaoxiang and Lin, Yilun and Li, Li and Wang, Fei-Yue},
  journal={IEEE Transactions on Intelligent Vehicles},
  year={2024},
  publisher={IEEE}
}
@inproceedings{usecase_03,
  title={Federated Learning in Large Model Era: Vision-Language Model for Smart City Safety Operation Management},
  author={Li, Zengxiang and Hou, Zhaoxiang and Liu, Hui and Li, Tongzhi and Yang, Chengyi and Wang, Ying and Shi, Chao and Xie, Longfei and Zhang, Weishan and Xu, Liang and others},
  booktitle={Companion Proceedings of the ACM on Web Conference 2024},
  pages={1578--1585},
  year={2024}
}
@INPROCEEDINGS{usecase_04,
  author={Rjoub, Gaith and Islam, Saidul and Bentahar, Jamal and Almaiah, Mohammed Amin and Alrawashdeh, Rana},
  booktitle={2024 International Wireless Communications and Mobile Computing (IWCMC)}, 
  title={Enhancing {IoT} Intelligence: {A} Transformer-based Reinforcement Learning Methodology}, 
  year={2024},
  volume={},
  number={},
  pages={1418-1423}
  }

@article{usecase_ACO_PSO,
  title={A comparative study of the improvement of performance using a {PSO} modified by {ACO} applied to {TSP}},
  author={Elloumi, Walid and El Abed, Haikal and Abraham, Ajith and Alimi, Adel M},
  journal={Applied Soft Computing},
  volume={25},
  pages={234--241},
  year={2014},
  publisher={Elsevier}
}

@article{usecase_UAV_sensor,
  title={{UAV}-based remote sensing for the petroleum industry and environmental monitoring: State-of-the-art and perspectives},
  author={Asadzadeh, Saeid and de Oliveira, Wilson Jos{\'e} and de Souza Filho, Carlos Roberto},
  journal={Journal of Petroleum Science and Engineering},
  volume={208},
  pages={109633},
  year={2022},
  publisher={Elsevier}
}

@article{usecase_multimodal,
  title={Multimodal fusion of voice and gesture data for {UAV} control},
  author={Xiang, Xiaojia and Tan, Qin and Zhou, Han and Tang, Dengqing and Lai, Jun},
  journal={Drones},
  volume={6},
  number={8},
  pages={201},
  year={2022},
  publisher={MDPI}
}

@article{usecase_edge,
  title={Optimizing task offloading energy in multi-user multi-{UAV}-enabled mobile edge-cloud computing systems},
  author={Alhelaly, Soha and Muthanna, Ammar and Elgendy, Ibrahim A},
  journal={Applied Sciences},
  volume={12},
  number={13},
  pages={6566},
  year={2022},
  publisher={MDPI}
}

@article{usecase_PSO,
  title={Joint network selection and service placement based on particle swarm optimization for multi-access edge computing},
  author={Ma, Shuyue and Song, Shudian and Zhao, Jingmei and Zhai, Linbo and Yang, Feng},
  journal={IEEE Access},
  volume={8},
  pages={160871--160881},
  year={2020},
  publisher={IEEE}
}

@article{usecase_ACO,
  title={A novel integrating between tool path optimization using an {ACO} algorithm and interpreter for open architecture {CNC} system},
  author={Hatem, Noor and Yusof, Yusri and Kadir, Aini Zuhra A and Latif, Kamran and Mohammed, MA},
  journal={Expert Systems with Applications},
  volume={178},
  pages={114988},
  year={2021},
  publisher={Elsevier}
}

@inproceedings{usecase_final,
  title={Autonomous {UAV} with vision based on-board decision making for remote sensing and precision agriculture},
  author={Alsalam, Bilal Hazim Younus and Morton, Kye and Campbell, Duncan and Gonzalez, Felipe},
  booktitle={2017 IEEE Aerospace Conference},
  pages={1--12},
  year={2017},
  organization={IEEE}
}

@article{vaswani2017attention,
  title={Attention is all you need},
  author={Vaswani, A},
  journal={Advances in Neural Information Processing Systems},
  year={2017}
}

@article{mnih2013playing,
  title={Playing atari with deep reinforcement learning},
  author={Mnih, Volodymyr and Kavukcuoglu, Koray and Silver, David and Graves, Alex and Antonoglou, Ioannis and Wierstra, Daan and Riedmiller, Martin},
  journal={arXiv preprint arXiv:1312.5602},
  year={2013}
}

@article{schulman2017proximal,
  title={Proximal policy optimization algorithms},
  author={Schulman, John and Wolski, Filip and Dhariwal, Prafulla and Radford, Alec and Klimov, Oleg},
  journal={arXiv preprint arXiv:1707.06347},
  year={2017}
}
@article{dong2024communication,
  title={Communication-efficient heterogeneous multi-{UAV} task allocation based on clustering},
  author={Dong, Na and Liu, Shuai and Mai, Xiaoming},
  journal={Computer Communications},
  pages={107986},
  year={2025},
volume = {229}
}
@article{sagar2024hierarchical,
  title={A hierarchical adaptive federated reinforcement learning for efficient resource allocation and task scheduling in hierarchical {IoT} network},
  author={Sagar, ASM Sharifuzzaman and Haider, Amir and Kim, Hyung Seok},
  journal={Computer Communications},
  pages={107969},
  year={2025},
  volume={229}
}
@article{sajnani2024secure,
  title={Secure workflow scheduling algorithm utilizing hybrid optimization in mobile edge computing environments},
  author={Sajnani, Dileep Kumar and Li, Xiaoping and Mahesar, Abdul Rasheed},
  journal={Computer Communications},
  volume={226-227},
  pages={107929},
  year={2024},
  publisher={Elsevier}
}