@article{Martin_2022,
   title={Aleatoric Uncertainty for Errors-in-Variables Models in Deep Regression},
   volume={55},
   ISSN={1573-773X},
   url={http://dx.doi.org/10.1007/s11063-022-11066-3},
   DOI={10.1007/s11063-022-11066-3},
   number={4},
   journal={Neural Processing Letters},
   publisher={Springer Science and Business Media LLC},
   author={Martin, J. and Elster, C.},
   year={2022},
   month=nov, pages={4799–4818} }

@article{Wang_2019,
   title={Aleatoric uncertainty estimation with test-time augmentation for medical image segmentation with convolutional neural networks},
   volume={338},
   ISSN={0925-2312},
   url={http://dx.doi.org/10.1016/j.neucom.2019.01.103},
   DOI={10.1016/j.neucom.2019.01.103},
   journal={Neurocomputing},
   publisher={Elsevier BV},
   author={Wang, Guotai and Li, Wenqi and Aertsen, Michael and Deprest, Jan and Ourselin, Sébastien and Vercauteren, Tom},
   year={2019},
   month=apr, pages={34–45} }

@article{agarwal2020neural,
  title={Neural additive models: Interpretable machine learning with neural nets},
  author={Agarwal, Rishabh and Frosst, Nicholas and Zhang, Xuezhou and Caruana, Rich and Hinton, Geoffrey E},
  journal={arXiv preprint arXiv:2004.13912},
  year={2020}
}

@article{bouchiat2023lanam,
  title={Improving Neural Additive Models with Bayesian Principles},
  author={Bouchiat, Kouroche and Immer, Alexander and Y{\`e}che, Hugo and R{\"a}tsch, Gunnar and Fortuin, Vincent},
  journal={arXiv preprint arXiv:2305.16905},
  year={2023}
}

@article{friedman2001greedy,
  title={Greedy function approximation: a gradient boosting machine},
  author={Friedman, Jerome H},
  journal={Annals of statistics},
  pages={1189--1232},
  year={2001},
  publisher={JSTOR}
}

@book{hastie2017generalized,
  title={Generalized additive models},
  author={Hastie, Trevor J},
  year={2017},
  publisher={Routledge}
}

@article{hullermeier2021survey,
  title={Aleatoric and epistemic uncertainty in machine learning: An introduction to concepts and methods},
  author={H{\"u}llermeier, Eyke and Waegeman, Willem},
  journal={Machine learning},
  volume={110},
  number={3},
  pages={457--506},
  year={2021},
  publisher={Springer}
}

@article{jiao2023naisr,
  title={NAISR: A {3D} Neural Additive Model for Interpretable Shape Representation},
  author={Jiao, Yining and Zdanski, Carlton and Kimbell, Julia and Prince, Andrew and Worden, Cameron and Kirse, Samuel and Rutter, Christopher and Shields, Benjamin and Dunn, William and Mahmud, Jisan and others},
  journal={arXiv preprint arXiv:2303.09234},
  year={2023}
}

@misc{kawashima2020aleatoricuncertaintyestimationusing,
      title={The Aleatoric Uncertainty Estimation Using a Separate Formulation with Virtual Residuals}, 
      author={Takumi Kawashima and Qing Yu and Akari Asai and Daiki Ikami and Kiyoharu Aizawa},
      year={2020},
      eprint={2011.01655},
      archivePrefix={arXiv},
      primaryClass={cs.CV},
      url={https://arxiv.org/abs/2011.01655}, 
}

@inproceedings{lu2022oak,
  title={Additive gaussian processes revisited},
  author={Lu, Xiaoyu and Boukouvalas, Alexis and Hensman, James},
  booktitle={International Conference on Machine Learning},
  pages={14358--14383},
  year={2022},
  organization={PMLR}
}

@article{lundberg2017unified,
  title={A unified approach to interpreting model predictions},
  author={Lundberg, Scott},
  journal={arXiv preprint arXiv:1705.07874},
  year={2017}
}

@misc{monteiro2020stochasticsegmentationnetworksmodelling,
      title={Stochastic Segmentation Networks: Modelling Spatially Correlated Aleatoric Uncertainty}, 
      author={Miguel Monteiro and Loïc Le Folgoc and Daniel Coelho de Castro and Nick Pawlowski and Bernardo Marques and Konstantinos Kamnitsas and Mark van der Wilk and Ben Glocker},
      year={2020},
      eprint={2006.06015},
      archivePrefix={arXiv},
      primaryClass={cs.CV},
      url={https://arxiv.org/abs/2006.06015}, 
}

@misc{nevin2024deepuqassessingaleatoricuncertainties,
      title={DeepUQ: Assessing the Aleatoric Uncertainties from two Deep Learning Methods}, 
      author={Rebecca Nevin and Aleksandra Ćiprijanović and Brian D. Nord},
      year={2024},
      eprint={2411.08587},
      archivePrefix={arXiv},
      primaryClass={cs.LG},
      url={https://arxiv.org/abs/2411.08587}, 
}

@inproceedings{ribeiro2016should,
  title={"{W}hy should i trust you?" {Explaining} the predictions of any classifier},
  author={Ribeiro, Marco Tulio and Singh, Sameer and Guestrin, Carlos},
  booktitle={Proceedings of the 22nd ACM SIGKDD international conference on knowledge discovery and data mining},
  pages={1135--1144},
  year={2016}
}

@article{rudin2019stop,
  title={Stop explaining black box machine learning models for high stakes decisions and use interpretable models instead},
  author={Rudin, Cynthia},
  journal={Nature machine intelligence},
  volume={1},
  number={5},
  pages={206--215},
  year={2019},
  publisher={Nature Publishing Group UK London}
}

@inproceedings{thielmann2024namlss,
  title={Neural additive models for location scale and shape: A framework for interpretable neural regression beyond the mean},
  author={Thielmann, Anton Frederik and Kruse, Ren{\'e}-Marcel and Kneib, Thomas and S{\"a}fken, Benjamin},
  booktitle={International Conference on Artificial Intelligence and Statistics},
  pages={1783--1791},
  year={2024},
  organization={PMLR}
}

@misc{valiuddin2021improvingaleatoricuncertaintyquantification,
      title={Improving Aleatoric Uncertainty Quantification in Multi-Annotated Medical Image Segmentation with Normalizing Flows}, 
      author={M. M. A. Valiuddin and C. G. A. Viviers and R. J. G. van Sloun and P. H. N. de With and F. van der Sommen},
      year={2021},
      eprint={2108.02155},
      archivePrefix={arXiv},
      primaryClass={cs.CV},
      url={https://arxiv.org/abs/2108.02155}, 
}

@article{wang2025uncertaintysurvey,
  title={From Aleatoric to Epistemic: Exploring Uncertainty Quantification Techniques in Artificial Intelligence},
  author={Wang, Tianyang and Wang, Yunze and Zhou, Jun and Peng, Benji and Song, Xinyuan and Zhang, Charles and Sun, Xintian and Niu, Qian and Liu, Junyu and Chen, Silin and others},
  journal={arXiv preprint arXiv:2501.03282},
  year={2025}
}

@book{wooldridge2016homohetr,
  title={Introductory econometrics: Asia pacific edition with online study tools 12 months},
  author={Wooldridge, Jeffrey M and Wadud, Mokhtarul and Lye, Jenny},
  year={2016},
  publisher={Cengage AU}
}

