@book{sethian1999level,
  title={Level set methods and fast marching methods: evolving interfaces in computational geometry, fluid mechanics, computer vision, and materials science},
  author={Sethian, James Albert},
  volume={3},
  year={1999},
  publisher={Cambridge university press}
}

@book{osher2005level,
  title={Level set methods and dynamic implicit surfaces},
  author={Osher, Stanley and Fedkiw, Ronald P},
  volume={1},
  year={2005},
  publisher={Springer New York}
}

@book{hastie2017generalized,
  title={Generalized additive models},
  author={Hastie, Trevor J},
  year={2017},
  publisher={Routledge}
}

@inproceedings{greer2021icon,
  title={{ICON}: Learning regular maps through inverse consistency},
  author={Greer, Hastings and Kwitt, Roland and Vialard, Fran{\c{c}}ois-Xavier and Niethammer, Marc},
  booktitle={Proceedings of the IEEE/CVF International Conference on Computer Vision},
  pages={3396--3405},
  year={2021}
}

@inproceedings{tian2022gradicon,
  title={{GradICON}: Approximate diffeomorphisms via gradient inverse consistency},
  author={Tian, Lin and Greer, Hastings and Vialard, Fran{\c{c}}ois-Xavier and Kwitt, Roland and Est{\'e}par, Ra{\'u}l San Jos{\'e} and Niethammer, Marc},
  booktitle={Proceedings of the IEEE/CVF International Conference on Computer Vision},
  year={2023}
}

@misc{Authors14,
 author = {Full Author Name},
 title = {The Frobnicatable Foo Filter},
 note = {Face and Gesture  submission ID 324. Supplied as additional material {\tt fg324.pdf}},
 year = 2014
}

@misc{Authors14b,
 author = {Full Author Name},
 title = {Frobnication Tutorial},
 note = {Supplied as additional material {\tt tr.pdf}},
 year = 2014
}

@article{Alpher02,
author = {Alvin Alpher},
title = {Frobnication},
journal = {Journal of Foo},
volume = 12, 
number = 1, 
pages = {234--778}, 
year = 2002
}

@article{Alpher03,
author = {Alvin Alpher and Ferris P.~N. Fotheringham-Smythe},
title = {Frobnication Revisited},
journal = {Journal of Foo},
volume = 13, 
number = 1, 
pages = {234--778}, 
year = 2003
}

@article{Alpher04,
author = {Alvin Alpher and Ferris P.~N. Fotheringham-Smythe and Gavin Gamow},
title = {Can a Machine Frobnicate?},
journal = {Journal of Foo},
volume = 14, 
number = 1, 
pages = {234--778}, 
year = 2004
}

@inproceedings{park2019deepsdf,
  title={Deepsdf: Learning continuous signed distance functions for shape representation},
  author={Park, Jeong Joon and Florence, Peter and Straub, Julian and Newcombe, Richard and Lovegrove, Steven},
  booktitle={Proceedings of the IEEE/CVF conference on computer vision and pattern recognition},
  pages={165--174},
  year={2019}
}

@article{michalkiewicz2019deep,
  title={Deep level sets: Implicit surface representations for 3d shape inference},
  author={Michalkiewicz, Mateusz and Pontes, Jhony K and Jack, Dominic and Baktashmotlagh, Mahsa and Eriksson, Anders},
  journal={arXiv preprint arXiv:1901.06802},
  year={2019}
}

@inproceedings{mescheder2019occupancy,
  title={Occupancy networks: Learning 3d reconstruction in function space},
  author={Mescheder, Lars and Oechsle, Michael and Niemeyer, Michael and Nowozin, Sebastian and Geiger, Andreas},
  booktitle={Proceedings of the IEEE/CVF conference on computer vision and pattern recognition},
  pages={4460--4470},
  year={2019}
}

@article{pan2022neural,
  title={Neural Implicit Flow: a mesh-agnostic dimensionality reduction paradigm of spatio-temporal data},
  author={Pan, Shaowu and Brunton, Steven L and Kutz, J Nathan},
  journal={arXiv preprint arXiv:2204.03216},
  year={2022}
}
@inproceedings{fridovich2022plenoxels,
  title={Plenoxels: Radiance Fields Without Neural Networks},
  author={Fridovich-Keil, Sara and Yu, Alex and Tancik, Matthew and Chen, Qinhong and Recht, Benjamin and Kanazawa, Angjoo},
  booktitle={Proceedings of the IEEE/CVF Conference on Computer Vision and Pattern Recognition},
  pages={5501--5510},
  year={2022}
}

@article{grattarola2022generalised,
  title={Generalised Implicit Neural Representations},
  author={Grattarola, Daniele and Vandergheynst, Pierre},
  journal={arXiv preprint arXiv:2205.15674},
  year={2022}
}
  


@inproceedings{maadasamy2012hybrid,
  title={A hybrid parallel algorithm for computing and tracking level set topology},
  author={Maadasamy, Senthilnathan and Doraiswamy, Harish and Natarajan, Vijay},
  booktitle={2012 19th International Conference on High Performance Computing},
  pages={1--10},
  year={2012},
  organization={IEEE}
}


@inproceedings{tornai20102d,
  title={{2D} and {3D} level-set algorithms on {GPU}},
  author={Tornai, G{\'a}bor J and Cserey, Gy{\"o}rgy},
  booktitle={2010 12th International Workshop on Cellular Nanoscale Networks and their Applications (CNNA 2010)},
  pages={1--5},
  year={2010},
  organization={IEEE}
}


@inproceedings{herrero2013implementation,
  title={An implementation of level set based topology optimization using GPU},
  author={Herrero, David and Mart{\'\i}nez, Jes{\'u}s and Mart{\'\i}, Pascual},
  booktitle={10th World Congress on Structural and Multidisciplinary Optimization, Orlando, Florida, USA},
  pages={1--10},
  year={2013}
}

@incollection{roberts2010work,
  title={A work-efficient GPU algorithm for level set segmentation},
  author={Roberts, Mike and Sousa, Mario Costa and Mitchell, Joseph Ross},
  booktitle={ACM SIGGRAPH 2010 Posters},
  pages={1--1},
  year={2010}
}


@inproceedings{mei2008real,
  title={Real-time marker level set on GPU},
  author={Mei, Xing and Decaudin, Philippe and Hu, Baogang and Zhang, Xiaopeng},
  booktitle={2008 International Conference on Cyberworlds},
  pages={209--216},
  year={2008},
  organization={IEEE}
}

@article{mehta2022level,
  title={A Level Set Theory for Neural Implicit Evolution under Explicit Flows},
  author={Mehta, Ishit and Chandraker, Manmohan and Ramamoorthi, Ravi},
  journal={arXiv preprint arXiv:2204.07159},
  year={2022}
}

@article{novello2022exploring,
  title={Exploring differential geometry in neural implicits},
  author={Novello, Tiago and Schardong, Guilherme and Schirmer, Luiz and da Silva, Vin{\'\i}cius and Lopes, H{\'e}lio and Velho, Luiz},
  journal={Computers \& Graphics},
  volume={108},
  pages={49--60},
  year={2022},
  publisher={Elsevier}
}

@article{yang2021geometry,
  title={Geometry processing with neural fields},
  author={Yang, Guandao and Belongie, Serge and Hariharan, Bharath and Koltun, Vladlen},
  journal={Advances in Neural Information Processing Systems},
  volume={34},
  pages={22483--22497},
  year={2021}
}

@article{dalca2019learning,
  title={Learning conditional deformable templates with convolutional networks},
  author={Dalca, Adrian and Rakic, Marianne and Guttag, John and Sabuncu, Mert},
  journal={Advances in neural information processing systems},
  volume={32},
  year={2019}
}

@inproceedings{mu2021asdf,
  title={A-sdf: Learning disentangled signed distance functions for articulated shape representation},
  author={Mu, Jiteng and Qiu, Weichao and Kortylewski, Adam and Yuille, Alan and Vasconcelos, Nuno and Wang, Xiaolong},
  booktitle={Proceedings of the IEEE/CVF International Conference on Computer Vision},
  pages={13001--13011},
  year={2021}
}

@inproceedings{zheng2021DIT,
  title={Deep implicit templates for 3d shape representation},
  author={Zheng, Zerong and Yu, Tao and Dai, Qionghai and Liu, Yebin},
  booktitle={Proceedings of the IEEE/CVF Conference on Computer Vision and Pattern Recognition},
  pages={1429--1439},
  year={2021}
}

@inproceedings{deng2021DIF,
  title={Deformed implicit field: Modeling 3d shapes with learned dense correspondence},
  author={Deng, Yu and Yang, Jiaolong and Tong, Xin},
  booktitle={Proceedings of the IEEE/CVF Conference on Computer Vision and Pattern Recognition},
  pages={10286--10296},
  year={2021}
}

@article{sitzmann2020siren,
  title={Implicit neural representations with periodic activation functions},
  author={Sitzmann, Vincent and Martel, Julien and Bergman, Alexander and Lindell, David and Wetzstein, Gordon},
  journal={Advances in Neural Information Processing Systems},
  volume={33},
  pages={7462--7473},
  year={2020}
}

@inproceedings{wolterink2022registration,
  title={Implicit neural representations for deformable image registration},
  author={Wolterink, Jelmer M and Zwienenberg, Jesse C and Brune, Christoph},
  booktitle={International Conference on Medical Imaging with Deep Learning},
  pages={1349--1359},
  year={2022},
  organization={PMLR}
}

@inproceedings{mehta2022level,
  title={A level set theory for neural implicit evolution under explicit flows},
  author={Mehta, Ishit and Chandraker, Manmohan and Ramamoorthi, Ravi},
  booktitle={Computer Vision--ECCV 2022: 17th European Conference, Tel Aviv, Israel, October 23--27, 2022, Proceedings, Part II},
  pages={711--729},
  year={2022},
  organization={Springer}
}

@article{wu2016learning,
  title={Learning a probabilistic latent space of object shapes via 3d generative-adversarial modeling},
  author={Wu, Jiajun and Zhang, Chengkai and Xue, Tianfan and Freeman, Bill and Tenenbaum, Josh},
  journal={Advances in neural information processing systems},
  volume={29},
  year={2016}
}

@inproceedings{wu20153d,
  title={3d shapenets: A deep representation for volumetric shapes},
  author={Wu, Zhirong and Song, Shuran and Khosla, Aditya and Yu, Fisher and Zhang, Linguang and Tang, Xiaoou and Xiao, Jianxiong},
  booktitle={Proceedings of the IEEE conference on computer vision and pattern recognition},
  pages={1912--1920},
  year={2015}
}

@inproceedings{wu2018learning,
  title={Learning shape priors for single-view 3d completion and reconstruction},
  author={Wu, Jiajun and Zhang, Chengkai and Zhang, Xiuming and Zhang, Zhoutong and Freeman, William T and Tenenbaum, Joshua B},
  booktitle={Proceedings of the European Conference on Computer Vision (ECCV)},
  pages={646--662},
  year={2018}
}

@inproceedings{achlioptas2018learning,
  title={Learning representations and generative models for 3d point clouds},
  author={Achlioptas, Panos and Diamanti, Olga and Mitliagkas, Ioannis and Guibas, Leonidas},
  booktitle={International conference on machine learning},
  pages={40--49},
  year={2018},
  organization={PMLR}
}

@inproceedings{yang2018foldingnet,
  title={Foldingnet: Point cloud auto-encoder via deep grid deformation},
  author={Yang, Yaoqing and Feng, Chen and Shen, Yiru and Tian, Dong},
  booktitle={Proceedings of the IEEE conference on computer vision and pattern recognition},
  pages={206--215},
  year={2018}
}

@article{zamorski2020adversarial,
  title={Adversarial autoencoders for compact representations of {3D} point clouds},
  author={Zamorski, Maciej and Zi{\k{e}}ba, Maciej and Klukowski, Piotr and Nowak, Rafa{\l} and Kurach, Karol and Stokowiec, Wojciech and Trzci{\'n}ski, Tomasz},
  journal={Computer Vision and Image Understanding},
  volume={193},
  pages={102921},
  year={2020},
  publisher={Elsevier}
}


@inproceedings{groueix2018papier,
  title={A papier-m{\^a}ch{\'e} approach to learning 3d surface generation},
  author={Groueix, Thibault and Fisher, Matthew and Kim, Vladimir G and Russell, Bryan C and Aubry, Mathieu},
  booktitle={Proceedings of the IEEE conference on computer vision and pattern recognition},
  pages={216--224},
  year={2018}
}

@inproceedings{wen2019pixel2mesh++,
  title={Pixel2mesh++: Multi-view 3d mesh generation via deformation},
  author={Wen, Chao and Zhang, Yinda and Li, Zhuwen and Fu, Yanwei},
  booktitle={Proceedings of the IEEE/CVF international conference on computer vision},
  pages={1042--1051},
  year={2019}
}

@inproceedings{zhu2019detailed,
  title={Detailed human shape estimation from a single image by hierarchical mesh deformation},
  author={Zhu, Hao and Zuo, Xinxin and Wang, Sen and Cao, Xun and Yang, Ruigang},
  booktitle={Proceedings of the IEEE/CVF conference on computer vision and pattern recognition},
  pages={4491--4500},
  year={2019}
}

@inproceedings{gao2022get3d,
  title={Get3d: A generative model of high quality 3d textured shapes learned from images},
  author={Gao, Jun and Shen, Tianchang and Wang, Zian and Chen, Wenzheng and Yin, Kangxue and Li, Daiqing and Litany, Or and Gojcic, Zan and Fidler, Sanja},
  booktitle={Advances In Neural Information Processing Systems},
  year={2022}
}

@inproceedings{yang2022neumesh,
  title={Neumesh: Learning disentangled neural mesh-based implicit field for geometry and texture editing},
  author={Yang, Bangbang and Bao, Chong and Zeng, Junyi and Bao, Hujun and Zhang, Yinda and Cui, Zhaopeng and Zhang, Guofeng},
  booktitle={Computer Vision--ECCV 2022: 17th European Conference, Tel Aviv, Israel, October 23--27, 2022, Proceedings, Part XVI},
  pages={597--614},
  year={2022},
  organization={Springer}
}

@inproceedings{sun2022topology,
  title={Topology-preserving shape reconstruction and registration via neural diffeomorphic flow},
  author={Sun, Shanlin and Han, Kun and Kong, Deying and Tang, Hao and Yan, Xiangyi and Xie, Xiaohui},
  booktitle={Proceedings of the IEEE/CVF Conference on Computer Vision and Pattern Recognition},
  pages={20845--20855},
  year={2022}
}

@inproceedings{palafox2022spams,
  title={SPAMs: Structured implicit parametric models},
  author={Palafox, Pablo and Sarafianos, Nikolaos and Tung, Tony and Dai, Angela},
  booktitle={Proceedings of the IEEE/CVF Conference on Computer Vision and Pattern Recognition},
  pages={12851--12860},
  year={2022}
}

@inproceedings{yang2022implicitatlas,
  title={{ImplicitAtlas}: learning deformable shape templates in medical imaging},
  author={Yang, Jiancheng and Wickramasinghe, Udaranga and Ni, Bingbing and Fua, Pascal},
  booktitle={Proceedings of the IEEE/CVF Conference on Computer Vision and Pattern Recognition},
  pages={15861--15871},
  year={2022}
}

@inproceedings{wen20223d,
  title={{3D} shape reconstruction from 2D images with disentangled attribute flow},
  author={Wen, Xin and Zhou, Junsheng and Liu, Yu-Shen and Su, Hua and Dong, Zhen and Han, Zhizhong},
  booktitle={Proceedings of the IEEE/CVF conference on computer vision and pattern recognition},
  pages={3803--3813},
  year={2022}
}

@inproceedings{niemeyer2019occupancy,
  title={Occupancy flow: 4d reconstruction by learning particle dynamics},
  author={Niemeyer, Michael and Mescheder, Lars and Oechsle, Michael and Geiger, Andreas},
  booktitle={Proceedings of the IEEE/CVF international conference on computer vision},
  pages={5379--5389},
  year={2019}
}

 @inproceedings{wei2022nasam,
            title = {Self-supervised Neural Articulated Shape and Appearance Models},
            author = {Fangyin Wei and Rohan Chabra and Lingni Ma and Christoph
                      Lassner and Michael Zollhoefer and Szymon Rusinkiewicz and Chris
                      Sweeney and Richard Newcombe and Mira Slavcheva},
            booktitle = {Proceedings IEEE/CVF Conference on Computer Vision and Pattern Recognition (CVPR)},
            year={2022}
        }

@article{gropp2020implicit,
  title={Implicit geometric regularization for learning shapes},
  author={Gropp, Amos and Yariv, Lior and Haim, Niv and Atzmon, Matan and Lipman, Yaron},
  journal={arXiv preprint arXiv:2002.10099},
  year={2020}
}

@inproceedings{duan2020curriculum,
  title={Curriculum deepsdf},
  author={Duan, Yueqi and Zhu, Haidong and Wang, He and Yi, Li and Nevatia, Ram and Guibas, Leonidas J},
  booktitle={Computer Vision--ECCV 2020: 16th European Conference, Glasgow, UK, August 23--28, 2020, Proceedings, Part VIII 16},
  pages={51--67},
  year={2020},
  organization={Springer}
}

@inproceedings{barron2021mip,
  title={Mip-nerf: A multiscale representation for anti-aliasing neural radiance fields},
  author={Barron, Jonathan T and Mildenhall, Ben and Tancik, Matthew and Hedman, Peter and Martin-Brualla, Ricardo and Srinivasan, Pratul P},
  booktitle={Proceedings of the IEEE/CVF International Conference on Computer Vision},
  pages={5855--5864},
  year={2021}
}

@article{phongthawee2022nex360,
  title={NeX360: Real-time All-around View Synthesis with Neural Basis Expansion},
  author={Phongthawee, Pakkapon and Wizadwongsa, Suttisak and Yenphraphai, Jiraphon and Suwajanakorn, Supasorn},
  journal={IEEE Transactions on Pattern Analysis and Machine Intelligence},
  year={2022},
  publisher={IEEE}
}

@article{shen2021deep,
  title={Deep marching tetrahedra: a hybrid representation for high-resolution 3d shape synthesis},
  author={Shen, Tianchang and Gao, Jun and Yin, Kangxue and Liu, Ming-Yu and Fidler, Sanja},
  journal={Advances in Neural Information Processing Systems},
  volume={34},
  pages={6087--6101},
  year={2021}
}

@article{kim2013learning,
  title={Learning part-based templates from large collections of {3D} shapes},
  author={Kim, Vladimir G and Li, Wilmot and Mitra, Niloy J and Chaudhuri, Siddhartha and DiVerdi, Stephen and Funkhouser, Thomas},
  journal={ACM Transactions on Graphics (TOG)},
  volume={32},
  number={4},
  pages={1--12},
  year={2013},
  publisher={Acm New York, NY, USA}
}

@article{loper2015smpl,
  title={SMPL: A skinned multi-person linear model},
  author={Loper, Matthew and Mahmood, Naureen and Romero, Javier and Pons-Moll, Gerard and Black, Michael J},
  journal={ACM transactions on graphics (TOG)},
  volume={34},
  number={6},
  pages={1--16},
  year={2015},
  publisher={ACM New York, NY, USA}
}

@article{myronenko2010point,
  title={Point set registration: Coherent point drift},
  author={Myronenko, Andriy and Song, Xubo},
  journal={IEEE transactions on pattern analysis and machine intelligence},
  volume={32},
  number={12},
  pages={2262--2275},
  year={2010},
  publisher={IEEE}
}

@article{luthi2017gaussian,
  title={Gaussian process morphable models},
  author={L{\"u}thi, Marcel and Gerig, Thomas and Jud, Christoph and Vetter, Thomas},
  journal={IEEE transactions on pattern analysis and machine intelligence},
  volume={40},
  number={8},
  pages={1860--1873},
  year={2017},
  publisher={IEEE}
}

@article{sotiras2013deformable,
  title={Deformable medical image registration: A survey},
  author={Sotiras, Aristeidis and Davatzikos, Christos and Paragios, Nikos},
  journal={IEEE transactions on medical imaging},
  volume={32},
  number={7},
  pages={1153--1190},
  year={2013},
  publisher={IEEE}
}

@inproceedings{shoshan2021gan,
  title={{GAN}-control: Explicitly controllable {GAN}s},
  author={Shoshan, Alon and Bhonker, Nadav and Kviatkovsky, Igor and Medioni, Gerard},
  booktitle={Proceedings of the IEEE/CVF international conference on computer vision},
  pages={14083--14093},
  year={2021}
}

@inproceedings{ding2020guided,
  title={Guided variational autoencoder for disentanglement learning},
  author={Ding, Zheng and Xu, Yifan and Xu, Weijian and Parmar, Gaurav and Yang, Yang and Welling, Max and Tu, Zhuowen},
  booktitle={Proceedings of the IEEE/CVF conference on computer vision and pattern recognition},
  pages={7920--7929},
  year={2020}
}

@inproceedings{stammer2022interactive,
  title={Interactive disentanglement: Learning concepts by interacting with their prototype representations},
  author={Stammer, Wolfgang and Memmel, Marius and Schramowski, Patrick and Kersting, Kristian},
  booktitle={Proceedings of the IEEE/CVF Conference on Computer Vision and Pattern Recognition},
  pages={10317--10328},
  year={2022}
}

@inproceedings{kim2019bayes,
  title={Bayes-factor-vae: Hierarchical bayesian deep auto-encoder models for factor disentanglement},
  author={Kim, Minyoung and Wang, Yuting and Sahu, Pritish and Pavlovic, Vladimir},
  booktitle={Proceedings of the IEEE/CVF international conference on computer vision},
  pages={2979--2987},
  year={2019}
}

@inproceedings{higgins2017beta,
  title={beta-vae: Learning basic visual concepts with a constrained variational framework},
  author={Higgins, Irina and Matthey, Loic and Pal, Arka and Burgess, Christopher and Glorot, Xavier and Botvinick, Matthew and Mohamed, Shakir and Lerchner, Alexander},
  booktitle={International conference on learning representations},
  year={2017}
}

@article{chen2016infogan,
  title={Infogan: Interpretable representation learning by information maximizing generative adversarial nets},
  author={Chen, Xi and Duan, Yan and Houthooft, Rein and Schulman, John and Sutskever, Ilya and Abbeel, Pieter},
  journal={Advances in neural information processing systems},
  volume={29},
  year={2016}
}

@inproceedings{zhang2018unsupervised,
  title={Unsupervised discovery of object landmarks as structural representations},
  author={Zhang, Yuting and Guo, Yijie and Jin, Yixin and Luo, Yijun and He, Zhiyuan and Lee, Honglak},
  booktitle={Proceedings of the IEEE Conference on Computer Vision and Pattern Recognition},
  pages={2694--2703},
  year={2018}
}

@article{zhang2018learning,
  title={Learning to reconstruct shapes from unseen classes},
  author={Zhang, Xiuming and Zhang, Zhoutong and Zhang, Chengkai and Tenenbaum, Josh and Freeman, Bill and Wu, Jiajun},
  journal={Advances in neural information processing systems},
  volume={31},
  year={2018}
}

@inproceedings{xu2021learning,
  title={Learning geometry-disentangled representation for complementary understanding of 3d object point cloud},
  author={Xu, Mutian and Zhang, Junhao and Zhou, Zhipeng and Xu, Mingye and Qi, Xiaojuan and Qiao, Yu},
  booktitle={Proceedings of the AAAI Conference on Artificial Intelligence},
  volume={35},
  pages={3056--3064},
  year={2021}
}

@article{yang2020dsm,
  title={Dsm-net: Disentangled structured mesh net for controllable generation of fine geometry},
  author={Yang, Jie and Mo, Kaichun and Lai, Yu-Kun and Guibas, Leonidas J and Gao, Lin},
  journal={arXiv preprint arXiv:2008.05440},
  volume={2},
  number={3},
  year={2020}
}

@article{john2018disentangled,
  title={Disentangled representation learning for non-parallel text style transfer},
  author={John, Vineet and Mou, Lili and Bahuleyan, Hareesh and Vechtomova, Olga},
  journal={arXiv preprint arXiv:1808.04339},
  year={2018}
}
@article{eng2018latent,
  title={Latent alignment and variational attention},
  author={Deng, Yuntian and Kim, Yoon and Chiu, Justin and Guo, Demi and Rush, Alexander},
  journal={Advances in neural information processing systems},
  volume={31},
  year={2018}
}
@article{chartsias2019disentangled,
  title={Disentangled representation learning in cardiac image analysis},
  author={Chartsias, Agisilaos and Joyce, Thomas and Papanastasiou, Giorgos and Semple, Scott and Williams, Michelle and Newby, David E and Dharmakumar, Rohan and Tsaftaris, Sotirios A},
  journal={Medical image analysis},
  volume={58},
  pages={101535},
  year={2019},
  publisher={Elsevier}
}

@article{bercea2022federated,
  title={Federated disentangled representation learning for unsupervised brain anomaly detection},
  author={Bercea, Cosmin I and Wiestler, Benedikt and Rueckert, Daniel and Albarqouni, Shadi},
  journal={Nature Machine Intelligence},
  volume={4},
  number={8},
  pages={685--695},
  year={2022},
  publisher={Nature Publishing Group UK London}
}

@article{chu2022disentangled,
  title={Disentangled representation for sequential treatment effect estimation},
  author={Chu, Jiebin and Zhang, Yaoyun and Huang, Fei and Si, Luo and Huang, Songfang and Huang, Zhengxing},
  journal={Computer Methods and Programs in Biomedicine},
  volume={226},
  pages={107175},
  year={2022},
  publisher={Elsevier}
}

@inproceedings{palafox2021npms,
  title={Npms: Neural parametric models for 3d deformable shapes},
  author={Palafox, Pablo and Bo{\v{z}}i{\v{c}}, Alja{\v{z}} and Thies, Justus and Nie{\ss}ner, Matthias and Dai, Angela},
  booktitle={Proceedings of the IEEE/CVF International Conference on Computer Vision},
  pages={12695--12705},
  year={2021}
}

@inproceedings{chen2021snarf,
  title={Snarf: Differentiable forward skinning for animating non-rigid neural implicit shapes},
  author={Chen, Xu and Zheng, Yufeng and Black, Michael J and Hilliges, Otmar and Geiger, Andreas},
  booktitle={Proceedings of the IEEE/CVF International Conference on Computer Vision},
  pages={11594--11604},
  year={2021}
}

@inproceedings{tretschk2020patchnets,
  title={Patchnets: Patch-based generalizable deep implicit 3d shape representations},
  author={Tretschk, Edgar and Tewari, Ayush and Golyanik, Vladislav and Zollh{\"o}fer, Michael and Stoll, Carsten and Theobalt, Christian},
  booktitle={Computer Vision--ECCV 2020: 16th European Conference, Glasgow, UK, August 23--28, 2020, Proceedings, Part XVI 16},
  pages={293--309},
  year={2020},
  organization={Springer}
}


@inproceedings{deng2020nasa,
  title={Nasa neural articulated shape approximation},
  author={Deng, Boyang and Lewis, John P and Jeruzalski, Timothy and Pons-Moll, Gerard and Hinton, Geoffrey and Norouzi, Mohammad and Tagliasacchi, Andrea},
  booktitle={Computer Vision--ECCV 2020: 16th European Conference, Glasgow, UK, August 23--28, 2020, Proceedings, Part VII 16},
  pages={612--628},
  year={2020},
  organization={Springer}
}

@inproceedings{zhou2016cvpr,
    author    = {Zhou, Bolei and Khosla, Aditya and Lapedriza, Agata and Oliva, Aude and Torralba, Antonio},
    title     = {Learning Deep Features for Discriminative Localization},
    booktitle = {Computer Vision and Pattern Recognition},
    year      = {2016}
}
@inproceedings{jung2021towards,
  title={Towards better explanations of class activation mapping},
  author={Jung, Hyungsik and Oh, Youngrock},
  booktitle={Proceedings of the IEEE/CVF International Conference on Computer Vision},
  pages={1336--1344},
  year={2021}
}

@inproceedings{woo2018cbam,
  title={Cbam: Convolutional block attention module},
  author={Woo, Sanghyun and Park, Jongchan and Lee, Joon-Young and Kweon, In So},
  booktitle={Proceedings of the European conference on computer vision (ECCV)},
  pages={3--19},
  year={2018}
}

@inproceedings{berrevoets2021learning,
  title={Learning queueing policies for organ transplantation allocation using interpretable counterfactual survival analysis},
  author={Berrevoets, Jeroen and Alaa, Ahmed and Qian, Zhaozhi and Jordon, James and Gimson, Alexander ES and Van Der Schaar, Mihaela},
  booktitle={International Conference on Machine Learning},
  pages={792--802},
  year={2021},
  organization={PMLR}
}

@article{moraffah2020causal,
  title={Causal interpretability for machine learning-problems, methods and evaluation},
  author={Moraffah, Raha and Karami, Mansooreh and Guo, Ruocheng and Raglin, Adrienne and Liu, Huan},
  journal={ACM SIGKDD Explorations Newsletter},
  volume={22},
  number={1},
  pages={18--33},
  year={2020},
  publisher={ACM New York, NY, USA}
}

@article{thiagarajan2020calibrating,
  title={Calibrating healthcare {AI}: Towards reliable and interpretable deep predictive models},
  author={Thiagarajan, Jayaraman J and Sattigeri, Prasanna and Rajan, Deepta and Venkatesh, Bindya},
  journal={arXiv preprint arXiv:2004.14480},
  year={2020}
}

@article{chen2022covariate,
  title={Covariate-balancing-aware interpretable deep learning models for treatment effect estimation},
  author={Chen, Kan and Yin, Qishuo and Long, Qi},
  journal={arXiv preprint arXiv:2203.03185},
  year={2022}
}

@inproceedings{arik2021tabnet,
  title={Tabnet: Attentive interpretable tabular learning},
  author={Arik, Sercan {\"O} and Pfister, Tomas},
  booktitle={Proceedings of the AAAI Conference on Artificial Intelligence},
  volume={35},
  pages={6679--6687},
  year={2021}
}

@inproceedings{ribeiro2016should,
  title={"{W}hy should i trust you?" {Explaining} the predictions of any classifier},
  author={Ribeiro, Marco Tulio and Singh, Sameer and Guestrin, Carlos},
  booktitle={Proceedings of the 22nd ACM SIGKDD international conference on knowledge discovery and data mining},
  pages={1135--1144},
  year={2016}
}

@article{lipton2018mythos,
  title={The mythos of model interpretability: In machine learning, the concept of interpretability is both important and slippery.},
  author={Lipton, Zachary C},
  journal={Queue},
  volume={16},
  number={3},
  pages={31--57},
  year={2018},
  publisher={ACM New York, NY, USA}
}

@article{agarwal2020neural,
  title={Neural additive models: Interpretable machine learning with neural nets},
  author={Agarwal, Rishabh and Frosst, Nicholas and Zhang, Xuezhou and Caruana, Rich and Hinton, Geoffrey E},
  journal={arXiv preprint arXiv:2004.13912},
  year={2020}
}

@inproceedings{Crabbe2021Simplex,
 author = {Crabbe, Jonathan and Qian, Zhaozhi and Imrie, Fergus and van der Schaar, Mihaela},
 booktitle = {Advances in Neural Information Processing Systems},
 editor = {M. Ranzato and A. Beygelzimer and Y. Dauphin and P.S. Liang and J. Wortman Vaughan},
 pages = {12154--12166},
 publisher = {Curran Associates, Inc.},
 title = {Explaining Latent Representations with a Corpus of Examples},
 url = {https://proceedings.neurips.cc/paper/2021/file/65658fde58ab3c2b6e5132a39fae7cb9-Paper.pdf},
 volume = {34},
 year = {2021}
}

@article{simeonovdu2021ndf,
  title={Neural Descriptor Fields: SE(3)-Equivariant Object Representations for Manipulation},
  author={Simeonov, Anthony and Du, Yilun and Tagliasacchi, Andrea and Tenenbaum, Joshua B. and Rodriguez, Alberto and Agrawal, Pulkit and Sitzmann, Vincent},
  journal={arXiv preprint arXiv:2112.05124},
  year={2021}
}

@inproceedings{tewari2022disentangled3d,
  title={Disentangled3d: Learning a 3d generative model with disentangled geometry and appearance from monocular images},
  author={Tewari, Ayush and Pan, Xingang and Fried, Ohad and Agrawala, Maneesh and Theobalt, Christian and others},
  booktitle={Proceedings of the IEEE/CVF Conference on Computer Vision and Pattern Recognition},
  pages={1516--1525},
  year={2022}
}

@article{hong20223d,
  title={{3D} Concept Grounding on Neural Fields},
  author={Hong, Yining and Du, Yilun and Lin, Chunru and Tenenbaum, Joshua B and Gan, Chuang},
  journal={arXiv preprint arXiv:2207.06403},
  year={2022}
}

@inproceedings{gan2017vqs,
  title={Vqs: Linking segmentations to questions and answers for supervised attention in vqa and question-focused semantic segmentation},
  author={Gan, Chuang and Li, Yandong and Li, Haoxiang and Sun, Chen and Gong, Boqing},
  booktitle={Proceedings of the IEEE international conference on computer vision},
  pages={1811--1820},
  year={2017}
}

@inproceedings{ganju2017s,
  title={What's in a question: Using visual questions as a form of supervision},
  author={Ganju, Siddha and Russakovsky, Olga and Gupta, Abhinav},
  booktitle={Proceedings of the IEEE Conference on Computer Vision and Pattern Recognition},
  pages={241--250},
  year={2017}
}

@article{vendrov2015order,
  title={Order-embeddings of images and language},
  author={Vendrov, Ivan and Kiros, Ryan and Fidler, Sanja and Urtasun, Raquel},
  journal={arXiv preprint arXiv:1511.06361},
  year={2015}
}

@article{yi2018neural,
  title={Neural-symbolic vqa: Disentangling reasoning from vision and language understanding},
  author={Yi, Kexin and Wu, Jiajun and Gan, Chuang and Torralba, Antonio and Kohli, Pushmeet and Tenenbaum, Josh},
  journal={Advances in neural information processing systems},
  volume={31},
  year={2018}
}

@article{hong2021ptr,
  title={Ptr: A benchmark for part-based conceptual, relational, and physical reasoning},
  author={Hong, Yining and Yi, Li and Tenenbaum, Josh and Torralba, Antonio and Gan, Chuang},
  journal={Advances in Neural Information Processing Systems},
  volume={34},
  pages={17427--17440},
  year={2021}
}

@inproceedings{li2020gait,
  title={Gait recognition via semi-supervised disentangled representation learning to identity and covariate features},
  author={Li, Xiang and Makihara, Yasushi and Xu, Chi and Yagi, Yasushi and Ren, Mingwu},
  booktitle={Proceedings of the IEEE/CVF Conference on Computer Vision and Pattern Recognition},
  pages={13309--13319},
  year={2020}
}


@inproceedings{martinbrualla2020nerfw,
                          author = {Martin-Brualla, Ricardo
                                    and Radwan, Noha
                                    and Sajjadi, Mehdi S. M.
                                    and Barron, Jonathan T.
                                    and Dosovitskiy, Alexey
                                    and Duckworth, Daniel},
                          title = {{NeRF in the Wild: Neural Radiance Fields for
                                   Unconstrained Photo Collections}},
                          booktitle = {CVPR},
                          year={2021}
                      }

@article{van2014scikit,
  title={scikit-image: image processing in Python},
  author={Van der Walt, Stefan and Sch{\"o}nberger, Johannes L and Nunez-Iglesias, Juan and Boulogne, Fran{\c{c}}ois and Warner, Joshua D and Yager, Neil and Gouillart, Emmanuelle and Yu, Tony},
  journal={PeerJ},
  volume={2},
  pages={e453},
  year={2014},
  publisher={PeerJ Inc.}
}

@article{lorensen1987marching,
  title={Marching cubes: A high resolution {3D} surface construction algorithm},
  author={Lorensen, William E and Cline, Harvey E},
  journal={ACM siggraph computer graphics},
  volume={21},
  number={4},
  pages={163--169},
  year={1987},
  publisher={ACM New York, NY, USA}
}


@article{luscan2020developmental,
  title={Developmental changes of upper airway dimensions in children},
  author={Luscan, Romain and Leboulanger, Nicolas and Fayoux, Pierre and Kerner, Gaspard and Belhous, Kahina and Couloigner, Vincent and Garabedian, Erea-No{\"e}l and Simon, Fran{\c{c}}ois and Denoyelle, Fran{\c{c}}oise and Thierry, Briac},
  journal={Pediatric Anesthesia},
  volume={30},
  number={4},
  pages={435--445},
  year={2020},
  publisher={Wiley Online Library}
}

@article{martin2019rbo,
  title={The RBO dataset of articulated objects and interactions},
  author={Mart{\'\i}n-Mart{\'\i}n, Roberto and Eppner, Clemens and Brock, Oliver},
  journal={The International Journal of Robotics Research},
  volume={38},
  number={9},
  pages={1013--1019},
  year={2019},
  publisher={SAGE Publications Sage UK: London, England}
}

@article{kingma2014adam,
  title={Adam: A method for stochastic optimization},
  author={Kingma, Diederik P and Ba, Jimmy},
  journal={arXiv preprint arXiv:1412.6980},
  year={2014}
}

@article{bone2020learning,
  title={Learning the spatiotemporal variability in longitudinal shape data sets},
  author={B{\^o}ne, Alexandre and Colliot, Olivier and Durrleman, Stanley and Alzheimer’s Disease Neuroimaging Initiative},
  journal={International Journal of Computer Vision},
  volume={128},
  number={12},
  pages={2873--2896},
  year={2020},
  publisher={Springer}
}

@article{jack2008alzheimer,
  title={The {Alzheimer's} disease neuroimaging initiative ({ADNI}): {MRI} methods},
  author={Jack Jr, Clifford R and Bernstein, Matt A and Fox, Nick C and Thompson, Paul and Alexander, Gene and Harvey, Danielle and Borowski, Bret and Britson, Paula J and L. Whitwell, Jennifer and Ward, Chadwick and others},
  journal={Journal of Magnetic Resonance Imaging: An Official Journal of the International Society for Magnetic Resonance in Medicine},
  volume={27},
  number={4},
  pages={685--691},
  year={2008},
  publisher={Wiley Online Library}
}
Ask AI to edit or generate...
@article{arun1987least,
  title={Least-squares fitting of two 3-D point sets},
  author={Arun, K Somani and Huang, Thomas S and Blostein, Steven D},
  journal={IEEE Transactions on pattern analysis and machine intelligence},
  number={5},
  pages={698--700},
  year={1987},
  publisher={IEEE}
}
@article{gosche2002hippocampal,
  title={Hippocampal volume as an index of {Alzheimer} neuropathology: findings from the Nun Study},
  author={Gosche, KM and Mortimer, JA and Smith, CD and Markesbery, WR and Snowdon, DA},
  journal={Neurology},
  volume={58},
  number={10},
  pages={1476--1482},
  year={2002},
  publisher={AAN Enterprises}
}
@article{petersen2010alzheimer,
  title={{Alzheimer's} disease neuroimaging initiative (ADNI): clinical characterization},
  author={Petersen, Ronald Carl and Aisen, Paul S and Beckett, Laurel A and Donohue, Michael C and Gamst, Anthony Collins and Harvey, Danielle J and Jack, Clifford R and Jagust, William J and Shaw, Leslie M and Toga, Arthur W and others},
  journal={Neurology},
  volume={74},
  number={3},
  pages={201--209},
  year={2010},
  publisher={AAN Enterprises}
}

@article{liu2022devrf,
  title={Devrf: Fast deformable voxel radiance fields for dynamic scenes},
  author={Liu, Jia-Wei and Cao, Yan-Pei and Mao, Weijia and Zhang, Wenqiao and Zhang, David Junhao and Keppo, Jussi and Shan, Ying and Qie, Xiaohu and Shou, Mike Zheng},
  journal={Advances in Neural Information Processing Systems},
  volume={35},
  pages={36762--36775},
  year={2022}
}

@article{liu2021neuralactor,
  title={Neural actor: Neural free-view synthesis of human actors with pose control},
  author={Liu, Lingjie and Habermann, Marc and Rudnev, Viktor and Sarkar, Kripasindhu and Gu, Jiatao and Theobalt, Christian},
  journal={ACM transactions on graphics (TOG)},
  volume={40},
  number={6},
  pages={1--16},
  year={2021},
  publisher={ACM New York, NY, USA}
}

@inproceedings{duggal2022topologicallysinglebiew,
  title={Topologically-aware deformation fields for single-view 3d reconstruction},
  author={Duggal, Shivam and Pathak, Deepak},
  booktitle={Proceedings of the IEEE/CVF Conference on Computer Vision and Pattern Recognition},
  pages={1536--1546},
  year={2022}
}

@inproceedings{lei2022cadex,
  title={Cadex: Learning canonical deformation coordinate space for dynamic surface representation via neural homeomorphism},
  author={Lei, Jiahui and Daniilidis, Kostas},
  booktitle={Proceedings of the IEEE/CVF Conference on Computer Vision and Pattern Recognition},
  pages={6624--6634},
  year={2022}
}


@article{park2021hypernerf,
  title={Hypernerf: A higher-dimensional representation for topologically varying neural radiance fields},
  author={Park, Keunhong and Sinha, Utkarsh and Hedman, Peter and Barron, Jonathan T and Bouaziz, Sofien and Goldman, Dan B and Martin-Brualla, Ricardo and Seitz, Steven M},
  journal={arXiv preprint arXiv:2106.13228},
  year={2021}
}

@inproceedings{park2021nerfies,
  title={Nerfies: Deformable neural radiance fields},
  author={Park, Keunhong and Sinha, Utkarsh and Barron, Jonathan T and Bouaziz, Sofien and Goldman, Dan B and Seitz, Steven M and Martin-Brualla, Ricardo},
  booktitle={Proceedings of the IEEE/CVF International Conference on Computer Vision},
  pages={5865--5874},
  year={2021}
}

@inproceedings{peng2021animatable,
  title={Animatable neural radiance fields for modeling dynamic human bodies},
  author={Peng, Sida and Dong, Junting and Wang, Qianqian and Zhang, Shangzhan and Shuai, Qing and Zhou, Xiaowei and Bao, Hujun},
  booktitle={Proceedings of the IEEE/CVF International Conference on Computer Vision},
  pages={14314--14323},
  year={2021}
}

@inproceedings{han2023diffeomorphic,
  title={Diffeomorphic image registration with neural velocity field},
  author={Han, Kun and Sun, Shanlin and Yan, Xiangyi and You, Chenyu and Tang, Hao and Naushad, Junayed and Ma, Haoyu and Kong, Deying and Xie, Xiaohui},
  booktitle={Proceedings of the IEEE/CVF Winter Conference on Applications of Computer Vision},
  pages={1869--1879},
  year={2023}
}

@article{tian2023nephi,
  title={NePhi: Neural Deformation Fields for Approximately Diffeomorphic Medical Image Registration},
  author={Tian, Lin and Sengupta, Soumyadip and Greer, Hastings and Est{\'e}par, Ra{\'u}l San Jos{\'e} and Niethammer, Marc},
  journal={arXiv preprint arXiv:2309.07322},
  year={2023}
}

@article{sun2022mirnf,
  title={Mirnf: Medical image registration via neural fields},
  author={Sun, Shanlin and Han, Kun and Kong, Deying and You, Chenyu and Xie, Xiaohui},
  journal={arXiv preprint arXiv:2206.03111},
  year={2022}
}

@inproceedings{wolterink2022implicit,
  title={Implicit neural representations for deformable image registration},
  author={Wolterink, Jelmer M and Zwienenberg, Jesse C and Brune, Christoph},
  booktitle={International Conference on Medical Imaging with Deep Learning},
  pages={1349--1359},
  year={2022},
  organization={PMLR}
}


@article{zou2023homeomorphic,
  title={Homeomorphic Image Registration via Conformal-Invariant Hyperelastic Regularisation},
  author={Zou, Jing and Debroux, No{\'e}mie and Liu, Lihao and Qin, Jing and Sch{\"o}nlieb, Carola-Bibiane and Aviles-Rivero, Angelica I},
  journal={arXiv preprint arXiv:2303.08113},
  year={2023}
}
@inproceedings{zhang2022ndf,
  title={Ndf: Neural deformable fields for dynamic human modelling},
  author={Zhang, Ruiqi and Chen, Jie},
  booktitle={European Conference on Computer Vision},
  pages={37--52},
  year={2022},
  organization={Springer}
}

@inproceedings{bao2023sine,
  title={Sine: Semantic-driven image-based nerf editing with prior-guided editing field},
  author={Bao, Chong and Zhang, Yinda and Yang, Bangbang and Fan, Tianxing and Yang, Zesong and Bao, Hujun and Zhang, Guofeng and Cui, Zhaopeng},
  booktitle={Proceedings of the IEEE/CVF Conference on Computer Vision and Pattern Recognition},
  pages={20919--20929},
  year={2023}
}

@inproceedings{zheng2023editablenerf,
  title={Editablenerf: Editing topologically varying neural radiance fields by key points},
  author={Zheng, Chengwei and Lin, Wenbin and Xu, Feng},
  booktitle={Proceedings of the IEEE/CVF Conference on Computer Vision and Pattern Recognition},
  pages={8317--8327},
  year={2023}
}

@inproceedings{zhang2023self,
  title={Self-supervised Learning of Implicit Shape Representation with Dense Correspondence for Deformable Objects},
  author={Zhang, Baowen and Li, Jiahe and Deng, Xiaoming and Zhang, Yinda and Ma, Cuixia and Wang, Hongan},
  booktitle={Proceedings of the IEEE/CVF International Conference on Computer Vision},
  pages={14268--14278},
  year={2023}
}

@inproceedings{shuai2023dpf,
  title={DPF-Net: Combining Explicit Shape Priors in Deformable Primitive Field for Unsupervised Structural Reconstruction of {3D} Objects},
  author={Shuai, Qingyao and Zhang, Chi and Yang, Kaizhi and Chen, Xuejin},
  booktitle={Proceedings of the IEEE/CVF International Conference on Computer Vision},
  pages={14321--14329},
  year={2023}
}

@article{han2023hybrid,
  title={Hybrid Neural Diffeomorphic Flow for Shape Representation and Generation via Triplane},
  author={Han, Kun and Sun, Shanlin and Xie, Xiaohui},
  journal={arXiv preprint arXiv:2307.01957},
  year={2023}
}

@inproceedings{liu2023lepard,
  title={LEPARD: Learning Explicit Part Discovery for {3D} Articulated Shape Reconstruction},
  author={Liu, Di and Stathopoulos, Anastasis and Zhangli, Qilong and Gao, Yunhe and Metaxas, Dimitris N},
  booktitle={Thirty-seventh Conference on Neural Information Processing Systems},
  year={2023}
}

@article{aumentado2023disentangling,
  title={Disentangling geometric deformation spaces in generative latent shape models},
  author={Aumentado-Armstrong, Tristan and Tsogkas, Stavros and Dickinson, Sven and Jepson, Allan},
  journal={International Journal of Computer Vision},
  pages={1--31},
  year={2023},
  publisher={Springer}
}

@inproceedings{wei2020learning,
  title={Learning to infer semantic parameters for {3D} shape editing},
  author={Wei, Fangyin and Sizikova, Elena and Sud, Avneesh and Rusinkiewicz, Szymon and Funkhouser, Thomas},
  booktitle={2020 International Conference on {3D} Vision (3DV)},
  pages={434--442},
  year={2020},
  organization={IEEE}
}


@inproceedings{yin2012group,
  title={Group sparse additive models},
  author={Yin, Junming and Chen, Xi and Xing, Eric P},
  booktitle={Proceedings of the... International Conference on Machine Learning. International Conference on Machine Learning},
  volume={2012},
  pages={871},
  year={2012},
  organization={NIH Public Access}
}

@article{chen2017group,
  title={Group sparse additive machine},
  author={Chen, Hong and Wang, Xiaoqian and Deng, Cheng and Huang, Heng},
  journal={Advances in Neural Information Processing Systems},
  volume={30},
  year={2017}
}


@inproceedings{thielmann2024namlss,
  title={Neural additive models for location scale and shape: A framework for interpretable neural regression beyond the mean},
  author={Thielmann, Anton Frederik and Kruse, Ren{\'e}-Marcel and Kneib, Thomas and S{\"a}fken, Benjamin},
  booktitle={International Conference on Artificial Intelligence and Statistics},
  pages={1783--1791},
  year={2024},
  organization={PMLR}
}


@article{kitouni2023mono,
  title={Expressive monotonic neural networks},
  author={Kitouni, Ouail and Nolte, Niklas and Williams, Michael},
  journal={arXiv preprint arXiv:2307.07512},
  year={2023}
}

@misc{monteiro2020stochasticsegmentationnetworksmodelling,
      title={Stochastic Segmentation Networks: Modelling Spatially Correlated Aleatoric Uncertainty}, 
      author={Miguel Monteiro and Loïc Le Folgoc and Daniel Coelho de Castro and Nick Pawlowski and Bernardo Marques and Konstantinos Kamnitsas and Mark van der Wilk and Ben Glocker},
      year={2020},
      eprint={2006.06015},
      archivePrefix={arXiv},
      primaryClass={cs.CV},
      url={https://arxiv.org/abs/2006.06015}, 
}

@misc{valiuddin2021improvingaleatoricuncertaintyquantification,
      title={Improving Aleatoric Uncertainty Quantification in Multi-Annotated Medical Image Segmentation with Normalizing Flows}, 
      author={M. M. A. Valiuddin and C. G. A. Viviers and R. J. G. van Sloun and P. H. N. de With and F. van der Sommen},
      year={2021},
      eprint={2108.02155},
      archivePrefix={arXiv},
      primaryClass={cs.CV},
      url={https://arxiv.org/abs/2108.02155}, 
}

@article{Wang_2019,
   title={Aleatoric uncertainty estimation with test-time augmentation for medical image segmentation with convolutional neural networks},
   volume={338},
   ISSN={0925-2312},
   url={http://dx.doi.org/10.1016/j.neucom.2019.01.103},
   DOI={10.1016/j.neucom.2019.01.103},
   journal={Neurocomputing},
   publisher={Elsevier BV},
   author={Wang, Guotai and Li, Wenqi and Aertsen, Michael and Deprest, Jan and Ourselin, Sébastien and Vercauteren, Tom},
   year={2019},
   month=apr, pages={34–45} }

@misc{kawashima2020aleatoricuncertaintyestimationusing,
      title={The Aleatoric Uncertainty Estimation Using a Separate Formulation with Virtual Residuals}, 
      author={Takumi Kawashima and Qing Yu and Akari Asai and Daiki Ikami and Kiyoharu Aizawa},
      year={2020},
      eprint={2011.01655},
      archivePrefix={arXiv},
      primaryClass={cs.CV},
      url={https://arxiv.org/abs/2011.01655}, 
}

@article{Martin_2022,
   title={Aleatoric Uncertainty for Errors-in-Variables Models in Deep Regression},
   volume={55},
   ISSN={1573-773X},
   url={http://dx.doi.org/10.1007/s11063-022-11066-3},
   DOI={10.1007/s11063-022-11066-3},
   number={4},
   journal={Neural Processing Letters},
   publisher={Springer Science and Business Media LLC},
   author={Martin, J. and Elster, C.},
   year={2022},
   month=nov, pages={4799–4818} }

@misc{nevin2024deepuqassessingaleatoricuncertainties,
      title={DeepUQ: Assessing the Aleatoric Uncertainties from two Deep Learning Methods}, 
      author={Rebecca Nevin and Aleksandra Ćiprijanović and Brian D. Nord},
      year={2024},
      eprint={2411.08587},
      archivePrefix={arXiv},
      primaryClass={cs.LG},
      url={https://arxiv.org/abs/2411.08587}, 
}

@misc{gorecki2016changepointdetectionheteroscedastic,
      title={Change point detection in heteroscedastic time series}, 
      author={Tomasz Gorecki and Lajos Horvath and Piotr Kokoszka},
      year={2016},
      eprint={1612.02794},
      archivePrefix={arXiv},
      primaryClass={math.ST},
      url={https://arxiv.org/abs/1612.02794}, 
}

@misc{zhang2024heteroscedasticuncertaintyestimationframework,
      title={Heteroscedastic Uncertainty Estimation Framework for Unsupervised Registration}, 
      author={Xiaoran Zhang and Daniel H. Pak and Shawn S. Ahn and Xiaoxiao Li and Chenyu You and Lawrence H. Staib and Albert J. Sinusas and Alex Wong and James S. Duncan},
      year={2024},
      eprint={2312.00836},
      archivePrefix={arXiv},
      primaryClass={eess.IV},
      url={https://arxiv.org/abs/2312.00836}, 
}

@misc{stirn2022faithfulheteroscedasticregressionneural,
      title={Faithful Heteroscedastic Regression with Neural Networks}, 
      author={Andrew Stirn and Hans-Hermann Wessels and Megan Schertzer and Laura Pereira and Neville E. Sanjana and David A. Knowles},
      year={2022},
      eprint={2212.09184},
      archivePrefix={arXiv},
      primaryClass={cs.LG},
      url={https://arxiv.org/abs/2212.09184}, 
}

@article{you2017deep,
  title={Deep lattice networks and partial monotonic functions},
  author={You, Seungil and Ding, David and Canini, Kevin and Pfeifer, Jan and Gupta, Maya},
  journal={Advances in neural information processing systems},
  volume={30},
  year={2017}
}

@article{liu2020certified,
  title={Certified monotonic neural networks},
  author={Liu, Xingchao and Han, Xing and Zhang, Na and Liu, Qiang},
  journal={Advances in Neural Information Processing Systems},
  volume={33},
  pages={15427--15438},
  year={2020}
}

@inproceedings{runje2023constrained,
  title={Constrained monotonic neural networks},
  author={Runje, Davor and Shankaranarayana, Sharath M},
  booktitle={International Conference on Machine Learning},
  pages={29338--29353},
  year={2023},
  organization={PMLR}
}

@article{jiao2023naisr,
  title={NAISR: A {3D} Neural Additive Model for Interpretable Shape Representation},
  author={Jiao, Yining and Zdanski, Carlton and Kimbell, Julia and Prince, Andrew and Worden, Cameron and Kirse, Samuel and Rutter, Christopher and Shields, Benjamin and Dunn, William and Mahmud, Jisan and others},
  journal={arXiv preprint arXiv:2303.09234},
  year={2023}
}


@article{daxberger2021laplace,
  title={Laplace redux-effortless bayesian deep learning},
  author={Daxberger, Erik and Kristiadi, Agustinus and Immer, Alexander and Eschenhagen, Runa and Bauer, Matthias and Hennig, Philipp},
  journal={Advances in Neural Information Processing Systems},
  volume={34},
  pages={20089--20103},
  year={2021}
}

@article{rahaman2021ensemble,
  title={Uncertainty quantification and deep ensembles},
  author={Rahaman, Rahul and others},
  journal={Advances in neural information processing systems},
  volume={34},
  pages={20063--20075},
  year={2021}
}

@inproceedings{gal2016dropout,
  title={Dropout as a bayesian approximation: Representing model uncertainty in deep learning},
  author={Gal, Yarin and Ghahramani, Zoubin},
  booktitle={international conference on machine learning},
  pages={1050--1059},
  year={2016},
  organization={PMLR}
}
@article{lakshminarayanan2017deepemsemble,
  title={Simple and scalable predictive uncertainty estimation using deep ensembles},
  author={Lakshminarayanan, Balaji and Pritzel, Alexander and Blundell, Charles},
  journal={Advances in neural information processing systems},
  volume={30},
  year={2017}
}

@article{immer2024effectiveheterbayes,
  title={Effective Bayesian heteroscedastic regression with deep neural networks},
  author={Immer, Alexander and Palumbo, Emanuele and Marx, Alexander and Vogt, Julia},
  journal={Advances in Neural Information Processing Systems},
  volume={36},
  year={2024}
}

@article{hullermeier2021survey,
  title={Aleatoric and epistemic uncertainty in machine learning: An introduction to concepts and methods},
  author={H{\"u}llermeier, Eyke and Waegeman, Willem},
  journal={Machine learning},
  volume={110},
  number={3},
  pages={457--506},
  year={2021},
  publisher={Springer}
}

@article{bouchiat2023lanam,
  title={Improving Neural Additive Models with Bayesian Principles},
  author={Bouchiat, Kouroche and Immer, Alexander and Y{\`e}che, Hugo and R{\"a}tsch, Gunnar and Fortuin, Vincent},
  journal={arXiv preprint arXiv:2305.16905},
  year={2023}
}

@inproceedings{lou2013EBM,
  title={Accurate intelligible models with pairwise interactions},
  author={Lou, Yin and Caruana, Rich and Gehrke, Johannes and Hooker, Giles},
  booktitle={Proceedings of the 19th ACM SIGKDD international conference on Knowledge discovery and data mining},
  pages={623--631},
  year={2013}
}

@book{wooldridge2016homohetr,
  title={Introductory econometrics: Asia pacific edition with online study tools 12 months},
  author={Wooldridge, Jeffrey M and Wadud, Mokhtarul and Lye, Jenny},
  year={2016},
  publisher={Cengage AU}
}

@inproceedings{lu2022oak,
  title={Additive gaussian processes revisited},
  author={Lu, Xiaoyu and Boukouvalas, Alexis and Hensman, James},
  booktitle={International Conference on Machine Learning},
  pages={14358--14383},
  year={2022},
  organization={PMLR}
}

@article{ke2017lightgbm,
  title={Lightgbm: A highly efficient gradient boosting decision tree},
  author={Ke, Guolin and Meng, Qi and Finley, Thomas and Wang, Taifeng and Chen, Wei and Ma, Weidong and Ye, Qiwei and Liu, Tie-Yan},
  journal={Advances in neural information processing systems},
  volume={30},
  year={2017}
}

@article{friedman2001greedy,
  title={Greedy function approximation: a gradient boosting machine},
  author={Friedman, Jerome H},
  journal={Annals of statistics},
  pages={1189--1232},
  year={2001},
  publisher={JSTOR}
}

@article{lundberg2017unified,
  title={A unified approach to interpreting model predictions},
  author={Lundberg, Scott},
  journal={arXiv preprint arXiv:1705.07874},
  year={2017}
}

@article{rudin2019stop,
  title={Stop explaining black box machine learning models for high stakes decisions and use interpretable models instead},
  author={Rudin, Cynthia},
  journal={Nature machine intelligence},
  volume={1},
  number={5},
  pages={206--215},
  year={2019},
  publisher={Nature Publishing Group UK London}
}

@article{marcus2007oasis,
  title={Open Access Series of Imaging Studies (OASIS): cross-sectional {MRI} data in young, middle aged, nondemented, and demented older adults},
  author={Marcus, Daniel S and Wang, Tracy H and Parker, Jamie and Csernansky, John G and Morris, John C and Buckner, Randy L},
  journal={Journal of cognitive neuroscience},
  volume={19},
  number={9},
  pages={1498--1507},
  year={2007},
  publisher={MIT Press One Rogers Street, Cambridge, MA 02142-1209, USA journals-info~…}
}

@inproceedings{de2020block,
  title={Block neural autoregressive flow},
  author={De Cao, Nicola and Aziz, Wilker and Titov, Ivan},
  booktitle={Uncertainty in artificial intelligence},
  pages={1263--1273},
  year={2020},
  organization={PMLR}
}

@article{wang2025uncertaintysurvey,
  title={From Aleatoric to Epistemic: Exploring Uncertainty Quantification Techniques in Artificial Intelligence},
  author={Wang, Tianyang and Wang, Yunze and Zhou, Jun and Peng, Benji and Song, Xinyuan and Zhang, Charles and Sun, Xintian and Niu, Qian and Liu, Junyu and Chen, Silin and others},
  journal={arXiv preprint arXiv:2501.03282},
  year={2025}
}


@inproceedings{unetronneberger2015u,
  title={U-net: Convolutional networks for biomedical image segmentation},
  author={Ronneberger, Olaf and Fischer, Philipp and Brox, Thomas},
  booktitle={Medical image computing and computer-assisted intervention--MICCAI 2015: 18th international conference, Munich, Germany, October 5-9, 2015, proceedings, part III 18},
  pages={234--241},
  year={2015},
  organization={Springer}
}


@misc{unetcciccek20163d,
      title={{3D} U-Net: Learning Dense Volumetric Segmentation from Sparse Annotation}, 
      author={Özgün Çiçek and Ahmed Abdulkadir and Soeren S. Lienkamp and Thomas Brox and Olaf Ronneberger},
      year={2016},
      eprint={1606.06650},
      archivePrefix={arXiv},
      primaryClass={cs.CV},
      url={https://arxiv.org/abs/1606.06650}, 
}

@inproceedings{atlashong2013pediatric,
  title={A pediatric airway atlas and its application in subglottic stenosis},
  author={Hong, Yi and Niethammer, Marc and Andruejol, Johan and Kimbell, Julia S and Pitkin, Elizabeth and Superfine, Richard and Davis, Stephanie and Zdanski, Carlton J and Davis, Brad},
  booktitle={2013 Ieee 10th International Symposium on Biomedical Imaging},
  pages={1206--1209},
  year={2013},
  organization={IEEE}
}

@book{centerlineramsay2005fitting,
  title={Fitting differential equations to functional data: Principal differential analysis},
  author={Ramsay, James O and Silverman, Bernard W},
  year={2005},
  publisher={Springer}
}

@book{wand1994kernel,
  title={Kernel smoothing},
  author={Wand, Matt P and Jones, M Chris},
  year={1994},
  publisher={CRC press}
}


@book{hastie2009elements,
  title={The elements of statistical learning: data mining, inference, and prediction},
  author={Hastie, Trevor and Tibshirani, Robert and Friedman, Jerome H and Friedman, Jerome H},
  volume={2},
  year={2009},
  publisher={Springer}
}


@article{jin2019howmany,
  title={How many models/atlases are needed as priors for capturing anatomic population variations?},
  author={Jin, Ze and Udupa, Jayaram K and Torigian, Drew A},
  journal={Medical image analysis},
  volume={58},
  pages={101550},
  year={2019},
  publisher={Elsevier}
}

@article{joshi2004unbiased,
  title={Unbiased diffeomorphic atlas construction for computational anatomy},
  author={Joshi, Sarang and Davis, Brad and Jomier, Matthieu and Gerig, Guido},
  journal={NeuroImage},
  volume={23},
  pages={S151--S160},
  year={2004},
  publisher={Elsevier}
}

@article{thompson2002framework,
  title={A framework for computational anatomy},
  author={Thompson, Paul M and Toga, Arthur W},
  journal={Computing and Visualization in Science},
  volume={5},
  number={1},
  pages={13--34},
  year={2002},
  publisher={Springer}
}
@inproceedings{commowick2005incorporating,
  title={Incorporating statistical measures of anatomical variability in atlas-to-subject registration for conformal brain radiotherapy},
  author={Commowick, Olivier and Stefanescu, Radu and Fillard, Pierre and Arsigny, Vincent and Ayache, Nicholas and Pennec, Xavier and Malandain, Gr{\'e}goire},
  booktitle={International Conference on Medical Image Computing and Computer-Assisted Intervention},
  pages={927--934},
  year={2005},
  organization={Springer}
}
@article{kovavcevic2005three,
  title={A three-dimensional {MRI} atlas of the mouse brain with estimates of the average and variability},
  author={Kova{\v{c}}evi{\'c}, N and Henderson, JT and Chan, E and Lifshitz, N and Bishop, J and Evans, AC and Henkelman, RM and Chen, XJ},
  journal={Cerebral cortex},
  volume={15},
  number={5},
  pages={639--645},
  year={2005},
  publisher={Oxford University Press}
}

@article{kitouni2023robustmono,
  title={Robust and provably monotonic networks},
  author={Kitouni, Ouail and Nolte, Niklas and Williams, Mike},
  journal={Machine Learning: Science and Technology},
  volume={4},
  number={3},
  pages={035020},
  year={2023},
  publisher={IOP Publishing}
}

@misc{gouk2020regularisationneuralnetworksenforcing,
      title={Regularisation of Neural Networks by Enforcing Lipschitz Continuity}, 
      author={Henry Gouk and Eibe Frank and Bernhard Pfahringer and Michael J. Cree},
      year={2020},
      eprint={1804.04368},
      archivePrefix={arXiv},
      primaryClass={stat.ML},
      url={https://arxiv.org/abs/1804.04368}, 
}

@misc{nori2019interpretmlunifiedframeworkmachine,
      title={InterpretML: A Unified Framework for Machine Learning Interpretability}, 
      author={Harsha Nori and Samuel Jenkins and Paul Koch and Rich Caruana},
      year={2019},
      eprint={1909.09223},
      archivePrefix={arXiv},
      primaryClass={cs.LG},
      url={https://arxiv.org/abs/1909.09223}, 
}

@misc{miyato2018spectralnormalizationgenerativeadversarial,
      title={Spectral Normalization for Generative Adversarial Networks}, 
      author={Takeru Miyato and Toshiki Kataoka and Masanori Koyama and Yuichi Yoshida},
      year={2018},
      eprint={1802.05957},
      archivePrefix={arXiv},
      primaryClass={cs.LG},
      url={https://arxiv.org/abs/1802.05957}, 
}

@misc{huster2018limitationslipschitzconstantdefense,
      title={Limitations of the Lipschitz constant as a defense against adversarial examples}, 
      author={Todd Huster and Cho-Yu Jason Chiang and Ritu Chadha},
      year={2018},
      eprint={1807.09705},
      archivePrefix={arXiv},
      primaryClass={cs.LG},
      url={https://arxiv.org/abs/1807.09705}, 
}

@article{fotenos2008brain,
  title={Brain volume decline in aging: evidence for a relation between socioeconomic status, preclinical {Alzheimer} disease, and reserve},
  author={Fotenos, Anthony F and Mintun, Mark A and Snyder, Abraham Z and Morris, John C and Buckner, Randy L},
  journal={Archives of neurology},
  volume={65},
  number={1},
  pages={113--120},
  year={2008},
  publisher={American Medical Association}
}

@article{zhou2020identifiability,
  title={Learning identifiable and interpretable latent models of high-dimensional neural activity using pi-VAE},
  author={Zhou, Ding and Wei, Xue-Xin},
  journal={Advances in Neural Information Processing Systems},
  volume={33},
  pages={7234--7247},
  year={2020}
}

@article{siems2023curve,
  title={Curve your enthusiasm: concurvity regularization in differentiable generalized additive models},
  author={Siems, Julien and Ditschuneit, Konstantin and Ripken, Winfried and Lindborg, Alma and Schambach, Maximilian and Otterbach, Johannes and Genzel, Martin},
  journal={Advances in Neural Information Processing Systems},
  volume={36},
  pages={19029--19057},
  year={2023}
}