@INPROCEEDINGS{GraphDreamer,
  author={Gao, Gege and Liu, Weiyang and Chen, Anpei and Geiger, Andreas and Sch√∂lkopf, Bernhard},
  booktitle={IEEE/CVF Conference on Computer Vision and Pattern Recognition (CVPR)}, 
  title={GraphDreamer: Compositional 3D Scene Synthesis from Scene Graphs}, 
  year={2024},
  pages={21295-21304},
}

@article{feng2024layoutgpt,
  title={Layoutgpt: Compositional visual planning and generation with large language models},
  author={Feng, Weixi and Zhu, Wanrong and Fu, Tsu-jui and Jampani, Varun and Akula, Arjun and He, Xuehai and Basu, Sugato and Wang, Xin Eric and Wang, William Yang},
  journal={Advances in Neural Information Processing Systems},
  volume={36},
  year={2024}
}

@inproceedings{hassan2021populating,
  title={Populating 3D scenes by learning human-scene interaction},
  author={Hassan, Mohamed and Ghosh, Partha and Tesch, Joachim and Tzionas, Dimitrios and Black, Michael J},
  booktitle={Proceedings of the IEEE/CVF Conference on Computer Vision and Pattern Recognition},
  pages={14708--14718},
  year={2021}
}

@article{hong2024human,
  title={Human-Aware 3D Scene Generation with Spatially-constrained Diffusion Models},
  author={Hong, Xiaolin and Yi, Hongwei and He, Fazhi and Cao, Qiong},
  journal={arXiv preprint arXiv:2406.18159},
  year={2024}
}

@inproceedings{li2024controllable,
  title={Controllable human-object interaction synthesis},
  author={Li, Jiaman and Clegg, Alexander and Mottaghi, Roozbeh and Wu, Jiajun and Puig, Xavier and Liu, C Karen},
  booktitle={European Conference on Computer Vision},
  year={2024}
}

@inproceedings{li2024genzi,
  title={GenZI: Zero-Shot 3D Human-Scene Interaction Generation},
  author={Li, Lei and Dai, Angela},
  booktitle={Proceedings of the IEEE/CVF Conference on Computer Vision and Pattern Recognition},
  pages={20465--20474},
  year={2024}
}

@article{min2024funcscene,
  title={FuncScene: Function-centric indoor scene synthesis via a variational autoencoder framework},
  author={Min, Wenjie and Wu, Wenming and Zhang, Gaofeng and Zheng, Liping},
  journal={Computer Aided Geometric Design},
  volume={111},
  pages={102319},
  year={2024},
  publisher={Elsevier}
}

@inproceedings{nie2022pose2room,
  title={Pose2room: understanding 3d scenes from human activities},
  author={Nie, Yinyu and Dai, Angela and Han, Xiaoguang and Nie{\ss}ner, Matthias},
  booktitle={European Conference on Computer Vision},
  pages={425--443},
  year={2022},
  organization={Springer}
}

@article{ocal2024sceneteller,
  title={SceneTeller: Language-to-3D Scene Generation},
  author={{\"O}cal, Ba{\c{s}}ak Melis and Tatarchenko, Maxim and Karaoglu, Sezer and Gevers, Theo},
  journal={arXiv preprint arXiv:2407.20727},
  year={2024}
}

@article{paschalidou2021atiss,
  title={Atiss: Autoregressive transformers for indoor scene synthesis},
  author={Paschalidou, Despoina and Kar, Amlan and Shugrina, Maria and Kreis, Karsten and Geiger, Andreas and Fidler, Sanja},
  journal={Advances in Neural Information Processing Systems},
  volume={34},
  pages={12013--12026},
  year={2021}
}

@inproceedings{pavlakos2019expressive,
  title={Expressive body capture: 3d hands, face, and body from a single image},
  author={Pavlakos, Georgios and Choutas, Vasileios and Ghorbani, Nima and Bolkart, Timo and Osman, Ahmed AA and Tzionas, Dimitrios and Black, Michael J},
  booktitle={Proceedings of the IEEE/CVF conference on computer vision and pattern recognition},
  pages={10975--10985},
  year={2019}
}

@article{poole2022dreamfusion,
  author = {Poole, Ben and Jain, Ajay and Barron, Jonathan T. and Mildenhall, Ben},
  title = {DreamFusion: Text-to-3D using 2D Diffusion},
  journal = {arXiv},
  year = {2022},
}

@inproceedings{ritchie2019fast,
  title={Fast and flexible indoor scene synthesis via deep convolutional generative models},
  author={Ritchie, Daniel and Wang, Kai and Lin, Yu-an},
  booktitle={Proceedings of the IEEE/CVF Conference on Computer Vision and Pattern Recognition},
  pages={6182--6190},
  year={2019}
}

@inproceedings{rombach2022high,
  title={High-resolution image synthesis with latent diffusion models},
  author={Rombach, Robin and Blattmann, Andreas and Lorenz, Dominik and Esser, Patrick and Ommer, Bj{\"o}rn},
  booktitle={Proceedings of the IEEE/CVF conference on computer vision and pattern recognition},
  pages={10684--10695},
  year={2022}
}

@inproceedings{tang2024diffuscene,
  title={Diffuscene: Denoising diffusion models for generative indoor scene synthesis},
  author={Tang, Jiapeng and Nie, Yinyu and Markhasin, Lev and Dai, Angela and Thies, Justus and Nie{\ss}ner, Matthias},
  booktitle={Proceedings of the IEEE/CVF conference on computer vision and pattern recognition},
  pages={20507--20518},
  year={2024}
}

@inproceedings{wang2021sceneformer,
  title={Sceneformer: Indoor scene generation with transformers},
  author={Wang, Xinpeng and Yeshwanth, Chandan and Nie{\ss}ner, Matthias},
  booktitle={2021 International Conference on 3D Vision (3DV)},
  pages={106--115},
  year={2021},
  organization={IEEE}
}

@article{wei2024planner3d,
  title={Planner3D: LLM-enhanced graph prior meets 3D indoor scene explicit regularization},
  author={Wei, Yao and Min, Martin Renqiang and Vosselman, George and Li, Li Erran and Yang, Michael Ying},
  journal={arXiv preprint arXiv:2403.12848},
  year={2024}
}

@inproceedings{ye2022scene,
  title={Scene synthesis from human motion},
  author={Ye, Sifan and Wang, Yixing and Li, Jiaman and Park, Dennis and Liu, C Karen and Xu, Huazhe and Wu, Jiajun},
  booktitle={SIGGRAPH Asia 2022 Conference Papers},
  pages={1--9},
  year={2022}
}

@inproceedings{yi2023mime,
  title={MIME: Human-aware 3D scene generation},
  author={Yi, Hongwei and Huang, Chun-Hao P and Tripathi, Shashank and Hering, Lea and Thies, Justus and Black, Michael J},
  booktitle={Proceedings of the IEEE/CVF Conference on Computer Vision and Pattern Recognition},
  pages={12965--12976},
  year={2023}
}

@inproceedings{yi2024generating,
  title={Generating human interaction motions in scenes with text control},
  author={Yi, Hongwei and Thies, Justus and Black, Michael J and Peng, Xue Bin and Rempe, Davis},
  booktitle={European Conference on Computer Vision},
  year={2024}
}

@article{zhai2024echoscene,
  title={EchoScene: Indoor Scene Generation via Information Echo over Scene Graph Diffusion},
  author={Zhai, Guangyao and {\"O}rnek, Evin P{\i}nar and Chen, Dave Zhenyu and Liao, Ruotong and Di, Yan and Navab, Nassir and Tombari, Federico and Busam, Benjamin},
  journal={arXiv preprint arXiv:2405.00915},
  year={2024}
}

@article{zhang2021fast,
  title={Fast 3D indoor scene synthesis by learning spatial relation priors of objects},
  author={Zhang, Song-Hai and Zhang, Shao-Kui and Xie, Wei-Yu and Luo, Cheng-Yang and Yang, Yong-Liang and Fu, Hongbo},
  journal={IEEE Transactions on Visualization and Computer Graphics},
  volume={28},
  number={9},
  pages={3082--3092},
  year={2021},
  publisher={IEEE}
}

@article{zhou2024gala3d,
  title={Gala3d: Towards text-to-3d complex scene generation via layout-guided generative gaussian splatting},
  author={Zhou, Xiaoyu and Ran, Xingjian and Xiong, Yajiao and He, Jinlin and Lin, Zhiwei and Wang, Yongtao and Sun, Deqing and Yang, Ming-Hsuan},
  journal={arXiv preprint arXiv:2402.07207},
  year={2024}
}

