%---------------------------
% Long form of conference & journal abbreviations -- especially for camera ready
@String(PAMI  = {IEEE Trans. Pattern Anal. Mach. Intell.})
@String(IJCV  = {Int. J. Comput. Vis.})
@String(CVPR  = {IEEE Conf. Comput. Vis. Pattern Recog.})
@String(ICCV  = {Int. Conf. Comput. Vis.})
@String(ECCV  = {Eur. Conf. Comput. Vis.})
@String(NeurIPS = {Adv. Neural Inform. Process. Syst.})
@String(ICML  = {Int. Conf. Mach. Learn.})
@String(ICLR  = {Int. Conf. Learn. Represent.})
@String(ACCV  = {Asian Conf. Comput. Vis.})
@String(BMVC  = {Brit. Mach. Vis. Conf.})
@String(CVPRW = {IEEE Conf. Comput. Vis. Pattern Recog. Worksh.})
@String(AAAI  = {AAAI})
@String(IJCAI = {IJCAI})
@String(ICIP  = {IEEE Int. Conf. Image Process.})
@String(ICPR  = {Int. Conf. Pattern Recog.})
@String(ICASSP=	{ICASSP})
@String(ICME  = {Int. Conf. Multimedia and Expo})
@String(JMLR  = {J. Mach. Learn. Res.})
@String(TMLR  = {Trans. Mach. Learn Res.})
@String(TOG   = {ACM Trans. Graph.})
@String(TIP   = {IEEE Trans. Image Process.})
@String(TVCG  = {IEEE Trans. Vis. Comput. Graph.})
@String(TCSVT = {IEEE Trans. Circuit Syst. Video Technol.})
@String(TMM   = {IEEE Trans. Multimedia})
@String(ACMMM = {ACM Int. Conf. Multimedia})
@String(PR    = {Pattern Recognition})

@String(MNI	  = {Nature Mach. Intell.})
@String(SPL	  = {IEEE Sign. Process. Letters})
@String(VR    = {Vis. Res.})
@String(JOV	  = {J. Vis.})
@String(TVC   = {The Vis. Comput.})
@String(JCST  = {J. Comput. Sci. Tech.})
@String(CGF   = {Comput. Graph. Forum})
@String(CVM   = {Computational Visual Media})


% Short form of conference & journal abbreviations -- especially for submission version
% if desired, remove these macros in favor of the above ones
@String(PAMI  = {IEEE TPAMI})
@String(IJCV  = {IJCV})
@String(CVPR  = {CVPR})
@String(ICCV  = {ICCV})
@String(ECCV  = {ECCV})
@String(NeurIPS = {NeurIPS})
@String(ICML  = {ICML})
@String(ICLR  = {ICLR})
@String(ACCV  = {ACCV})
@String(BMVC  =	{BMVC})
@String(CVPRW = {CVPRW})
@String(AAAI  = {AAAI})
@String(IJCAI = {IJCAI})
@String(ICIP  = {ICIP})
@String(ICPR  = {ICPR})
@String(ICASSP=	{ICASSP})
@String(ICME  =	{ICME})
@String(JMLR  = {JMLR})
@String(TMLR  = {TMLR})
@String(TOG   = {ACM TOG})
@String(TIP   = {IEEE TIP})
@String(TVCG  = {IEEE TVCG})
@String(TCSVT = {IEEE TCSVT})
@String(TMM   =	{IEEE TMM})
@String(ACMMM = {ACM MM})
@String(PR    = {PR})


@article{feng2024layoutgpt,
  title={Layoutgpt: Compositional visual planning and generation with large language models},
  author={Feng, Weixi and Zhu, Wanrong and Fu, Tsu-jui and Jampani, Varun and Akula, Arjun and He, Xuehai and Basu, Sugato and Wang, Xin Eric and Wang, William Yang},
  journal={Advances in Neural Information Processing Systems},
  volume={36},
  year={2024}
}

@article{wen2023anyhome,
  title={Anyhome: Open-vocabulary generation of structured and textured 3d homes},
  author={Wen, Zehao and Liu, Zichen and Sridhar, Srinath and Fu, Rao},
  journal={arXiv preprint arXiv:2312.06644},
  year={2023}
}

@article{ocal2024sceneteller,
  title={SceneTeller: Language-to-3D Scene Generation},
  author={{\"O}cal, Ba{\c{s}}ak Melis and Tatarchenko, Maxim and Karaoglu, Sezer and Gevers, Theo},
  journal={arXiv preprint arXiv:2407.20727},
  year={2024}
}

@inproceedings{yang2024holodeck,
  title={Holodeck: Language guided generation of 3d embodied ai environments},
  author={Yang, Yue and Sun, Fan-Yun and Weihs, Luca and VanderBilt, Eli and Herrasti, Alvaro and Han, Winson and Wu, Jiajun and Haber, Nick and Krishna, Ranjay and Liu, Lingjie and others},
  booktitle={Proceedings of the IEEE/CVF Conference on Computer Vision and Pattern Recognition},
  pages={16227--16237},
  year={2024}
}

@article{paschalidou2021atiss,
  title={Atiss: Autoregressive transformers for indoor scene synthesis},
  author={Paschalidou, Despoina and Kar, Amlan and Shugrina, Maria and Kreis, Karsten and Geiger, Andreas and Fidler, Sanja},
  journal={Advances in Neural Information Processing Systems},
  volume={34},
  pages={12013--12026},
  year={2021}
}

@inproceedings{ritchie2019fast,
  title={Fast and flexible indoor scene synthesis via deep convolutional generative models},
  author={Ritchie, Daniel and Wang, Kai and Lin, Yu-an},
  booktitle={Proceedings of the IEEE/CVF Conference on Computer Vision and Pattern Recognition},
  pages={6182--6190},
  year={2019}
}

@inproceedings{wang2021sceneformer,
  title={Sceneformer: Indoor scene generation with transformers},
  author={Wang, Xinpeng and Yeshwanth, Chandan and Nie{\ss}ner, Matthias},
  booktitle={2021 International Conference on 3D Vision (3DV)},
  pages={106--115},
  year={2021},
  organization={IEEE}
}

@article{wei2024planner3d,
  title={Planner3D: LLM-enhanced graph prior meets 3D indoor scene explicit regularization},
  author={Wei, Yao and Min, Martin Renqiang and Vosselman, George and Li, Li Erran and Yang, Michael Ying},
  journal={arXiv preprint arXiv:2403.12848},
  year={2024}
}

@inproceedings{tang2024diffuscene,
  title={Diffuscene: Denoising diffusion models for generative indoor scene synthesis},
  author={Tang, Jiapeng and Nie, Yinyu and Markhasin, Lev and Dai, Angela and Thies, Justus and Nie{\ss}ner, Matthias},
  booktitle={Proceedings of the IEEE/CVF conference on computer vision and pattern recognition},
  pages={20507--20518},
  year={2024}
}

@article{zhou2024gala3d,
  title={Gala3d: Towards text-to-3d complex scene generation via layout-guided generative gaussian splatting},
  author={Zhou, Xiaoyu and Ran, Xingjian and Xiong, Yajiao and He, Jinlin and Lin, Zhiwei and Wang, Yongtao and Sun, Deqing and Yang, Ming-Hsuan},
  journal={arXiv preprint arXiv:2402.07207},
  year={2024}
}

@article{zhai2024echoscene,
  title={EchoScene: Indoor Scene Generation via Information Echo over Scene Graph Diffusion},
  author={Zhai, Guangyao and {\"O}rnek, Evin P{\i}nar and Chen, Dave Zhenyu and Liao, Ruotong and Di, Yan and Navab, Nassir and Tombari, Federico and Busam, Benjamin},
  journal={arXiv preprint arXiv:2405.00915},
  year={2024}
}

@inproceedings{fu20213d,
  title={3d-front: 3d furnished rooms with layouts and semantics},
  author={Fu, Huan and Cai, Bowen and Gao, Lin and Zhang, Ling-Xiao and Wang, Jiaming and Li, Cao and Zeng, Qixun and Sun, Chengyue and Jia, Rongfei and Zhao, Binqiang and others},
  booktitle={Proceedings of the IEEE/CVF International Conference on Computer Vision},
  pages={10933--10942},
  year={2021}
}

@article{fu20213d2,
  title={3d-future: 3d furniture shape with texture},
  author={Fu, Huan and Jia, Rongfei and Gao, Lin and Gong, Mingming and Zhao, Binqiang and Maybank, Steve and Tao, Dacheng},
  journal={International Journal of Computer Vision},
  volume={129},
  pages={3313--3337},
  year={2021},
  publisher={Springer}
}

@inproceedings{yi2023mime,
  title={MIME: Human-aware 3D scene generation},
  author={Yi, Hongwei and Huang, Chun-Hao P and Tripathi, Shashank and Hering, Lea and Thies, Justus and Black, Michael J},
  booktitle={Proceedings of the IEEE/CVF Conference on Computer Vision and Pattern Recognition},
  pages={12965--12976},
  year={2023}
}

@article{hong2024human,
  title={Human-Aware 3D Scene Generation with Spatially-constrained Diffusion Models},
  author={Hong, Xiaolin and Yi, Hongwei and He, Fazhi and Cao, Qiong},
  journal={arXiv preprint arXiv:2406.18159},
  year={2024}
}

@inproceedings{parmar2022aliased,
  title={On aliased resizing and surprising subtleties in gan evaluation},
  author={Parmar, Gaurav and Zhang, Richard and Zhu, Jun-Yan},
  booktitle={Proceedings of the IEEE/CVF Conference on Computer Vision and Pattern Recognition},
  pages={11410--11420},
  year={2022}
}

@article{krizhevsky2012imagenet,
  title={Imagenet classification with deep convolutional neural networks},
  author={Krizhevsky, Alex and Sutskever, Ilya and Hinton, Geoffrey E},
  journal={Advances in neural information processing systems},
  volume={25},
  year={2012}
}

@inproceedings{deng2009imagenet,
  title={Imagenet: A large-scale hierarchical image database},
  author={Deng, Jia and Dong, Wei and Socher, Richard and Li, Li-Jia and Li, Kai and Fei-Fei, Li},
  booktitle={2009 IEEE conference on computer vision and pattern recognition},
  pages={248--255},
  year={2009},
  organization={Ieee}
}

@article{liu2024openshape,
  title={Openshape: Scaling up 3d shape representation towards open-world understanding},
  author={Liu, Minghua and Shi, Ruoxi and Kuang, Kaiming and Zhu, Yinhao and Li, Xuanlin and Han, Shizhong and Cai, Hong and Porikli, Fatih and Su, Hao},
  journal={Advances in neural information processing systems},
  volume={36},
  year={2024}
}

@inproceedings{hassan2021populating,
  title={Populating 3D scenes by learning human-scene interaction},
  author={Hassan, Mohamed and Ghosh, Partha and Tesch, Joachim and Tzionas, Dimitrios and Black, Michael J},
  booktitle={Proceedings of the IEEE/CVF Conference on Computer Vision and Pattern Recognition},
  pages={14708--14718},
  year={2021}
}

@inproceedings{li2024genzi,
  title={GenZI: Zero-Shot 3D Human-Scene Interaction Generation},
  author={Li, Lei and Dai, Angela},
  booktitle={Proceedings of the IEEE/CVF Conference on Computer Vision and Pattern Recognition},
  pages={20465--20474},
  year={2024}
}

@inproceedings{pavlakos2019expressive,
  title={Expressive body capture: 3d hands, face, and body from a single image},
  author={Pavlakos, Georgios and Choutas, Vasileios and Ghorbani, Nima and Bolkart, Timo and Osman, Ahmed AA and Tzionas, Dimitrios and Black, Michael J},
  booktitle={Proceedings of the IEEE/CVF conference on computer vision and pattern recognition},
  pages={10975--10985},
  year={2019}
}

@inproceedings{li2024controllable,
  title={Controllable human-object interaction synthesis},
  author={Li, Jiaman and Clegg, Alexander and Mottaghi, Roozbeh and Wu, Jiajun and Puig, Xavier and Liu, C Karen},
  booktitle={European Conference on Computer Vision},
  year={2024}
}

@inproceedings{yi2024generating,
  title={Generating human interaction motions in scenes with text control},
  author={Yi, Hongwei and Thies, Justus and Black, Michael J and Peng, Xue Bin and Rempe, Davis},
  booktitle={European Conference on Computer Vision},
  year={2024}
}

@inproceedings{rombach2022high,
  title={High-resolution image synthesis with latent diffusion models},
  author={Rombach, Robin and Blattmann, Andreas and Lorenz, Dominik and Esser, Patrick and Ommer, Bj{\"o}rn},
  booktitle={Proceedings of the IEEE/CVF conference on computer vision and pattern recognition},
  pages={10684--10695},
  year={2022}
}

@inproceedings{patel2021agora,
  title={AGORA: Avatars in geography optimized for regression analysis},
  author={Patel, Priyanka and Huang, Chun-Hao P and Tesch, Joachim and Hoffmann, David T and Tripathi, Shashank and Black, Michael J},
  booktitle={Proceedings of the IEEE/CVF Conference on Computer Vision and Pattern Recognition},
  pages={13468--13478},
  year={2021}
}

@article{zhang2021fast,
  title={Fast 3D indoor scene synthesis by learning spatial relation priors of objects},
  author={Zhang, Song-Hai and Zhang, Shao-Kui and Xie, Wei-Yu and Luo, Cheng-Yang and Yang, Yong-Liang and Fu, Hongbo},
  journal={IEEE Transactions on Visualization and Computer Graphics},
  volume={28},
  number={9},
  pages={3082--3092},
  year={2021},
  publisher={IEEE}
}

@article{min2024funcscene,
  title={FuncScene: Function-centric indoor scene synthesis via a variational autoencoder framework},
  author={Min, Wenjie and Wu, Wenming and Zhang, Gaofeng and Zheng, Liping},
  journal={Computer Aided Geometric Design},
  volume={111},
  pages={102319},
  year={2024},
  publisher={Elsevier}
}

@article{ouyang2022training,
  title={Training language models to follow instructions with human feedback},
  author={Ouyang, Long and Wu, Jeffrey and Jiang, Xu and Almeida, Diogo and Wainwright, Carroll and Mishkin, Pamela and Zhang, Chong and Agarwal, Sandhini and Slama, Katarina and Ray, Alex and others},
  journal={Advances in neural information processing systems},
  volume={35},
  pages={27730--27744},
  year={2022}
}

@article{poole2022dreamfusion,
  author = {Poole, Ben and Jain, Ajay and Barron, Jonathan T. and Mildenhall, Ben},
  title = {DreamFusion: Text-to-3D using 2D Diffusion},
  journal = {arXiv},
  year = {2022},
}

@article{touvron2023llama,
  title={Llama 2: Open foundation and fine-tuned chat models},
  author={Touvron, Hugo and Martin, Louis and Stone, Kevin and Albert, Peter and Almahairi, Amjad and Babaei, Yasmine and Bashlykov, Nikolay and Batra, Soumya and Bhargava, Prajjwal and Bhosale, Shruti and others},
  journal={arXiv preprint arXiv:2307.09288},
  year={2023}
}


@InProceedings{blip2022,
  title = 	 {{BLIP}: Bootstrapping Language-Image Pre-training for Unified Vision-Language Understanding and Generation},
  author =       {Li, Junnan and Li, Dongxu and Xiong, Caiming and Hoi, Steven},
  booktitle = 	 {Proceedings of the 39th International Conference on Machine Learning},
  pages = 	 {12888--12900},
  year = 	 {2022},
  editor = 	 {Chaudhuri, Kamalika and Jegelka, Stefanie and Song, Le and Szepesvari, Csaba and Niu, Gang and Sabato, Sivan},
  volume = 	 {162},
  series = 	 {Proceedings of Machine Learning Research},
  month = 	 {17--23 Jul},
  publisher =    {PMLR}
}

@inproceedings{radford2021learning,
  title={Learning transferable visual models from natural language supervision},
  author={Radford, Alec and Kim, Jong Wook and Hallacy, Chris and Ramesh, Aditya and Goh, Gabriel and Agarwal, Sandhini and Sastry, Girish and Askell, Amanda and Mishkin, Pamela and Clark, Jack and others},
  booktitle={International conference on machine learning},
  pages={8748--8763},
  year={2021},
  organization={PMLR}
}


@inproceedings{
lin2024instructscene,
title={InstructScene: Instruction-Driven 3D Indoor Scene Synthesis with Semantic Graph Prior},
author={Chenguo Lin and Yadong Mu},
booktitle={The Twelfth International Conference on Learning Representations},
year={2024},
}

@inproceedings{yang2024physcene,
  title={Physcene: Physically interactable 3d scene synthesis for embodied ai},
  author={Yang, Yandan and Jia, Baoxiong and Zhi, Peiyuan and Huang, Siyuan},
  booktitle={Proceedings of the IEEE/CVF Conference on Computer Vision and Pattern Recognition},
  pages={16262--16272},
  year={2024}
}

@inproceedings{VRCopilot2024,
author = {Zhang, Lei and Pan, Jin and Gettig, Jacob and Oney, Steve and Guo, Anhong},
title = {VRCopilot: Authoring 3D Layouts with Generative AI Models in VR},
year = {2024},
booktitle = {Proceedings of the 37th Annual ACM Symposium on User Interface Software and Technology},
}

@inproceedings{NEURIPS2022_GET3D,
 author = {Gao, Jun and Shen, Tianchang and Wang, Zian and Chen, Wenzheng and Yin, Kangxue and Li, Daiqing and Litany, Or and Gojcic, Zan and Fidler, Sanja},
 booktitle = {Advances in Neural Information Processing Systems},
 pages = {31841--31854},
 title = {GET3D: A Generative Model of High Quality 3D Textured Shapes Learned from Images},
 year = {2022}
}

@InProceedings{Lin_2023_CVPR,
    author    = {Lin, Chen-Hsuan and Gao, Jun and Tang, Luming and Takikawa, Towaki and Zeng, Xiaohui and Huang, Xun and Kreis, Karsten and Fidler, Sanja and Liu, Ming-Yu and Lin, Tsung-Yi},
    title     = {Magic3D: High-Resolution Text-to-3D Content Creation},
    booktitle = {Proceedings of the IEEE/CVF Conference on Computer Vision and Pattern Recognition (CVPR)},
    year      = {2023},
    pages     = {300-309}
}

@INPROCEEDINGS{GraphDreamer,
  author={Gao, Gege and Liu, Weiyang and Chen, Anpei and Geiger, Andreas and Schölkopf, Bernhard},
  booktitle={IEEE/CVF Conference on Computer Vision and Pattern Recognition (CVPR)}, 
  title={GraphDreamer: Compositional 3D Scene Synthesis from Scene Graphs}, 
  year={2024},
  pages={21295-21304},
}


@InProceedings{Artistic2020,
author="Tseng, Hung-Yu
and Fisher, Matthew
and Lu, Jingwan
and Li, Yijun
and Kim, Vladimir
and Yang, Ming-Hsuan",
title="Modeling Artistic Workflows for Image Generation and Editing",
booktitle="European Conference on Computer Vision",
year="2020",
pages="158--174",
}

@inproceedings{Canvas2024,
author = {Shen, Yulin and Shen, Yifei and Cheng, Jiawen and Jiang, Chutian and Fan, Mingming and Wang, Zeyu},
title = {Neural Canvas: Supporting Scenic Design Prototyping by Integrating 3D Sketching and Generative AI},
year = {2024},
booktitle = {Proceedings of the CHI Conference on Human Factors in Computing Systems},
}

@inproceedings{jayasumana2024rethinking,
  title={Rethinking fid: Towards a better evaluation metric for image generation},
  author={Jayasumana, Sadeep and Ramalingam, Srikumar and Veit, Andreas and Glasner, Daniel and Chakrabarti, Ayan and Kumar, Sanjiv},
  booktitle={Proceedings of the IEEE/CVF Conference on Computer Vision and Pattern Recognition},
  pages={9307--9315},
  year={2024}
}

@article{savva2014scenegrok,
  title={SceneGrok: Inferring action maps in 3D environments},
  author={Savva, Manolis and Chang, Angel X and Hanrahan, Pat and Fisher, Matthew and Nie{\ss}ner, Matthias},
  journal={ACM transactions on graphics (TOG)},
  volume={33},
  number={6},
  pages={1--10},
  year={2014},
  publisher={ACM New York, NY, USA}
}

@inproceedings{ye2022scene,
  title={Scene synthesis from human motion},
  author={Ye, Sifan and Wang, Yixing and Li, Jiaman and Park, Dennis and Liu, C Karen and Xu, Huazhe and Wu, Jiajun},
  booktitle={SIGGRAPH Asia 2022 Conference Papers},
  pages={1--9},
  year={2022}
}

@inproceedings{nie2022pose2room,
  title={Pose2room: understanding 3d scenes from human activities},
  author={Nie, Yinyu and Dai, Angela and Han, Xiaoguang and Nie{\ss}ner, Matthias},
  booktitle={European Conference on Computer Vision},
  pages={425--443},
  year={2022},
  organization={Springer}
}