@article{xie2020unsupervised,
  title={Unsupervised data augmentation for consistency training},
  author={Xie, Qizhe and Dai, Zihang and Hovy, Eduard and Luong, Thang and Le, Quoc},
  journal={Advances in neural information processing systems},
  volume={33},
  pages={6256--6268},
  year={2020}
}
@article{yalniz2019billion,
  title={Billion-scale semi-supervised learning for image classification},
  author={Yalniz, I Zeki and J{\'e}gou, Herv{\'e} and Chen, Kan and Paluri, Manohar and Mahajan, Dhruv},
  journal={arXiv preprint arXiv:1905.00546},
  year={2019}
}
@article{tu2024gla,
  title={GLA-DA: Global-Local Alignment Domain Adaptation for Multivariate Time Series},
  author={Tu, Gang and Li, Dan and Lin, Bingxin and Zheng, Zibin and Ng, See-Kiong},
  journal={arXiv preprint arXiv:2410.06671},
  year={2024}
}
@inproceedings{yang2022st++,
  title={St++: Make self-training work better for semi-supervised semantic segmentation},
  author={Yang, Lihe and Zhuo, Wei and Qi, Lei and Shi, Yinghuan and Gao, Yang},
  booktitle={Proceedings of the IEEE/CVF conference on computer vision and pattern recognition},
  pages={4268--4277},
  year={2022}
}
@article{berthelot2019mixmatch,
  title={Mixmatch: A holistic approach to semi-supervised learning},
  author={Berthelot, David and Carlini, Nicholas and Goodfellow, Ian and Papernot, Nicolas and Oliver, Avital and Raffel, Colin A},
  journal={Advances in neural information processing systems},
  volume={32},
  year={2019}
}
@inproceedings{chen2021semi,
  title={Semi-supervised semantic segmentation with cross pseudo supervision},
  author={Chen, Xiaokang and Yuan, Yuhui and Zeng, Gang and Wang, Jingdong},
  booktitle={Proceedings of the IEEE/CVF conference on computer vision and pattern recognition},
  pages={2613--2622},
  year={2021}
}
@article{sohn2020simple,
  title={A simple semi-supervised learning framework for object detection},
  author={Sohn, Kihyuk and Zhang, Zizhao and Li, Chun-Liang and Zhang, Han and Lee, Chen-Yu and Pfister, Tomas},
  journal={arXiv preprint arXiv:2005.04757},
  year={2020}
}
@inproceedings{liu2023ambiguity,
  title={Ambiguity-resistant semi-supervised learning for dense object detection},
  author={Liu, Chang and Zhang, Weiming and Lin, Xiangru and Zhang, Wei and Tan, Xiao and Han, Junyu and Li, Xiaomao and Ding, Errui and Wang, Jingdong},
  booktitle={Proceedings of the IEEE/CVF conference on computer vision and pattern recognition},
  pages={15579--15588},
  year={2023}
}
@inproceedings{yang2021interactive,
  title={Interactive self-training with mean teachers for semi-supervised object detection},
  author={Yang, Qize and Wei, Xihan and Wang, Biao and Hua, Xian-Sheng and Zhang, Lei},
  booktitle={Proceedings of the IEEE/CVF conference on computer vision and pattern recognition},
  pages={5941--5950},
  year={2021}
}
@inproceedings{wang2022consistent,
  title={Consistent-teacher: Towards reducing inconsistent pseudo-targets in semi-supervised object detection. In 2023 IEEE},
  author={Wang, X and Yang, X and Zhang, S and Li, Y and Feng, L and Fang, S and Lyu, C and Chen, K and Zhang, W},
  booktitle={CVF Conference on Computer Vision and Pattern Recognition (CVPR)},
  pages={3240--3249},
  year={2022}
}
@inproceedings{mouchere2014icfhr,
  title={ICFHR 2014 competition on recognition of on-line handwritten mathematical expressions (CROHME 2014)},
  author={Mouchere, Harold and Viard-Gaudin, Christian and Zanibbi, Richard and Garain, Utpal},
  booktitle={2014 14th International Conference on Frontiers in Handwriting Recognition},
  pages={791--796},
  year={2014},
  organization={IEEE}
}
@inproceedings{yuan2022syntax,
  title={Syntax-aware network for handwritten mathematical expression recognition},
  author={Yuan, Ye and Liu, Xiao and Dikubab, Wondimu and Liu, Hui and Ji, Zhilong and Wu, Zhongqin and Bai, Xiang},
  booktitle={Proceedings of the IEEE/CVF conference on computer vision and pattern recognition},
  pages={4553--4562},
  year={2022}
}
@inproceedings{li2022counting,
  title={When counting meets HMER: counting-aware network for handwritten mathematical expression recognition},
  author={Li, Bohan and Yuan, Ye and Liang, Dingkang and Liu, Xiao and Ji, Zhilong and Bai, Jinfeng and Liu, Wenyu and Bai, Xiang},
  booktitle={European conference on computer vision},
  pages={197--214},
  year={2022},
  organization={Springer}
}
@inproceedings{huang2017densely,
  title={Densely connected convolutional networks},
  author={Huang, Gao and Liu, Zhuang and Van Der Maaten, Laurens and Weinberger, Kilian Q},
  booktitle={Proceedings of the IEEE conference on computer vision and pattern recognition},
  pages={4700--4708},
  year={2017}
}
@article{zeiler2012adadelta,
  title={ADADELTA: an adaptive learning rate method},
  author={Zeiler, Matthew D},
  journal={arXiv preprint arXiv:1212.5701},
  year={2012}
}
@article{ren2015faster,
  title={Faster r-cnn: Towards real-time object detection with region proposal networks},
  author={Ren, Shaoqing},
  journal={arXiv preprint arXiv:1506.01497},
  year={2015}
}
@inproceedings{chan1998elastic,
  title={Elastic structural matching for online handwritten alphanumeric character recognition},
  author={Chan, Kam-Fai and Yeung, Dit-Yan},
  booktitle={Proceedings. Fourteenth International Conference on Pattern Recognition (Cat. No. 98EX170)},
  volume={2},
  pages={1508--1511},
  year={1998},
  organization={IEEE}
}
@inproceedings{hu2011hmm,
  title={HMM-based recognition of online handwritten mathematical symbols using segmental k-means initialization and a modified pen-up/down feature},
  author={Hu, Lei and Zanibbi, Richard},
  booktitle={2011 International conference on Document analysis and Recognition},
  pages={457--462},
  year={2011},
  organization={IEEE}
}
@inproceedings{keshari2007hybrid,
  title={Hybrid mathematical symbol recognition using support vector machines},
  author={Keshari, Birendra and Watt, S},
  booktitle={Ninth International Conference on Document Analysis and Recognition (ICDAR 2007)},
  volume={2},
  pages={859--863},
  year={2007},
  organization={IEEE}
}
@inproceedings{kosmala1999line,
  title={On-line handwritten formula recognition using hidden Markov models and context dependent graph grammars},
  author={Kosmala, Andreas and Rigoll, Gerhard and Lavirotte, St{\'e}phane and Pottier, Loic},
  booktitle={Proceedings of the Fifth International Conference on Document Analysis and Recognition. ICDAR'99 (Cat. No. PR00318)},
  pages={107--110},
  year={1999},
  organization={IEEE}
}
@article{vuong2010towards,
  title={Towards a web-based progressive handwriting recognition environment for mathematical problem solving},
  author={Vuong, Ba-Quy and He, Yulan and Hui, Siu Cheung},
  journal={Expert Systems with Applications},
  volume={37},
  number={1},
  pages={886--893},
  year={2010},
  publisher={Elsevier}
}
@inproceedings{winkler1996hmm,
  title={HMM-based handwritten symbol recognition using on-line and off-line features},
  author={Winkler, H-J},
  booktitle={1996 IEEE International Conference on Acoustics, Speech, and Signal Processing Conference Proceedings},
  volume={6},
  pages={3438--3441},
  year={1996},
  organization={IEEE}
}
@article{li2024tree,
  title={A tree-based model with branch parallel decoding for handwritten mathematical expression recognition},
  author={Li, Zhe and Yang, Wentao and Qi, Hengnian and Jin, Lianwen and Huang, Yichao and Ding, Kai},
  journal={Pattern Recognition},
  volume={149},
  pages={110220},
  year={2024},
  publisher={Elsevier}
}
@inproceedings{wu2022tdv2,
  title={Tdv2: A novel tree-structured decoder for offline mathematical expression recognition},
  author={Wu, Changjie and Du, Jun and Li, Yunqing and Zhang, Jianshu and Yang, Chen and Ren, Bo and Hu, Yiqing},
  booktitle={Proceedings of the AAAI Conference on Artificial Intelligence},
  volume={36},
  pages={2694--2702},
  year={2022}
}
@inproceedings{wu2021graph,
  title={Graph-to-graph: towards accurate and interpretable online handwritten mathematical expression recognition},
  author={Wu, Jin-Wen and Yin, Fei and Zhang, Yan-Ming and Zhang, Xu-Yao and Liu, Cheng-Lin},
  booktitle={Proceedings of the AAAI Conference on Artificial Intelligence},
  volume={35},
  pages={2925--2933},
  year={2021}
}
@article{zhang2020srd,
  title={SRD: a tree structure based decoder for online handwritten mathematical expression recognition},
  author={Zhang, Jianshu and Du, Jun and Yang, Yongxin and Song, Yi-Zhe and Dai, Lirong},
  journal={IEEE Transactions on Multimedia},
  volume={23},
  pages={2471--2480},
  year={2020},
  publisher={IEEE}
}
@inproceedings{zhang2020tree,
  title={A tree-structured decoder for image-to-markup generation},
  author={Zhang, Jianshu and Du, Jun and Yang, Yongxin and Song, Yi-Zhe and Wei, Si and Dai, Lirong},
  booktitle={International Conference on Machine Learning},
  pages={11076--11085},
  year={2020},
  organization={PMLR}
}
@inproceedings{zhang2017tree,
  title={Tree-based BLSTM for mathematical expression recognition},
  author={Zhang, Ting and Mouchere, Harold and Viard-Gaudin, Christian},
  booktitle={2017 14th IAPR International Conference on Document Analysis and Recognition (ICDAR)},
  volume={1},
  pages={914--919},
  year={2017},
  organization={IEEE}
}
@inproceedings{zhong2022tree,
  title={A tree-based structure-aware transformer decoder for image-to-markup generation},
  author={Zhong, Shuhan and Song, Sizhe and Li, Guanyao and Chan, S-H Gary},
  booktitle={Proceedings of the 30th ACM International Conference on Multimedia},
  pages={5751--5760},
  year={2022}
}
@article{zhu2024tamer,
  title={TAMER: Tree-Aware Transformer for Handwritten Mathematical Expression Recognition},
  author={Zhu, Jianhua and Zhao, Wenqi and Li, Yu and Hu, Xingjian and Gao, Liangcai},
  journal={arXiv preprint arXiv:2408.08578},
  year={2024}
}
@inproceedings{guan2025posformer,
  title={PosFormer: recognizing complex handwritten mathematical expression with position forest transformer},
  author={Guan, Tongkun and Lin, Chengyu and Shen, Wei and Yang, Xiaokang},
  booktitle={European Conference on Computer Vision},
  pages={130--147},
  year={2025},
  organization={Springer}
}
@inproceedings{deng2017image,
  title={Image-to-markup generation with coarse-to-fine attention},
  author={Deng, Yuntian and Kanervisto, Anssi and Ling, Jeffrey and Rush, Alexander M},
  booktitle={International Conference on Machine Learning},
  pages={980--989},
  year={2017},
  organization={PMLR}
}
@inproceedings{guan2023self,
  title={Self-supervised implicit glyph attention for text recognition},
  author={Guan, Tongkun and Gu, Chaochen and Tu, Jingzheng and Yang, Xue and Feng, Qi and Zhao, Yudi and Shen, Wei},
  booktitle={Proceedings of the IEEE/CVF Conference on Computer Vision and Pattern Recognition},
  pages={15285--15294},
  year={2023}
}
@inproceedings{le2020recognizing,
  title={Recognizing handwritten mathematical expressions via paired dual loss attention network and printed mathematical expressions},
  author={Le, Anh Duc},
  booktitle={Proceedings of the IEEE/CVF conference on computer vision and pattern recognition workshops},
  pages={566--567},
  year={2020}
}
@inproceedings{wang2019multi,
  title={Multi-modal attention network for handwritten mathematical expression recognition},
  author={Wang, Jiaming and Du, Jun and Zhang, Jianshu and Wang, Zi-Rui},
  booktitle={2019 International Conference on Document Analysis and Recognition (ICDAR)},
  pages={1181--1186},
  year={2019},
  organization={IEEE}
}
@inproceedings{yang2023read,
  title={Read Ten Lines at One Glance: Line-Aware Semi-Autoregressive Transformer for Multi-Line Handwritten Mathematical Expression Recognition},
  author={Yang, Wentao and Li, Zhe and Peng, Dezhi and Jin, Lianwen and He, Mengchao and Yao, Cong},
  booktitle={Proceedings of the 31st ACM International Conference on Multimedia},
  pages={2066--2077},
  year={2023}
}
@inproceedings{zhang2018multi,
  title={Multi-scale attention with dense encoder for handwritten mathematical expression recognition},
  author={Zhang, Jianshu and Du, Jun and Dai, Lirong},
  booktitle={2018 24th international conference on pattern recognition (ICPR)},
  pages={2245--2250},
  year={2018},
  organization={IEEE}
}
@article{zhang2017watch,
  title={Watch, attend and parse: An end-to-end neural network based approach to handwritten mathematical expression recognition},
  author={Zhang, Jianshu and Du, Jun and Zhang, Shiliang and Liu, Dan and Hu, Yulong and Hu, Jinshui and Wei, Si and Dai, Lirong},
  journal={Pattern Recognition},
  volume={71},
  pages={196--206},
  year={2017},
  publisher={Elsevier}
}
@inproceedings{liu2023semantic,
  title={Semantic graph representation learning for handwritten mathematical expression recognition},
  author={Liu, Zhuang and Yuan, Ye and Ji, Zhilong and Bai, Jinfeng and Bai, Xiang},
  booktitle={International conference on document analysis and recognition},
  pages={152--166},
  year={2023},
  organization={Springer}
}
@article{awal2014global,
  title={A global learning approach for an online handwritten mathematical expression recognition system},
  author={Awal, Ahmad-Montaser and Mouchere, Harold and Viard-Gaudin, Christian},
  journal={Pattern Recognition Letters},
  volume={35},
  pages={68--77},
  year={2014},
  publisher={Elsevier}
}
@inproceedings{zhang2017gru,
  title={A gru-based encoder-decoder approach with attention for online handwritten mathematical expression recognition},
  author={Zhang, Jianshu and Du, Jun and Dai, Lirong},
  booktitle={2017 14th IAPR international conference on document analysis and recognition (ICDAR)},
  volume={1},
  pages={902--907},
  year={2017},
  organization={IEEE}
}
@article{zhang2018track,
  title={Track, attend, and parse (tap): An end-to-end framework for online handwritten mathematical expression recognition},
  author={Zhang, Jianshu and Du, Jun and Dai, Lirong},
  journal={IEEE Transactions on Multimedia},
  volume={21},
  number={1},
  pages={221--233},
  year={2018},
  publisher={IEEE}
}
@inproceedings{li2020improving,
  title={Improving attention-based handwritten mathematical expression recognition with scale augmentation and drop attention},
  author={Li, Zhe and Jin, Lianwen and Lai, Songxuan and Zhu, Yecheng},
  booktitle={2020 17th International Conference on Frontiers in Handwriting Recognition (ICFHR)},
  pages={175--180},
  year={2020},
  organization={IEEE}
}
@inproceedings{wu2019image,
  title={Image-to-markup generation via paired adversarial learning},
  author={Wu, Jin-Wen and Yin, Fei and Zhang, Yan-Ming and Zhang, Xu-Yao and Liu, Cheng-Lin},
  booktitle={Machine learning and knowledge discovery in databases: European conference, ECML PKDD 2018, Dublin, Ireland, September 10--14, 2018, Proceedings, Part I 18},
  pages={18--34},
  year={2019},
  organization={Springer}
}
@article{wu2020handwritten,
  title={Handwritten mathematical expression recognition via paired adversarial learning},
  author={Wu, Jin-Wen and Yin, Fei and Zhang, Yan-Ming and Zhang, Xu-Yao and Liu, Cheng-Lin},
  journal={International Journal of Computer Vision},
  volume={128},
  pages={2386--2401},
  year={2020},
  publisher={Springer}
}
@inproceedings{guo2022primitive,
  title={Primitive Contrastive Learning for Handwritten Mathematical Expression Recognition},
  author={Guo, Hong-Yu and Wang, Chuang and Yin, Fei and Liu, Heng-Ye and Wu, Jin-Wen and Liu, Cheng-Lin},
  booktitle={2022 26th International Conference on Pattern Recognition (ICPR)},
  pages={847--854},
  year={2022},
  organization={IEEE}
}
@inproceedings{lin2022cclsl,
  title={CCLSL: Combination of Contrastive Learning and Supervised Learning for Handwritten Mathematical Expression Recognition},
  author={Lin, Qiqiang and Huang, Xiaonan and Bi, Ning and Suen, Ching Y and Tan, Jun},
  booktitle={Proceedings of the Asian Conference on Computer Vision},
  pages={3724--3739},
  year={2022}
}
@inproceedings{truong2020improvement,
  title={Improvement of end-to-end offline handwritten mathematical expression recognition by weakly supervised learning},
  author={Truong, Thanh-Nghia and Nguyen, Cuong Tuan and Phan, Khanh Minh and Nakagawa, Masaki},
  booktitle={2020 17th International Conference on Frontiers in Handwriting Recognition (ICFHR)},
  pages={181--186},
  year={2020},
  organization={IEEE}
}
@inproceedings{bian2022handwritten,
  title={Handwritten mathematical expression recognition via attention aggregation based bi-directional mutual learning},
  author={Bian, Xiaohang and Qin, Bo and Xin, Xiaozhe and Li, Jianwu and Su, Xuefeng and Wang, Yanfeng},
  booktitle={Proceedings of the AAAI conference on artificial intelligence},
  volume={36},
  pages={113--121},
  year={2022}
}
@article{sohn2020fixmatch,
  title={Fixmatch: Simplifying semi-supervised learning with consistency and confidence},
  author={Sohn, Kihyuk and Berthelot, David and Carlini, Nicholas and Zhang, Zizhao and Zhang, Han and Raffel, Colin A and Cubuk, Ekin Dogus and Kurakin, Alexey and Li, Chun-Liang},
  journal={Advances in neural information processing systems},
  volume={33},
  pages={596--608},
  year={2020}
}
@article{pelaez2023survey,
  title={A survey on semi-supervised semantic segmentation},
  author={Pel{\'a}ez-Vegas, Adrian and Mesejo, Pablo and Luengo, Juli{\'a}n},
  journal={arXiv preprint arXiv:2302.09899},
  year={2023}
}
@inproceedings{xie2023icdar,
  title={ICDAR 2023 CROHME: Competition on Recognition of Handwritten Mathematical Expressions},
  author={Xie, Yejing and Mouch{\`e}re, Harold and Simistira Liwicki, Foteini and Rakesh, Sumit and Saini, Rajkumar and Nakagawa, Masaki and Nguyen, Cuong Tuan and Truong, Thanh-Nghia},
  booktitle={International Conference on Document Analysis and Recognition},
  pages={553--565},
  year={2023},
  organization={Springer}
}