@article{Xiao2019quantify, 
title={Quantifying Uncertainties in Natural Language Processing Tasks}, 
volume={33}, 
url={https://ojs.aaai.org/index.php/AAAI/article/view/4719}, 
DOI={10.1609/aaai.v33i01.33017322},  
number={01}, 
journal={Proceedings of the AAAI Conference on Artificial Intelligence}, 
author={Xiao, Yijun and Wang, William Yang}, 
year={2019}, 
pages={7322-7329} }

@ARTICLE{cao2010facetatlas,
  author={Cao, Nan and Sun, Jimeng and Lin, Yu-Ru and Gotz, David and Liu, Shixia and Qu, Huamin},
  journal={IEEE Transactions on Visualization and Computer Graphics}, 
  title={Facet{A}tlas: Multifaceted Visualization for Rich Text Corpora}, 
  year={2010},
  volume={16},
  number={6},
  pages={1172-1181},
  keywords={Visualization;Diseases;Data visualization;Data models;Context;Diabetes;Switches;Multifaceted visualization;Text visualization;Multi-relational Graph;Search UI},
  doi={10.1109/TVCG.2010.154}}

@article{chang2024surveyllm,
author = {Chang, Yupeng and Wang, Xu and Wang, Jindong and Wu, Yuan and Yang, Linyi and Zhu, Kaijie and Chen, Hao and Yi, Xiaoyuan and Wang, Cunxiang and Wang, Yidong and Ye, Wei and Zhang, Yue and Chang, Yi and Yu, Philip S. and Yang, Qiang and Xie, Xing},
title = {A Survey on Evaluation of Large Language Models},
year = {2024},
issue_date = {June 2024},
volume = {15},
number = {3},
issn = {2157-6904},
url = {https://doi.org/10.1145/3641289},
doi = {10.1145/3641289},
journal = {ACM Trans. Intell. Syst. Technol.},
articleno = {39},
numpages = {45},
}

@inproceedings{chen2024quantifyinguncertaitny,
    title = "Quantifying Uncertainty in Answers from any Language Model and Enhancing their Trustworthiness",
    author = "Chen, Jiuhai  and
      Mueller, Jonas",
    editor = "Ku, Lun-Wei  and
      Martins, Andre  and
      Srikumar, Vivek",
    booktitle = "Proceedings of the 62nd Annual Meeting of the Association for Computational Linguistics (Volume 1: Long Papers)",
    year = "2024",
    url = "https://aclanthology.org/2024.acl-long.283",
    doi = "10.18653/v1/2024.acl-long.283",
    pages = "5186--5200",
}

@article{dagdelen2024structured,
  title={Structured information extraction from scientific text with Large language models},
  author={Dagdelen, John and Dunn, Alexander and Lee, Sanghoon and Walker, Nicholas and Rosen, Andrew S and Ceder, Gerbrand and Persson, Kristin A and Jain, Anubhav},
  journal={Nature Communications},
  volume={15},
  number={1},
  pages={1418},
  year={2024},
doi={https://doi.org/10.1038/s41467-024-45563-x}
}

@inproceedings{finkel2005ner,
author = {Finkel, Jenny Rose and Grenager, Trond and Manning, Christopher},
title = {Incorporating non-local information into information extraction systems by {G}ibbs sampling},
year = {2005},
url = {https://doi.org/10.3115/1219840.1219885},
doi = {10.3115/1219840.1219885},
booktitle = {Proceedings of the 43rd Annual Meeting on Association for Computational Linguistics (ACL '05)},
pages = {363–370},
numpages = {8},
}

@misc{gao2022hyde,
      title={Precise Zero-Shot Dense Retrieval without Relevance Labels}, 
      author={Luyu Gao and Xueguang Ma and Jimmy Lin and Jamie Callan},
      year={2022},
      eprint={2212.10496},
      archivePrefix={arXiv},
      primaryClass={cs.IR},
      url={https://arxiv.org/abs/2212.10496}, 
doi={https://doi.org/10.48550/arXiv.2212.10496}
}

@inproceedings{kim2024evallm,
author = {Kim, Tae Soo and Lee, Yoonjoo and Shin, Jamin and Kim, Young-Ho and Kim, Juho},
title = {Eval{LM}: Interactive Evaluation of Large Language Model Prompts on User-Defined Criteria},
year = {2024},
isbn = {9798400703300},
url = {https://doi.org/10.1145/3613904.3642216},
doi = {10.1145/3613904.3642216},
booktitle = {Proceedings of the 2024 CHI Conference on Human Factors in Computing Systems (CHI '24)},
articleno = {306},
numpages = {21},
keywords = {Evaluation, Human-AI Interaction, Large Language Models, Natural Language Generation},
}

@misc{kuhn2023semanticuncertainty,
      title={Semantic Uncertainty: Linguistic Invariances for Uncertainty Estimation in Natural Language Generation}, 
      author={Lorenz Kuhn and Yarin Gal and Sebastian Farquhar},
      year={2023},
      eprint={2302.09664},
      archivePrefix={arXiv},
      primaryClass={cs.CL},
      url={https://arxiv.org/abs/2302.09664}, 
doi={https://doi.org/10.48550/arXiv.2302.09664}
}

@cc{lewis2021rag,
      title={Retrieval-Augmented Generation for Knowledge-Intensive {NLP} Tasks}, 
      author={Patrick Lewis and Ethan Perez and Aleksandra Piktus and Fabio Petroni and Vladimir Karpukhin and Naman Goyal and Heinrich Küttler and Mike Lewis and Wen-tau Yih and Tim Rocktäschel and Sebastian Riedel and Douwe Kiela},
      year={2021},
      eprint={2005.11401},
      archivePrefix={arXiv},
      primaryClass={cs.CL},
      url={https://arxiv.org/abs/2005.11401}, 
doi={https://doi.org/10.48550/arXiv.2005.11401},
}

@ARTICLE{liu2019bridging,
  author={Liu, Shixia and Wang, Xiting and Collins, Christopher and Dou, Wenwen and Ouyang, Fangxin and El-Assady, Mennatallah and Jiang, Liu and Keim, Daniel A.},
  journal={IEEE Transactions on Visualization and Computer Graphics}, 
  title={Bridging Text Visualization and Mining: A Task-Driven Survey}, 
  year={2019},
  volume={25},
  number={7},
  pages={2482-2504},
  keywords={Visualization;Data visualization;Task analysis;Text mining;Taxonomy;Market research;Visualization;visual text analytics;text mining},
  doi={10.1109/TVCG.2018.2834341}}

@article{liu2023promptsurvey,
author = {Liu, Pengfei and Yuan, Weizhe and Fu, Jinlan and Jiang, Zhengbao and Hayashi, Hiroaki and Neubig, Graham},
title = {Pre-train, {P}rompt, and {P}redict: A Systematic Survey of Prompting Methods in Natural Language Processing},
year = {2023},
issue_date = {September 2023},
volume = {55},
number = {9},
issn = {0360-0300},
url = {https://doi.org/10.1145/3560815},
doi = {10.1145/3560815},
journal = {ACM Comput. Surv.},
articleno = {195},
numpages = {35},
keywords = {Pre-trained language models, prompting}
}

@article{liu2025chemitryprompt,
title = {Integrating chemistry knowledge in large language models via prompt engineering},
journal = {Synthetic and Systems Biotechnology},
volume = {10},
number = {1},
pages = {23-38},
year = {2025},
issn = {2405-805X},
doi = {https://doi.org/10.1016/j.synbio.2024.07.004},
url = {https://www.sciencedirect.com/science/article/pii/S2405805X24001029},
author = {Hongxuan Liu and Haoyu Yin and Zhiyao Luo and Xiaonan Wang},
}

@inproceedings{mendes2011dbpediaspotlight,
author = {Mendes, Pablo N. and Jakob, Max and Garc\'{\i}a-Silva, Andr\'{e}s and Bizer, Christian},
title = {D{B}pedia spotlight: shedding light on the web of documents},
year = {2011},
isbn = {9781450306218},
url = {https://doi.org/10.1145/2063518.2063519},
doi = {10.1145/2063518.2063519},
booktitle = {Proceedings of the 7th International Conference on Semantic Systems (I-Semantics '11)},
pages = {1–8},
numpages = {8},
keywords = {DBpedia, linked data, named entity disambiguation, text annotation},
}

@ARTICLE{park2018conceptvector,
  author={Park, Deokgun and Kim, Seungyeon and Lee, Jurim and Choo, Jaegul and Diakopoulos, Nicholas and Elmqvist, Niklas},
  journal={IEEE Transactions on Visualization and Computer Graphics}, 
  title={Concept{V}ector: Text Visual Analytics via Interactive Lexicon Building Using Word Embedding}, 
  year={2018},
  volume={24},
  number={1},
  pages={361-370},
  keywords={Text analysis;Visual analytics;Semantics;Buildings;Computational modeling;Data visualization;Sentiment analysis;Text analytics;visual analytics;word embedding;text summarization;text classification;concepts},
  doi={10.1109/TVCG.2017.2744478}}

@misc{promptengineeringuide,
  title = {Prompt {E}ngineering guide},
  howpublished = {\url{https://www.promptingguide.ai/}},
  note = {Accessed: 2024-02-12}
}

@misc{wei2023chainofthought,
      title={Chain-of-{T}hought Prompting Elicits Reasoning in Large Language Models}, 
      author={Jason Wei and Xuezhi Wang and Dale Schuurmans and Maarten Bosma and Brian Ichter and Fei Xia and Ed Chi and Quoc Le and Denny Zhou},
      year={2023},
      eprint={2201.11903},
      archivePrefix={arXiv},
      primaryClass={cs.CL},
      url={https://arxiv.org/abs/2201.11903}, 
doi={https://doi.org/10.48550/arXiv.2201.11903},
}

@inproceedings{weidinger2022llmrisk,
author = {Weidinger, Laura and Uesato, Jonathan and Rauh, Maribeth and Griffin, Conor and Huang, Po-Sen and Mellor, John and Glaese, Amelia and Cheng, Myra and Balle, Borja and Kasirzadeh, Atoosa and Biles, Courtney and Brown, Sasha and Kenton, Zac and Hawkins, Will and Stepleton, Tom and Birhane, Abeba and Hendricks, Lisa Anne and Rimell, Laura and Isaac, William and Haas, Julia and Legassick, Sean and Irving, Geoffrey and Gabriel, Iason},
title = {Taxonomy of Risks posed by Language Models},
year = {2022},
isbn = {9781450393522},
url = {https://doi.org/10.1145/3531146.3533088},
doi = {10.1145/3531146.3533088},
booktitle = {Proceedings of the 2022 ACM Conference on Fairness, Accountability, and Transparency (FAccT '22)},
pages = {214–229},
numpages = {16},
keywords = {language models, responsible AI, responsible innovation, risk assessment, technology risks},
}

@article{wong2018vosviewer,
author = {Danitta Wong},
title = {{VOS}viewer},
journal = {Technical Services Quarterly},
volume = {35},
number = {2},
pages = {219--220},
year = {2018},
publisher = {Routledge},
doi = {10.1080/07317131.2018.1425352},
URL = {https://doi.org/10.1080/07317131.2018.1425352},
eprint = {https://doi.org/10.1080/07317131.2018.1425352}
}

@misc{xu2024llmforie,
      title={Large Language Models for Generative Information Extraction: A Survey}, 
      author={Derong Xu and Wei Chen and Wenjun Peng and Chao Zhang and Tong Xu and Xiangyu Zhao and Xian Wu and Yefeng Zheng and Yang Wang and Enhong Chen},
      year={2024},
      eprint={2312.17617},
      archivePrefix={arXiv},
      primaryClass={cs.CL},
      url={https://arxiv.org/abs/2312.17617}, 
doi={https://doi.org/10.48550/arXiv.2312.17617}
}

@misc{yao2023treeofthought,
      title={Tree of Thoughts: Deliberate Problem Solving with Large Language Models}, 
      author={Shunyu Yao and Dian Yu and Jeffrey Zhao and Izhak Shafran and Thomas L. Griffiths and Yuan Cao and Karthik Narasimhan},
      year={2023},
      eprint={2305.10601},
      archivePrefix={arXiv},
      primaryClass={cs.CL},
      url={https://arxiv.org/abs/2305.10601}, 
doi={https://doi.org/10.48550/arXiv.2305.10601}
}

@inproceedings{zamfirescu2023johnny,
author = {Zamfirescu-Pereira, J.D. and Wong, Richmond Y. and Hartmann, Bjoern and Yang, Qian},
title = {Why {J}ohnny Can’t Prompt: How Non-{AI} Experts Try (and Fail) to Design {LLM} Prompts},
year = {2023},
isbn = {9781450394215},
url = {https://doi.org/10.1145/3544548.3581388},
doi = {10.1145/3544548.3581388},
booktitle = {Proceedings of the 2023 CHI Conference on Human Factors in Computing Systems (CHI '23)},
articleno = {437},
numpages = {21},
keywords = {design tools, end-users, language models},
}

@inproceedings{zhang2021conceptscope,
author = {Zhang, Xiaoyu and Chandrasegaran, Senthil and Ma, Kwan-Liu},
title = {Concept{S}cope: Organizing and Visualizing Knowledge in Documents based on Domain Ontology},
year = {2021},
isbn = {9781450380966},
url = {https://doi.org/10.1145/3411764.3445396},
doi = {10.1145/3411764.3445396},
booktitle = {Proceedings of the 2021 CHI Conference on Human Factors in Computing Systems (CHI '21)},
articleno = {19},
numpages = {13},
keywords = {Knowledge Representation, Ontology, Visualization},
}

@inproceedings{zhang2023concepteva,
author = {Zhang, Xiaoyu and Li, Jianping and Chi, Po-Wei and Chandrasegaran, Senthil and Ma, Kwan-Liu},
title = {Concept{EVA}: Concept-Based Interactive Exploration and Customization of Document Summaries},
year = {2023},
isbn = {9781450394215},
url = {https://doi.org/10.1145/3544548.3581260},
doi = {10.1145/3544548.3581260},
booktitle = {Proceedings of the 2023 CHI Conference on Human Factors in Computing Systems (CHI '23)},
articleno = {204},
numpages = {16},
keywords = {Document Summarization, Interactive Visual Analytics, Knowledge Graph, Mixed-Initiative Interfaces},
}

