@article{atkins2011dpsir,
title = {Management of the marine environment: Integrating ecosystem services and societal benefits with the {DPSIR} framework in a systems approach},
journal = {Marine Pollution Bulletin},
volume = {62},
number = {2},
pages = {215-226},
year = {2011},
issn = {0025-326X},
doi = {https://doi.org/10.1016/j.marpolbul.2010.12.012},
url = {https://www.sciencedirect.com/science/article/pii/S0025326X10005357},
author = {Jonathan P. Atkins and Daryl Burdon and Mike Elliott and Amanda J. Gregory},
keywords = {The Ecosystem Approach, DPSIR framework, Ecosystem services and societal benefits, Marine environment},
}

@inproceedings{wan2024textminingllm,
author = {Wan, Mengting and Safavi, Tara and Jauhar, Sujay Kumar and Kim, Yujin and Counts, Scott and Neville, Jennifer and Suri, Siddharth and Shah, Chirag and White, Ryen W. and Yang, Longqi and Andersen, Reid and Buscher, Georg and Joshi, Dhruv and Rangan, Nagu},
title = {{T}n{T}-{LLM}: Text Mining at Scale with Large Language Models},
year = {2024},
isbn = {9798400704901},
url = {https://doi.org/10.1145/3637528.3671647},
doi = {10.1145/3637528.3671647},
booktitle = {Proceedings of the 30th ACM SIGKDD Conference on Knowledge Discovery and Data Mining (KDD '24)},
pages = {5836–5847},
numpages = {12},
keywords = {large language models, text classification, text clustering},
}
@misc{macneil2023promptmiddleware,
      title={Prompt {M}iddleware: Mapping Prompts for Large Language Models to {UI} Affordances}, 
      author={Stephen MacNeil and Andrew Tran and Joanne Kim and Ziheng Huang and Seth Bernstein and Dan Mogil},
      year={2023},
      eprint={2307.01142},
      archivePrefix={arXiv},
      primaryClass={cs.HC},
      url={https://arxiv.org/abs/2307.01142}, 
doi={https://doi.org/10.48550/arXiv.2307.01142}
}

@ARTICLE{liu2019bridging,
  author={Liu, Shixia and Wang, Xiting and Collins, Christopher and Dou, Wenwen and Ouyang, Fangxin and El-Assady, Mennatallah and Jiang, Liu and Keim, Daniel A.},
  journal={IEEE Transactions on Visualization and Computer Graphics}, 
  title={Bridging Text Visualization and Mining: A Task-Driven Survey}, 
  year={2019},
  volume={25},
  number={7},
  pages={2482-2504},
  keywords={Visualization;Data visualization;Task analysis;Text mining;Taxonomy;Market research;Visualization;visual text analytics;text mining},
  doi={10.1109/TVCG.2018.2834341}}

@article{wong2018vosviewer,
author = {Danitta Wong},
title = {{VOS}viewer},
journal = {Technical Services Quarterly},
volume = {35},
number = {2},
pages = {219--220},
year = {2018},
publisher = {Routledge},
doi = {10.1080/07317131.2018.1425352},
URL = {https://doi.org/10.1080/07317131.2018.1425352},
eprint = {https://doi.org/10.1080/07317131.2018.1425352}
}

@ARTICLE{cao2010facetatlas,
  author={Cao, Nan and Sun, Jimeng and Lin, Yu-Ru and Gotz, David and Liu, Shixia and Qu, Huamin},
  journal={IEEE Transactions on Visualization and Computer Graphics}, 
  title={Facet{A}tlas: Multifaceted Visualization for Rich Text Corpora}, 
  year={2010},
  volume={16},
  number={6},
  pages={1172-1181},
  keywords={Visualization;Diseases;Data visualization;Data models;Context;Diabetes;Switches;Multifaceted visualization;Text visualization;Multi-relational Graph;Search UI},
  doi={10.1109/TVCG.2010.154}}

@inproceedings{zhang2023concepteva,
author = {Zhang, Xiaoyu and Li, Jianping and Chi, Po-Wei and Chandrasegaran, Senthil and Ma, Kwan-Liu},
title = {Concept{EVA}: Concept-Based Interactive Exploration and Customization of Document Summaries},
year = {2023},
isbn = {9781450394215},
url = {https://doi.org/10.1145/3544548.3581260},
doi = {10.1145/3544548.3581260},
booktitle = {Proceedings of the 2023 CHI Conference on Human Factors in Computing Systems (CHI '23)},
articleno = {204},
numpages = {16},
keywords = {Document Summarization, Interactive Visual Analytics, Knowledge Graph, Mixed-Initiative Interfaces},
}

@inproceedings{finkel2005ner,
author = {Finkel, Jenny Rose and Grenager, Trond and Manning, Christopher},
title = {Incorporating non-local information into information extraction systems by {G}ibbs sampling},
year = {2005},
url = {https://doi.org/10.3115/1219840.1219885},
doi = {10.3115/1219840.1219885},
booktitle = {Proceedings of the 43rd Annual Meeting on Association for Computational Linguistics (ACL '05)},
pages = {363–370},
numpages = {8},
}

@inproceedings{mendes2011dbpediaspotlight,
author = {Mendes, Pablo N. and Jakob, Max and Garc\'{\i}a-Silva, Andr\'{e}s and Bizer, Christian},
title = {D{B}pedia spotlight: shedding light on the web of documents},
year = {2011},
isbn = {9781450306218},
url = {https://doi.org/10.1145/2063518.2063519},
doi = {10.1145/2063518.2063519},
booktitle = {Proceedings of the 7th International Conference on Semantic Systems (I-Semantics '11)},
pages = {1–8},
numpages = {8},
keywords = {DBpedia, linked data, named entity disambiguation, text annotation},
}

@ARTICLE{park2018conceptvector,
  author={Park, Deokgun and Kim, Seungyeon and Lee, Jurim and Choo, Jaegul and Diakopoulos, Nicholas and Elmqvist, Niklas},
  journal={IEEE Transactions on Visualization and Computer Graphics}, 
  title={Concept{V}ector: Text Visual Analytics via Interactive Lexicon Building Using Word Embedding}, 
  year={2018},
  volume={24},
  number={1},
  pages={361-370},
  keywords={Text analysis;Visual analytics;Semantics;Buildings;Computational modeling;Data visualization;Sentiment analysis;Text analytics;visual analytics;word embedding;text summarization;text classification;concepts},
  doi={10.1109/TVCG.2017.2744478}}

@inproceedings{zhang2021conceptscope,
author = {Zhang, Xiaoyu and Chandrasegaran, Senthil and Ma, Kwan-Liu},
title = {Concept{S}cope: Organizing and Visualizing Knowledge in Documents based on Domain Ontology},
year = {2021},
isbn = {9781450380966},
url = {https://doi.org/10.1145/3411764.3445396},
doi = {10.1145/3411764.3445396},
booktitle = {Proceedings of the 2021 CHI Conference on Human Factors in Computing Systems (CHI '21)},
articleno = {19},
numpages = {13},
keywords = {Knowledge Representation, Ontology, Visualization},
}

@article{dagdelen2024structured,
  title={Structured information extraction from scientific text with Large language models},
  author={Dagdelen, John and Dunn, Alexander and Lee, Sanghoon and Walker, Nicholas and Rosen, Andrew S and Ceder, Gerbrand and Persson, Kristin A and Jain, Anubhav},
  journal={Nature Communications},
  volume={15},
  number={1},
  pages={1418},
  year={2024},
doi={https://doi.org/10.1038/s41467-024-45563-x}
}
@misc{xu2024llmforie,
      title={Large Language Models for Generative Information Extraction: A Survey}, 
      author={Derong Xu and Wei Chen and Wenjun Peng and Chao Zhang and Tong Xu and Xiangyu Zhao and Xian Wu and Yefeng Zheng and Yang Wang and Enhong Chen},
      year={2024},
      eprint={2312.17617},
      archivePrefix={arXiv},
      primaryClass={cs.CL},
      url={https://arxiv.org/abs/2312.17617}, 
doi={https://doi.org/10.48550/arXiv.2312.17617}
}

@article{liu2023promptsurvey,
author = {Liu, Pengfei and Yuan, Weizhe and Fu, Jinlan and Jiang, Zhengbao and Hayashi, Hiroaki and Neubig, Graham},
title = {Pre-train, {P}rompt, and {P}redict: A Systematic Survey of Prompting Methods in Natural Language Processing},
year = {2023},
issue_date = {September 2023},
volume = {55},
number = {9},
issn = {0360-0300},
url = {https://doi.org/10.1145/3560815},
doi = {10.1145/3560815},
journal = {ACM Comput. Surv.},
articleno = {195},
numpages = {35},
keywords = {Pre-trained language models, prompting}
}

@article{liu2025chemitryprompt,
title = {Integrating chemistry knowledge in large language models via prompt engineering},
journal = {Synthetic and Systems Biotechnology},
volume = {10},
number = {1},
pages = {23-38},
year = {2025},
issn = {2405-805X},
doi = {https://doi.org/10.1016/j.synbio.2024.07.004},
url = {https://www.sciencedirect.com/science/article/pii/S2405805X24001029},
author = {Hongxuan Liu and Haoyu Yin and Zhiyao Luo and Xiaonan Wang},
}

@inproceedings{zamfirescu2023johnny,
author = {Zamfirescu-Pereira, J.D. and Wong, Richmond Y. and Hartmann, Bjoern and Yang, Qian},
title = {Why {J}ohnny Can’t Prompt: How Non-{AI} Experts Try (and Fail) to Design {LLM} Prompts},
year = {2023},
isbn = {9781450394215},
url = {https://doi.org/10.1145/3544548.3581388},
doi = {10.1145/3544548.3581388},
booktitle = {Proceedings of the 2023 CHI Conference on Human Factors in Computing Systems (CHI '23)},
articleno = {437},
numpages = {21},
keywords = {design tools, end-users, language models},
}

@inproceedings{kim2024evallm,
author = {Kim, Tae Soo and Lee, Yoonjoo and Shin, Jamin and Kim, Young-Ho and Kim, Juho},
title = {Eval{LM}: Interactive Evaluation of Large Language Model Prompts on User-Defined Criteria},
year = {2024},
isbn = {9798400703300},
url = {https://doi.org/10.1145/3613904.3642216},
doi = {10.1145/3613904.3642216},
booktitle = {Proceedings of the 2024 CHI Conference on Human Factors in Computing Systems (CHI '24)},
articleno = {306},
numpages = {21},
keywords = {Evaluation, Human-AI Interaction, Large Language Models, Natural Language Generation},
}

@misc{promptengineeringuide,
  title = {Prompt {E}ngineering guide},
  howpublished = {\url{https://www.promptingguide.ai/}},
  note = {Accessed: 2024-02-12}
}
@misc{chatgpt,
  title = {Chat{GPT}},
  howpublished = {\url{https://chatgpt.com}},
  note = {Accessed: 2024-02-12}
}
@misc{claude,
  title = {Claude},
  howpublished = {\url{https://claude.ai/}},
  note = {Accessed: 2024-02-12}
}

@cc{lewis2021rag,
      title={Retrieval-Augmented Generation for Knowledge-Intensive {NLP} Tasks}, 
      author={Patrick Lewis and Ethan Perez and Aleksandra Piktus and Fabio Petroni and Vladimir Karpukhin and Naman Goyal and Heinrich Küttler and Mike Lewis and Wen-tau Yih and Tim Rocktäschel and Sebastian Riedel and Douwe Kiela},
      year={2021},
      eprint={2005.11401},
      archivePrefix={arXiv},
      primaryClass={cs.CL},
      url={https://arxiv.org/abs/2005.11401}, 
doi={https://doi.org/10.48550/arXiv.2005.11401},
}

@misc{wei2023chainofthought,
      title={Chain-of-{T}hought Prompting Elicits Reasoning in Large Language Models}, 
      author={Jason Wei and Xuezhi Wang and Dale Schuurmans and Maarten Bosma and Brian Ichter and Fei Xia and Ed Chi and Quoc Le and Denny Zhou},
      year={2023},
      eprint={2201.11903},
      archivePrefix={arXiv},
      primaryClass={cs.CL},
      url={https://arxiv.org/abs/2201.11903}, 
doi={https://doi.org/10.48550/arXiv.2201.11903},
}

@inproceedings{weidinger2022llmrisk,
author = {Weidinger, Laura and Uesato, Jonathan and Rauh, Maribeth and Griffin, Conor and Huang, Po-Sen and Mellor, John and Glaese, Amelia and Cheng, Myra and Balle, Borja and Kasirzadeh, Atoosa and Biles, Courtney and Brown, Sasha and Kenton, Zac and Hawkins, Will and Stepleton, Tom and Birhane, Abeba and Hendricks, Lisa Anne and Rimell, Laura and Isaac, William and Haas, Julia and Legassick, Sean and Irving, Geoffrey and Gabriel, Iason},
title = {Taxonomy of Risks posed by Language Models},
year = {2022},
isbn = {9781450393522},
url = {https://doi.org/10.1145/3531146.3533088},
doi = {10.1145/3531146.3533088},
booktitle = {Proceedings of the 2022 ACM Conference on Fairness, Accountability, and Transparency (FAccT '22)},
pages = {214–229},
numpages = {16},
keywords = {language models, responsible AI, responsible innovation, risk assessment, technology risks},
}

@misc{brath2024managementdiagram,
      title={Strategic management analysis: from data to strategy diagram by {LLM}}, 
      author={Richard Brath and Adam Bradley and David Jonker},
      year={2024},
      eprint={2409.06643},
      archivePrefix={arXiv},
      primaryClass={cs.HC},
      url={https://arxiv.org/abs/2409.06643}, 
    doi={https://doi.org/10.48550/arXiv.2409.06643}
}

@article{oesterwind2016dpsiruntangle,
title = {Drivers and pressures – Untangling the terms commonly used in marine science and policy},
journal = {Journal of Environmental Management},
volume = {181},
pages = {8-15},
year = {2016},
issn = {0301-4797},
doi = {https://doi.org/10.1016/j.jenvman.2016.05.058},
url = {https://www.sciencedirect.com/science/article/pii/S0301479716303139},
author = {Daniel Oesterwind and Andrea Rau and Anastasija Zaiko},
keywords = {DPSIR, MSFD, Definition, Policy, Ecosystem-based management},
}

@article{mangi2007reefdpsir,
title = {Reef fisheries management in Kenya: Preliminary approach using the driver–pressure–state–impacts–response ({DPSIR}) scheme of indicators},
journal = {Ocean \& Coastal Management},
volume = {50},
number = {5},
pages = {463-480},
year = {2007},
issn = {0964-5691},
doi = {https://doi.org/10.1016/j.ocecoaman.2006.10.003},
url = {https://www.sciencedirect.com/science/article/pii/S0964569106001566},
author = {Stephen C. Mangi and Callum M. Roberts and Lynda D. Rodwell},
}

@ARTICLE{lee2024awesum,
  author={Lee, Sam Yu-Te and Bahukhandi, Aryaman and Liu, Dongyu and Ma, Kwan-Liu},
  journal={IEEE Transactions on Visualization and Computer Graphics}, 
  title={Towards Dataset-scale and Feature-oriented Evaluation of Text Summarization in Large Language Model Prompts}, 
  year={2024},
  volume={},
  number={},
  pages={1-11},
  keywords={Measurement;Text summarization;Prompt engineering;Complexity theory;Systematics;Natural language generation;Linguistics;Visual analytics;prompt engineering;text summarization;human-computer interaction;dimensionality reduction},
  doi={10.1109/TVCG.2024.3456398}}


@misc{khot2023decomposed,
      title={Decomposed Prompting: A Modular Approach for Solving Complex Tasks}, 
      author={Tushar Khot and Harsh Trivedi and Matthew Finlayson and Yao Fu and Kyle Richardson and Peter Clark and Ashish Sabharwal},
      year={2023},
      eprint={2210.02406},
      archivePrefix={arXiv},
      primaryClass={cs.CL},
      url={https://arxiv.org/abs/2210.02406}, 
      doi={https://doi.org/10.48550/arXiv.2210.02406}
}

@inproceedings{liao2020questionAI,
author = {Liao, Q. Vera and Gruen, Daniel and Miller, Sarah},
title = {Questioning the {AI}: Informing Design Practices for Explainable {AI} User Experiences},
year = {2020},
isbn = {9781450367080},
url = {https://doi.org/10.1145/3313831.3376590},
doi = {10.1145/3313831.3376590},
booktitle = {Proceedings of the 2020 CHI Conference on Human Factors in Computing Systems (CHI '20)},
pages = {1–15},
numpages = {15},
keywords = {explainable AI, human-AI interaction, user experience},
}

@article{lee2017humantouch,
title = {The human touch: How non-expert users perceive, interpret, and fix topic models},
journal = {International Journal of Human-Computer Studies},
volume = {105},
pages = {28-42},
year = {2017},
issn = {1071-5819},
doi = {https://doi.org/10.1016/j.ijhcs.2017.03.007},
url = {https://www.sciencedirect.com/science/article/pii/S1071581917300472},
author = {Tak Yeon Lee and Alison Smith and Kevin Seppi and Niklas Elmqvist and Jordan Boyd-Graber and Leah Findlater},
keywords = {Topic modeling, User study, Mixed-initiative interaction},
}

@inproceedings{chen2024quantifyinguncertaitny,
    title = "Quantifying Uncertainty in Answers from any Language Model and Enhancing their Trustworthiness",
    author = "Chen, Jiuhai  and
      Mueller, Jonas",
    editor = "Ku, Lun-Wei  and
      Martins, Andre  and
      Srikumar, Vivek",
    booktitle = "Proceedings of the 62nd Annual Meeting of the Association for Computational Linguistics (Volume 1: Long Papers)",
    year = "2024",
    url = "https://aclanthology.org/2024.acl-long.283",
    doi = "10.18653/v1/2024.acl-long.283",
    pages = "5186--5200",
}

@ARTICLE{malik2024pseudolabel,
  author={Malik, Usman and Bernard, Simon and Pauchet, Alexandre and Chatelain, Clément and Picot-Clémente, Romain and Cortinovis, Jérôme},
  journal={IEEE Access}, 
  title={Pseudo-Labeling With Large Language Models for Multi-Label Emotion Classification of {F}rench Tweets}, 
  year={2024},
  volume={12},
  number={},
  pages={15902-15916},
  keywords={Data models;Semisupervised learning;Training;Annotations;Text categorization;Task analysis;Predictive models;Labeling;Chatbots;Multi-label emotion classification;semi-supervised learning;pseudo-labeling;Chat-GPT},
  doi={10.1109/ACCESS.2024.3354705}}

@article{jaccard1912jaccardsimilarity,
author = {Jaccard, Paul},
title = {THE DISTRIBUTION OF THE FLORA IN THE ALPINE ZONE.},
journal = {New Phytologist},
volume = {11},
number = {2},
pages = {37-50},
doi = {https://doi.org/10.1111/j.1469-8137.1912.tb05611.x},
url = {https://nph.onlinelibrary.wiley.com/doi/abs/10.1111/j.1469-8137.1912.tb05611.x},
eprint = {https://nph.onlinelibrary.wiley.com/doi/pdf/10.1111/j.1469-8137.1912.tb05611.x},
year = {1912}
}

@article{van2008tsne,
  author  = {Laurens van der Maaten and Geoffrey Hinton},
  title   = {Visualizing Data using t-{SNE}},
  journal = {Journal of Machine Learning Research},
  year    = {2008},
  volume  = {9},
  number  = {86},
  pages   = {2579--2605},
  url     = {http://jmlr.org/papers/v9/vandermaaten08a.html}
}

@incollection{cox2000mds,
title = {Chapter 3 - {M}ultidimensional {S}caling},
editor = {Michael H. Birnbaum},
booktitle = {Measurement, Judgment and Decision Making},
publisher = {Academic Press},
pages = {179-250},
year = {1998},
series = {Handbook of Perception and Cognition (Second Edition)},
isbn = {978-0-12-099975-0},
doi = {https://doi.org/10.1016/B978-012099975-0.50005-1},
url = {https://www.sciencedirect.com/science/article/pii/B9780120999750500051},
author = {J. {Douglas Carroll} and Phipps Arabie},
}

@article{liu1989limited,
  title={On the limited memory {BFGS} method for large scale optimization},
  author={Liu, Dong C and Nocedal, Jorge},
  journal={Mathematical programming},
  volume={45},
  number={1},
  pages={503--528},
  year={1989},
  publisher={Springer},
doi={https://doi.org/10.1007/BF01589116}
}

@techreport{steinbach2000doccluster,
  title={A comparison of document clustering techniques},
  author={Steinbach, Michael and Karypis, George and Kumar, Vipin},
  year={2000},
institution={University of Minnesota Twin Cities},
number={00-034},
    doi={https://hdl.handle.net/11299/215421}
}

@article{fruchterman1991forcelayout,
author = {Fruchterman, Thomas M. J. and Reingold, Edward M.},
title = {Graph drawing by force-directed placement},
journal = {Software: Practice and Experience},
volume = {21},
number = {11},
pages = {1129-1164},
keywords = {Graph drawing, Force-directed placement, Multi-level techniques, Simulated annealing},
doi = {https://doi.org/10.1002/spe.4380211102},
url = {https://onlinelibrary.wiley.com/doi/abs/10.1002/spe.4380211102},
eprint = {https://onlinelibrary.wiley.com/doi/pdf/10.1002/spe.4380211102},
year = {1991}
}


@INPROCEEDINGS{xu2016semanticwordcloud,
  author={Xu, Jin and Tao, Yubo and Lin, Hai},
  booktitle={Proceedings of the 2016 IEEE Pacific Visualization Symposium (PacificVis)}, 
  title={Semantic word cloud generation based on word embeddings}, 
  year={2016},
  volume={},
  number={},
  pages={239-243},
  keywords={Tag clouds;Semantics;Layout;Training;Visualization;Context;Covariance matrices;I.3.6 [Computer Graphics]: Methodology and Techniques — Interaction techniques},
  doi={10.1109/PACIFICVIS.2016.7465278}}

@inproceedings{scholkopf1997kernel,
	title        = {Kernel principal component analysis},
	author       = {Sch{\"o}lkopf, Bernhard and Smola, Alexander and M{\"u}ller, Klaus-Robert},
	year         = 1997,
	booktitle    = {Artificial Neural Networks --- ICANN'97},
	publisher    = {Springer Berlin Heidelberg},
	pages        = {583--588},
	doi          = {https://doi.org/10.1007/BFb0020217},
	isbn         = {978-3-540-69620-9},
	editor       = {Gerstner, Wulfram and Germond, Alain and Hasler, Martin and Nicoud, Jean-Daniel},
}

@misc{yao2023treeofthought,
      title={Tree of Thoughts: Deliberate Problem Solving with Large Language Models}, 
      author={Shunyu Yao and Dian Yu and Jeffrey Zhao and Izhak Shafran and Thomas L. Griffiths and Yuan Cao and Karthik Narasimhan},
      year={2023},
      eprint={2305.10601},
      archivePrefix={arXiv},
      primaryClass={cs.CL},
      url={https://arxiv.org/abs/2305.10601}, 
doi={https://doi.org/10.48550/arXiv.2305.10601}
}

@misc{gao2022hyde,
      title={Precise Zero-Shot Dense Retrieval without Relevance Labels}, 
      author={Luyu Gao and Xueguang Ma and Jimmy Lin and Jamie Callan},
      year={2022},
      eprint={2212.10496},
      archivePrefix={arXiv},
      primaryClass={cs.IR},
      url={https://arxiv.org/abs/2212.10496}, 
doi={https://doi.org/10.48550/arXiv.2212.10496}
}

@article{chang2024surveyllm,
author = {Chang, Yupeng and Wang, Xu and Wang, Jindong and Wu, Yuan and Yang, Linyi and Zhu, Kaijie and Chen, Hao and Yi, Xiaoyuan and Wang, Cunxiang and Wang, Yidong and Ye, Wei and Zhang, Yue and Chang, Yi and Yu, Philip S. and Yang, Qiang and Xie, Xing},
title = {A Survey on Evaluation of Large Language Models},
year = {2024},
issue_date = {June 2024},
volume = {15},
number = {3},
issn = {2157-6904},
url = {https://doi.org/10.1145/3641289},
doi = {10.1145/3641289},
journal = {ACM Trans. Intell. Syst. Technol.},
articleno = {39},
numpages = {45},
}

@misc{kuhn2023semanticuncertainty,
      title={Semantic Uncertainty: Linguistic Invariances for Uncertainty Estimation in Natural Language Generation}, 
      author={Lorenz Kuhn and Yarin Gal and Sebastian Farquhar},
      year={2023},
      eprint={2302.09664},
      archivePrefix={arXiv},
      primaryClass={cs.CL},
      url={https://arxiv.org/abs/2302.09664}, 
doi={https://doi.org/10.48550/arXiv.2302.09664}
}

@article{Xiao2019quantify, 
title={Quantifying Uncertainties in Natural Language Processing Tasks}, 
volume={33}, 
url={https://ojs.aaai.org/index.php/AAAI/article/view/4719}, 
DOI={10.1609/aaai.v33i01.33017322},  
number={01}, 
journal={Proceedings of the AAAI Conference on Artificial Intelligence}, 
author={Xiao, Yijun and Wang, William Yang}, 
year={2019}, 
pages={7322-7329} }

@article{harvel2024llmknowledge, 
title={Can LLMs Answer Investment Banking Questions? Using Domain-Tuned Functions to Improve LLM Performance on Knowledge-Intensive Analytical Tasks}, 
volume={3}, 
url={https://ojs.aaai.org/index.php/AAAI-SS/article/view/31191}, 
DOI={10.1609/aaaiss.v3i1.31191},  
number={1}, 
journal={Proceedings of the AAAI Symposium Series}, 
author={Harvel, Nicholas and Haiek, Felipe Bivort and Ankolekar, Anupriya and Brunner, David James}, year={2024},  
pages={125-133} }

@misc{dai2023llmintheloop,
      title={LLM-in-the-loop: Leveraging Large Language Model for Thematic Analysis}, 
      author={Shih-Chieh Dai and Aiping Xiong and Lun-Wei Ku},
      year={2023},
      eprint={2310.15100},
      archivePrefix={arXiv},
      primaryClass={cs.CL},
      url={https://arxiv.org/abs/2310.15100}, 
doi={https://doi.org/10.48550/arXiv.2310.15100}
}








@article{fereday2006thematic,
author = {Jennifer Fereday and Eimear Muir-Cochrane},
title ={Demonstrating Rigor Using Thematic Analysis: A Hybrid Approach of Inductive and Deductive Coding and Theme Development},
journal = {International Journal of Qualitative Methods},
volume = {5},
number = {1},
pages = {80-92},
year = {2006},
doi = {10.1177/160940690600500107},
URL = { https://doi.org/10.1177/160940690600500107},
eprint = {https://doi.org/10.1177/160940690600500107},
}

@inproceedings{yan2024chatgptthematic,
author = {Yan, Lixiang and Echeverria, Vanessa and Fernandez-Nieto, Gloria Milena and Jin, Yueqiao and Swiecki, Zachari and Zhao, Linxuan and Ga\v{s}evi\'{c}, Dragan and Martinez-Maldonado, Roberto},
title = {Human-AI Collaboration in Thematic Analysis using ChatGPT: A User Study and Design Recommendations},
year = {2024},
isbn = {9798400703317},
url = {https://doi.org/10.1145/3613905.3650732},
doi = {10.1145/3613905.3650732},
booktitle = {Extended Abstracts of the CHI Conference on Human Factors in Computing Systems (CHI EA '24)},
articleno = {191},
numpages = {7},
keywords = {ChatGPT, Generative Artificial Intelligence, Human-AI Collaboration, Qualitative Research, Thematic Analysis},
}

@inproceedings{cheng2024relic,
author = {Cheng, Furui and Zouhar, Vil\'{e}m and Arora, Simran and Sachan, Mrinmaya and Strobelt, Hendrik and El-Assady, Mennatallah},
title = {RELIC: Investigating Large Language Model Responses using Self-Consistency},
year = {2024},
isbn = {9798400703300},
url = {https://doi.org/10.1145/3613904.3641904},
doi = {10.1145/3613904.3641904},
booktitle = {Proceedings of the 2024 CHI Conference on Human Factors in Computing Systems (CHI '24)},
articleno = {647},
numpages = {18},
keywords = {hallucination detection, human-AI interaction, natural language processing},
}

@ARTICLE{shannon1948informationentropy,
  author={Shannon, C. E.},
  journal={The Bell System Technical Journal}, 
  title={A mathematical theory of communication}, 
  year={1948},
  volume={27},
  number={3},
  pages={379-423},
  keywords={},
  doi={10.1002/j.1538-7305.1948.tb01338.x}}
