
@inproceedings{cluster1,
  title={Solving the sparsity problem in recommendations via cross-domain item embedding based on co-clustering},
  author={Wang, Yaqing and Feng, Chunyan and Guo, Caili and Chu, Yunfei and Hwang, Jenq-Neng},
  booktitle={Proceedings of the Twelfth ACM International Conference on Web Search and Data Mining},
  pages={717--725},
  year={2019}
}

@inproceedings{cluster2,
  title={Cross-domain recommendation via clustering on multi-layer graphs},
  author={Farseev, Aleksandr and Samborskii, Ivan and Filchenkov, Andrey and Chua, Tat-Seng},
  booktitle={Proceedings of the 40th International ACM SIGIR Conference on Research and Development in Information Retrieval},
  pages={195--204},
  year={2017}
}

@article{cdrbook,
  title={Design and Evaluation of Cross-domain Recommender Systems},
  author={Dacrema, Maurizio Ferrari and Cantador, Iv{\'a}n and Fern{\'a}ndez-Tob{\i}as, Ignacio and Berkovsky, Shlomo and Cremonesi, Paolo}
}

@article{cdrsurvey,
  title={Cross-Domain Recommendation: Challenges, Progress, and Prospects},
  author={Zhu, Feng and Wang, Yan and Chen, Chaochao and Zhou, Jun and Li, Longfei and Liu, Guanfeng},
  journal={arXiv preprint arXiv:2103.01696},
  year={2021}
}

@article{mvae,
  title={Learning disentangled representations for recommendation},
  author={Ma, Jianxin and Zhou, Chang and Cui, Peng and Yang, Hongxia and Zhu, Wenwu},
  journal={arXiv preprint arXiv:1910.14238},
  year={2019}
}

@article{vade,
  title={Variational deep embedding: An unsupervised and generative approach to clustering},
  author={Jiang, Zhuxi and Zheng, Yin and Tan, Huachun and Tang, Bangsheng and Zhou, Hanning},
  journal={arXiv preprint arXiv:1611.05148},
  year={2016}
}

@article{vade2,
  title={A Decoder-Free Variational Deep Embedding for Unsupervised Clustering},
  author={Ji, Qiang and Sun, Yanfeng and Gao, Junbin and Hu, Yongli and Yin, Baocai},
  journal={IEEE Transactions on Neural Networks and Learning Systems},
  year={2021},
  publisher={IEEE}
}

@article{betavae,
  title={beta-vae: Learning basic visual concepts with a constrained variational framework},
  author={Higgins, Irina and Matthey, Loic and Pal, Arka and Burgess, Christopher and Glorot, Xavier and Botvinick, Matthew and Mohamed, Shakir and Lerchner, Alexander},
  year={2016}
}

@inproceedings{multvae,
  title={Variational autoencoders for collaborative filtering},
  author={Liang, Dawen and Krishnan, Rahul G and Hoffman, Matthew D and Jebara, Tony},
  booktitle={Proceedings of the 2018 world wide web conference},
  pages={689--698},
  year={2018}
}

@inproceedings{recvae,
  title={RecVAE: A new variational autoencoder for Top-N recommendations with implicit feedback},
  author={Shenbin, Ilya and Alekseev, Anton and Tutubalina, Elena and Malykh, Valentin and Nikolenko, Sergey I},
  booktitle={Proceedings of the 13th International Conference on Web Search and Data Mining},
  pages={528--536},
  year={2020}
}

@article{sinkhorn,
  title={Sinkhorn distances: Lightspeed computation of optimal transport},
  author={Cuturi, Marco},
  journal={Advances in neural information processing systems},
  volume={26},
  pages={2292--2300},
  year={2013}
}

@article{angenent2003minimizing,
  title={Minimizing flows for the Monge--Kantorovich problem},
  author={Angenent, Sigurd and Haker, Steven and Tannenbaum, Allen},
  journal={SIAM journal on mathematical analysis},
  volume={35},
  number={1},
  pages={61--97},
  year={2003},
  publisher={SIAM}
}

@article{cbt,
  title={Can movies and books collaborate?: cross-domain collaborative filtering for sparsity reduction},
  author={ Li, B.  and  Qiang, Y.  and  Xue, X. },
  journal={Sun Yat-sen University},
  volume={38},
  number={4},
  pages={2052-2057},
  year={2009},
}

@article{tr2013,
  title={Transfer learning in heterogeneous collaborative filtering domains},
  author={Weike and Pan and and and Qiang and Yang},
  journal={Artificial Intelligence},
  year={2013},
}

@inproceedings{wcf,
  title={Wasserstein Collaborative Filtering for Item Cold-start Recommendation},
  author={Meng, Yitong and Yan, Xiao and Liu, Weiwen and Wu, Huanhuan and Cheng, James},
  booktitle={Proceedings of the 28th ACM Conference on User Modeling, Adaptation and Personalization},
  pages={318--322},
  year={2020}
}

@inproceedings{dtcdr,
  title={DTCDR: A framework for dual-target cross-domain recommendation},
  author={Zhu, Feng and Chen, Chaochao and Wang, Yan and Liu, Guanfeng and Zheng, Xiaolin},
  booktitle={CIKM},
  pages={1533--1542},
  year={2019}
}

@inproceedings{gadtcdr,
  title = {A Graphical and Attentional Framework for Dual-Target Cross-Domain Recommendation},
  author = {Zhu, Feng and Wang, Yan and Chen, Chaochao and Liu, Guanfeng and Zheng, Xiaolin},
  booktitle = {IJCAI},
  year = {2020},
  pages = {3001--3008}
}

@inproceedings{amazon,
author = {Ni, Jianmo and Li, Jiacheng and McAuley, Julian},
year = {2019},
pages = {188-197},
booktitle={EMNLP-IJCNLP},
title = {Justifying Recommendations using Distantly-Labeled Reviews and Fine-Grained Aspects},
doi = {10.18653/v1/D19-1018}
}

@inproceedings{catn,
author = {Zhao, Cheng and Li, Chenliang and Xiao, Rong and Deng, Hongbo and Sun, Aixin},
year = {2020},
month = {07},
pages = {229-238},
title = {CATN: Cross-Domain Recommendation for Cold-Start Users via Aspect Transfer Network},
doi = {10.1145/3397271.3401169}
}

@article{Laurens2008Visualizing,
  title={Visualizing Data using t-SNE},
  author={Van Der Maaten Laurens and Geoffrey Hinton},
  journal={Journal of Machine Learning Research},
  volume={9},
  number={2605},
  pages={2579-2605},
  year={2008},
}

@inproceedings{anneal,
  title={Variational autoencoders for collaborative filtering},
  author={Liang, Dawen and Krishnan, Rahul G and Hoffman, Matthew D and Jebara, Tony},
  booktitle={Proceedings of the 2018 world wide web conference},
  pages={689--698},
  year={2018}
}

@inproceedings{kat,
  title={Kgat: Knowledge graph attention network for recommendation},
  author={Wang, Xiang and He, Xiangnan and Cao, Yixin and Liu, Meng and Chua, Tat-Seng},
  booktitle={Proceedings of the 25th ACM SIGKDD International Conference on Knowledge Discovery \& Data Mining},
  pages={950--958},
  year={2019}
}

@inproceedings{conet,
  title={Conet: Collaborative cross networks for cross-domain recommendation},
  author={Hu, Guangneng and Zhang, Yu and Yang, Qiang},
  booktitle={Proceedings of the 27th ACM international conference on information and knowledge management},
  pages={667--676},
  year={2018}
}

@inproceedings{ddtcdr,
  title={Ddtcdr: Deep dual transfer cross domain recommendation},
  author={Li, Pan and Tuzhilin, Alexander},
  booktitle={Proceedings of the 13th International Conference on Web Search and Data Mining},
  pages={331--339},
  year={2020}
}

@inproceedings{cdiec,
  title={Solving the sparsity problem in recommendations via cross-domain item embedding based on co-clustering},
  author={Wang, Yaqing and Feng, Chunyan and Guo, Caili and Chu, Yunfei and Hwang, Jenq-Neng},
  booktitle={Proceedings of the Twelfth ACM International Conference on Web Search and Data Mining},
  pages={717--725},
  year={2019}
}

@article{darec,
  title={DARec: Deep domain adaptation for cross-domain recommendation via transferring rating patterns},
  author={Yuan, Feng and Yao, Lina and Benatallah, Boualem},
  journal={arXiv preprint arXiv:1905.10760},
  year={2019}
}

@article{etl,
  title={Towards Equivalent Transformation of User Preferences in Cross Domain Recommendation},
  author={Chen, Xu and Zhang, Ya and Tsang, Ivor and Pan, Yuangang and Su, Jingchao},
  journal={arXiv preprint arXiv:2009.06884},
  year={2020}
}

@article{Adam,
  title={Adam: A Method for Stochastic Optimization},
  author={ Kingma, D.  and  Ba, J. },
  journal={Computer Science},
  year={2014},
}

@ARTICLE{ieee_survey,
  author={Zhuang, Fuzhen and Qi, Zhiyuan and Duan, Keyu and Xi, Dongbo and Zhu, Yongchun and Zhu, Hengshu and Xiong, Hui and He, Qing},
  journal={Proceedings of the IEEE}, 
  title={A Comprehensive Survey on Transfer Learning}, 
  year={2021},
  volume={109},
  number={1},
  pages={43-76},
  doi={10.1109/JPROC.2020.3004555}
  }
  
@inproceedings{transfer_survey,
  title={A survey on deep transfer learning},
  author={Tan, Chuanqi and Sun, Fuchun and Kong, Tao and Zhang, Wenchang and Yang, Chao and Liu, Chunfang},
  booktitle={International conference on artificial neural networks},
  pages={270--279},
  year={2018},
  organization={Springer}
}

@inproceedings{esam,
  title={Esam: Discriminative domain adaptation with non-displayed items to improve long-tail performance},
  author={Chen, Zhihong and Xiao, Rong and Li, Chenliang and Ye, Gangfeng and Sun, Haochuan and Deng, Hongbo},
  booktitle={SIGIR},
  pages={579--588},
  year={2020}
}

@article{mmd,
  title={Integrating structured biological data by kernel maximum mean discrepancy},
  author={Borgwardt, Karsten M and Gretton, Arthur and Rasch, Malte J and Kriegel, Hans-Peter and Sch{\"o}lkopf, Bernhard and Smola, Alex J},
  journal={Bioinformatics},
  volume={22},
  number={14},
  pages={e49--e57},
  year={2006},
  publisher={Oxford University Press}
}

@inproceedings{emcdr,
  title={Cross-Domain Recommendation: An Embedding and Mapping Approach.},
  author={Man, Tong and Shen, Huawei and Jin, Xiaolong and Cheng, Xueqi},
  booktitle={IJCAI},
  pages={2464--2470},
  year={2017}
}

@inproceedings{coral,
  title={Deep coral: Correlation alignment for deep domain adaptation},
  author={Sun, Baochen and Saenko, Kate},
  booktitle={European conference on computer vision},
  pages={443--450},
  year={2016},
  organization={Springer}
}

@article{deepcoral,
  title={Deep CORAL: Correlation Alignment for Deep Domain Adaptation},
  author={ Sun, B.  and  Saenko, K. },
  journal={Springer International Publishing},
  year={2016},
}

@article{santambrogio2015optimal,
  title={Optimal transport for applied mathematicians},
  author={Santambrogio, Filippo},
  journal={Birk{\"a}user, NY},
  volume={55},
  pages={58--63},
  year={2015},
  publisher={Springer}
}


@book{villani2008optimal,
  title={Optimal transport: old and new},
  author={Villani, C{\'e}dric},
  volume={338},
  year={2008},
  publisher={Springer Science \& Business Media}
}

@article{tca,
  title={Domain Adaptation via Transfer Component Analysis},
  author={Pan, Sinno Jialin and Tsang, Ivor W and Kwok, James T and Yang, Qiang},
  journal={IEEE Transactions on Neural Networks},
  volume={22},
  number={2},
  pages={199-210},
  year={2011},
}


@inproceedings{unit,
  title={Unsupervised image-to-image translation networks},
  author={Liu, Ming-Yu and Breuel, Thomas and Kautz, Jan},
  booktitle={Advances in neural information processing systems},
  pages={700--708},
  year={2017}
}

@inproceedings{munit,
  title={Multimodal unsupervised image-to-image translation},
  author={Huang, Xun and Liu, Ming-Yu and Belongie, Serge and Kautz, Jan},
  booktitle={Proceedings of the European conference on computer vision (ECCV)},
  pages={172--189},
  year={2018}
}

@article{dann,
  title={Domain-adversarial training of neural networks},
  author={Ganin, Yaroslav and Ustinova, Evgeniya and Ajakan, Hana and Germain, Pascal and Larochelle, Hugo and Laviolette, Fran{\c{c}}ois and Marchand, Mario and Lempitsky, Victor},
  journal={The journal of machine learning research},
  volume={17},
  number={1},
  pages={2096--2030},
  year={2016},
  publisher={JMLR. org}
}

@inproceedings{adda,
  title={Adversarial discriminative domain adaptation},
  author={Tzeng, Eric and Hoffman, Judy and Saenko, Kate and Darrell, Trevor},
  booktitle={CVPR},
  pages={7167--7176},
  year={2017}
}

@article{cmd,
  title={Central moment discrepancy (cmd) for domain-invariant representation learning},
  author={Zellinger, Werner and Grubinger, Thomas and Lughofer, Edwin and Natschl{\"a}ger, Thomas and Saminger-Platz, Susanne},
  journal={arXiv preprint arXiv:1702.08811},
  year={2017}
}

@article{cdan,
  title={Conditional adversarial domain adaptation},
  author={Long, Mingsheng and Cao, Zhangjie and Wang, Jianmin and Jordan, Michael I},
  journal={arXiv preprint arXiv:1705.10667},
  year={2017}
}

@inproceedings{jdda,
  title={Joint domain alignment and discriminative feature learning for unsupervised deep domain adaptation},
  author={Chen, Chao and Chen, Zhihong and Jiang, Boyuan and Jin, Xinyu},
  booktitle={Proceedings of the AAAI conference on artificial intelligence},
  volume={33},
  number={01},
  pages={3296--3303},
  year={2019}
}

@inproceedings{centerloss,
  title={A discriminative feature learning approach for deep face recognition},
  author={Wen, Yandong and Zhang, Kaipeng and Li, Zhifeng and Qiao, Yu},
  booktitle={European conference on computer vision},
  pages={499--515},
  year={2016},
  organization={Springer}
}

@inproceedings{p,
  title={Probabilistic metric learning with adaptive margin for top-K Recommendation},
  author={Ma, Chen and Ma, Liheng and Zhang, Yingxue and Tang, Ruiming and Liu, Xue and Coates, Mark},
  booktitle={Proceedings of the 26th ACM SIGKDD International Conference on Knowledge Discovery \& Data Mining},
  pages={1036--1044},
  year={2020}
}

@article{pp,
  title={Convolutional gaussian embeddings for personalized recommendation with uncertainty},
  author={Jiang, Junyang and Yang, Deqing and Xiao, Yanghua and Shen, Chenlu},
  journal={arXiv preprint arXiv:2006.10932},
  year={2020}
}

@article{dml,
  title={Dual Metric Learning for Effective and Efficient Cross-Domain Recommendations},
  author={Li, Pan and Tuzhilin, Alexander},
  journal={IEEE Transactions on Knowledge and Data Engineering},
  year={2021},
  publisher={IEEE}
}


% ---- new add ----

@inproceedings{lorslim,
  title={Lorslim: Low rank sparse linear methods for top-n recommendations},
  author={Cheng, Yao and Yin, Liang and Yu, Yong},
  booktitle={2014 IEEE International Conference on Data Mining},
  pages={90--99},
  year={2014},
  organization={IEEE}
}

@article{got,
  title={GOT: An optimal transport framework for graph comparison},
  author={Maretic, Hermina Petric and Gheche, Mireille EL and Chierchia, Giovanni and Frossard, Pascal},
  journal={arXiv preprint arXiv:1906.02085},
  year={2019}
}

@book{got2,
  title={Gaussian Markov random fields: theory and applications},
  author={Rue, Havard and Held, Leonhard},
  year={2005},
  publisher={CRC press}
}

@inproceedings{slim,
  title={Slim: Sparse linear methods for top-n recommender systems},
  author={Ning, Xia and Karypis, George},
  booktitle={2011 IEEE 11th International Conference on Data Mining},
  pages={497--506},
  year={2011},
  organization={IEEE}
}

@inproceedings{convex,
  title={Sparse Subspace Clustering with Entropy-Norm},
  author={Bai, Liang and Liang, Jiye},
  booktitle={International Conference on Machine Learning},
  pages={561--568},
  year={2020},
  organization={PMLR}
}

@inproceedings{kmm,
author = {Nie, Feiping and Wang, Xiaoqian and Huang, Heng},
title = {Clustering and Projected Clustering with Adaptive Neighbors},
year = {2014},
isbn = {9781450329569},
booktitle = {Proceedings of the 20th ACM SIGKDD International Conference on Knowledge Discovery and Data Mining},
pages = {977–986},
numpages = {10},
series = {KDD '14}
}

@inproceedings{deepconn,
  title={Joint deep modeling of users and items using reviews for recommendation},
  author={Zheng, Lei and Noroozi, Vahid and Yu, Philip S},
  booktitle={Proceedings of the tenth ACM international conference on web search and data mining},
  pages={425--434},
  year={2017}
}

@inproceedings{tdar,
  title={Semi-supervised collaborative filtering by text-enhanced domain adaptation},
  author={Yu, Wenhui and Lin, Xiao and Ge, Junfeng and Ou, Wenwu and Qin, Zheng},
  booktitle={Proceedings of the 26th ACM SIGKDD International Conference on Knowledge Discovery \& Data Mining},
  pages={2136--2144},
  year={2020}
}

@inproceedings{narre,
  title={Neural attentional rating regression with review-level explanations},
  author={Chen, Chong and Zhang, Min and Liu, Yiqun and Ma, Shaoping},
  booktitle={Proceedings of the 2018 World Wide Web Conference},
  pages={1583--1592},
  year={2018}
}

@inproceedings{esco,
  title={Unsupervised Extractive Summarization-Based Representations for Accurate and Explainable Collaborative Filtering},
  author={Pugoy, Reinald Adrian and Kao, Hung-Yu},
  booktitle={Proceedings of the 59th Annual Meeting of the Association for Computational Linguistics and the 11th International Joint Conference on Natural Language Processing (Volume 1: Long Papers)},
  pages={2981--2990},
  year={2021}
}

@article{recdan,
  title={Recsys-dan: discriminative adversarial networks for cross-domain recommender systems},
  author={Wang, Cheng and Niepert, Mathias and Li, Hui},
  journal={IEEE transactions on neural networks and learning systems},
  volume={31},
  number={8},
  pages={2731--2740},
  year={2019},
  publisher={IEEE}
}

@article{dirt-t,
  title={A dirt-t approach to unsupervised domain adaptation},
  author={Shu, Rui and Bui, Hung H and Narui, Hirokazu and Ermon, Stefano},
  journal={arXiv preprint arXiv:1802.08735},
  year={2018}
}

@inproceedings{ben2007analysis,
  title={Analysis of representations for domain adaptation},
  author={Ben-David, Shai and Blitzer, John and Crammer, Koby and Pereira, Fernando},
  booktitle={Advances in neural information processing systems},
  pages={137--144},
  year={2007}
}

@article{cbert,
  title={Pre-training with whole word masking for chinese bert},
  author={Cui, Yiming and Che, Wanxiang and Liu, Ting and Qin, Bing and Yang, Ziqing and Wang, Shijin and Hu, Guoping},
  journal={arXiv preprint arXiv:1906.08101},
  year={2019}
}

@article{roberta,
  title={Roberta: A robustly optimized bert pretraining approach},
  author={Liu, Yinhan and Ott, Myle and Goyal, Naman and Du, Jingfei and Joshi, Mandar and Chen, Danqi and Levy, Omer and Lewis, Mike and Zettlemoyer, Luke and Stoyanov, Veselin},
  journal={arXiv preprint arXiv:1907.11692},
  year={2019}
}

@inproceedings{cdt,
  title={Can movies and books collaborate? cross-domain collaborative filtering for sparsity reduction},
  author={Li, Bin and Yang, Qiang and Xue, Xiangyang},
  booktitle={Twenty-First international joint conference on artificial intelligence},
  year={2009}
}

@inproceedings{myth,
  title={Cross-domain recommendations without overlapping data: Myth or reality?},
  author={Cremonesi, Paolo and Quadrana, Massimo},
  booktitle={Proceedings of the 8th ACM Conference on Recommender systems},
  pages={297--300},
  year={2014}
}

@inproceedings{pan2008,
  title={One-class collaborative filtering},
  author={Pan, Rong and Zhou, Yunhong and Cao, Bin and Liu, Nathan N and Lukose, Rajan and Scholz, Martin and Yang, Qiang},
  booktitle={2008 Eighth IEEE International Conference on Data Mining},
  pages={502--511},
  year={2008},
  organization={IEEE}
}

@article{atlrec,
  title={ATLRec: An attentional adversarial transfer learning network for cross-domain recommendation},
  author={Li, Ying and Xu, Jia-Jie and Zhao, Peng-Peng and Fang, Jun-Hua and Chen, Wei and Zhao, Lei},
  journal={Journal of Computer Science and Technology},
  volume={35},
  number={4},
  pages={794--808},
  year={2020},
  publisher={Springer}
}

@inproceedings{delf,
  title={DELF: A Dual-Embedding based Deep Latent Factor Model for Recommendation.},
  author={Cheng, Weiyu and Shen, Yanyan and Zhu, Yanmin and Huang, Linpeng},
  booktitle={IJCAI},
  volume={18},
  pages={3329--3335},
  year={2018}
}

@inproceedings{ssb,
  title={Improving ad click prediction by considering non-displayed events},
  author={Yuan, Bowen and Hsia, Jui-Yang and Yang, Meng-Yuan and Zhu, Hong and Chang, Chih-Yao and Dong, Zhenhua and Lin, Chih-Jen},
  booktitle={CIKM},
  pages={329--338},
  year={2019}
}

@inproceedings{mt,
  title={Real-time Attention Based Look-alike Model for Recommender System},
  author={Liu, Yudan and Ge, Kaikai and Zhang, Xu and Lin, Leyu},
  booktitle={Proceedings of the 25th ACM SIGKDD International Conference on Knowledge Discovery \& Data Mining},
  pages={2765--2773},
  year={2019}
}

@article{miller,
  title={Leveraging BERT for extractive text summarization on lectures},
  author={Miller, Derek},
  journal={arXiv preprint arXiv:1906.04165},
  year={2019}
}

@inproceedings{db,
  title={Debiasing Learning based Cross-domain Recommendation},
  author={Li, Siqing and Yao, Liuyi and Mu, Shanlei and Zhao, Wayne Xin and Li, Yaliang and Guo, Tonglei and Ding, Bolin and Wen, Ji-Rong},
  booktitle={KDD},
  pages={3190--3199},
  year={2021}
}

@inproceedings{dbwww,
  title={A multi-view deep learning approach for cross domain user modeling in recommendation systems},
  author={Elkahky, Ali Mamdouh and Song, Yang and He, Xiaodong},
  booktitle={Proceedings of the 24th international conference on world wide web},
  pages={278--288},
  year={2015}
}

@inproceedings{nt,
  title={Characterizing and avoiding negative transfer},
  author={Wang, Zirui and Dai, Zihang and P{\'o}czos, Barnab{\'a}s and Carbonell, Jaime},
  booktitle={CVPR},
  pages={11293--11302},
  year={2019}
}



@inproceedings{rosc,
  title={Rosc: Robust spectral clustering on multi-scale data},
  author={Li, Xiang and Kao, Ben and Luo, Siqiang and Ester, Martin},
  booktitle={Proceedings of the 2018 World Wide Web Conference},
  pages={157--166},
  year={2018}
}

@inproceedings{ws,
  title={Learning from uncertain curves: The 2-Wasserstein metric for Gaussian processes},
  author={Mallasto, Anton and Feragen, Aasa},
  booktitle={Proceedings of the 31st International Conference on Neural Information Processing Systems},
  pages={5665--5674},
  year={2017}
}

@inproceedings{emb,
  title={Embarrassingly shallow autoencoders for sparse data},
  author={Steck, Harald},
  booktitle={The World Wide Web Conference},
  pages={3251--3257},
  year={2019}
}

@inproceedings{deepjdot,
  title={Deepjdot: Deep joint distribution optimal transport for unsupervised domain adaptation},
  author={Damodaran, Bharath Bhushan and Kellenberger, Benjamin and Flamary, R{\'e}mi and Tuia, Devis and Courty, Nicolas},
  booktitle={Proceedings of the European Conference on Computer Vision (ECCV)},
  pages={447--463},
  year={2018}
}

@article{liu,
  title={Leveraging Distribution Alignment via Stein Path for Cross-Domain Cold-Start Recommendation},
  author={Liu, Weiming and Su, Jiajie and Chen, Chaochao and Zheng, Xiaolin},
  journal={Advances in Neural Information Processing Systems},
  volume={34},
  year={2021}
}

@inproceedings{nbpo,
  title={Sampler design for implicit feedback data by noisy-label robust learning},
  author={Yu, Wenhui and Qin, Zheng},
  booktitle={Proceedings of the 43rd International ACM SIGIR Conference on Research and Development in Information Retrieval},
  pages={861--870},
  year={2020}
}


@inproceedings{fw,
  title={Gromov-wasserstein learning for graph matching and node embedding},
  author={Xu, Hongteng and Luo, Dixin and Zha, Hongyuan and Duke, Lawrence Carin},
  booktitle={International conference on machine learning},
  pages={6932--6941},
  year={2019},
  organization={PMLR}
}

@article{rec_survey,
  title={A Survey of Recommendation Systems},
  author={Malik, Sushma and Rana, Anamika and Bansal, Mamta},
  journal={Information Resources Management Journal (IRMJ)},
  volume={33},
  number={4},
  pages={53--73},
  year={2020},
  publisher={IGI Global}
}

@inproceedings{uot,
  title={Unbalanced minibatch optimal transport; applications to domain adaptation},
  author={Fatras, Kilian and S{\'e}journ{\'e}, Thibault and Flamary, R{\'e}mi and Courty, Nicolas},
  booktitle={International Conference on Machine Learning},
  pages={3186--3197},
  year={2021},
  organization={PMLR}
}

@article{nnpu,
  title={Positive-unlabeled learning with non-negative risk estimator},
  author={Kiryo, Ryuichi and Niu, Gang and Plessis, Marthinus C du and Sugiyama, Masashi},
  journal={arXiv preprint arXiv:1703.00593},
  year={2017}
}

@inproceedings{uot2,
  title={On unbalanced optimal transport: An analysis of Sinkhorn algorithm},
  author={Pham, Khiem and Le, Khang and Ho, Nhat and Pham, Tung and Bui, Hung},
  booktitle={International Conference on Machine Learning},
  pages={7673--7682},
  year={2020},
  organization={PMLR}
}

@inproceedings{pure,
  title={PURE: Positive-Unlabeled Recommendation with Generative Adversarial Network},
  author={Zhou, Yao and Xu, Jianpeng and Wu, Jun and Taghavi, Zeinab and Korpeoglu, Evren and Achan, Kannan and He, Jingrui},
  booktitle={KDD},
  pages={2409--2419},
  year={2021}
}

@inproceedings{scf,
  title={Sinkhorn Collaborative Filtering},
  author={Li, Xiucheng and Chin, Jin Yao and Chen, Yile and Cong, Gao},
  booktitle={Proceedings of the Web Conference 2021},
  pages={582--592},
  year={2021}
}

@article{pot,
  title={Partial optimal tranport with applications on positive-unlabeled learning},
  author={Chapel, Laetitia and Alaya, Mokhtar Z and Gasso, Gilles},
  journal={Advances in Neural Information Processing Systems},
  volume={33},
  pages={2903--2913},
  year={2020}
}

@inproceedings{simplex,
  title={SimpleX: A Simple and Strong Baseline for Collaborative Filtering},
  author={Mao, Kelong and Zhu, Jieming and Wang, Jinpeng and Dai, Quanyu and Dong, Zhenhua and Xiao, Xi and He, Xiuqiang},
  booktitle={Proceedings of the 30th ACM International Conference on Information \& Knowledge Management},
  pages={1243--1252},
  year={2021}
}

@inproceedings{lightgcn,
  title={Lightgcn: Simplifying and powering graph convolution network for recommendation},
  author={He, Xiangnan and Deng, Kuan and Wang, Xiang and Li, Yan and Zhang, Yongdong and Wang, Meng},
  booktitle={Proceedings of the 43rd International ACM SIGIR conference on research and development in Information Retrieval},
  pages={639--648},
  year={2020}
}

@article{macridvae,
  title={Learning disentangled representations for recommendation},
  author={Ma, Jianxin and Zhou, Chang and Cui, Peng and Yang, Hongxia and Zhu, Wenwu},
  journal={arXiv preprint arXiv:1910.14238},
  year={2019}
}


@inproceedings{neumf,
  title={Neural collaborative filtering},
  author={He, Xiangnan and Liao, Lizi and Zhang, Hanwang and Nie, Liqiang and Hu, Xia and Chua, Tat-Seng},
  booktitle={Proceedings of the 26th international conference on world wide web},
  pages={173--182},
  year={2017}
}

@article{bpr,
  title={BPR: Bayesian personalized ranking from implicit feedback},
  author={Rendle, Steffen and Freudenthaler, Christoph and Gantner, Zeno and Schmidt-Thieme, Lars},
  journal={arXiv preprint arXiv:1205.2618},
  year={2012}
}

@inproceedings{autorec,
  title={Autorec: Autoencoders meet collaborative filtering},
  author={Sedhain, Suvash and Menon, Aditya Krishna and Sanner, Scott and Xie, Lexing},
  booktitle={Proceedings of the 24th international conference on World Wide Web},
  pages={111--112},
  year={2015}
}

@inproceedings{nsvd,
  title={Improving regularized singular value decomposition for collaborative filtering},
  author={Paterek, Arkadiusz},
  booktitle={Proceedings of KDD cup and workshop},
  volume={2007},
  pages={5--8},
  year={2007}
}

@inproceedings{svdplus,
  title={Factorization meets the neighborhood: a multifaceted collaborative filtering model},
  author={Koren, Yehuda},
  booktitle={Proceedings of the 14th ACM SIGKDD international conference on Knowledge discovery and data mining},
  pages={426--434},
  year={2008}
}


@inproceedings{svd1,
  title={Using singular value decomposition approximation for collaborative filtering},
  author={Zhang, Sheng and Wang, Weihong and Ford, James and Makedon, Fillia and Pearlman, Justin},
  booktitle={Seventh IEEE International Conference on E-Commerce Technology (CEC'05)},
  pages={257--264},
  year={2005},
  organization={IEEE}
}

@article{nmf1,
  title={Nonnegative matrix factorization: A comprehensive review},
  author={Wang, Yu-Xiong and Zhang, Yu-Jin},
  journal={IEEE Transactions on knowledge and data engineering},
  volume={25},
  number={6},
  pages={1336--1353},
  year={2012},
  publisher={IEEE}
}

@article{gnns,
  title={The graph neural network model},
  author={Scarselli, Franco and Gori, Marco and Tsoi, Ah Chung and Hagenbuchner, Markus and Monfardini, Gabriele},
  journal={IEEE transactions on neural networks},
  volume={20},
  number={1},
  pages={61--80},
  year={2008},
  publisher={IEEE}
}

@inproceedings{2stage,
  title={Building text classifiers using positive and unlabeled examples},
  author={Liu, Bing and Dai, Yang and Li, Xiaoli and Lee, Wee Sun and Yu, Philip S},
  booktitle={Third IEEE International Conference on Data Mining},
  pages={179--186},
  year={2003},
  organization={IEEE}
}

@inproceedings{pu2021,
  title={Positive and unlabeled learning algorithms and applications: A survey},
  author={Jaskie, Kristen and Spanias, Andreas},
  booktitle={2019 10th International Conference on Information, Intelligence, Systems and Applications (IISA)},
  pages={1--8},
  year={2019},
  organization={IEEE}
}

@inproceedings{2015d,
  title={Dynamic matrix factorization with priors on unknown values},
  author={Devooght, Robin and Kourtellis, Nicolas and Mantrach, Amin},
  booktitle={Proceedings of the 21th ACM SIGKDD international conference on knowledge discovery and data mining},
  pages={189--198},
  year={2015}
}

@article{nnpu2,
  title={Positive-unlabeled learning for open set domain adaptation},
  author={Loghmani, Mohammad Reza and Vincze, Markus and Tommasi, Tatiana},
  journal={Pattern Recognition Letters},
  volume={136},
  pages={198--204},
  year={2020},
  publisher={Elsevier}
}

@article{flamary2021pot,
  title={Pot: Python optimal transport},
  author={Flamary, R{\'e}mi and Courty, Nicolas and Gramfort, Alexandre and Alaya, Mokhtar Z and Boisbunon, Aur{\'e}lie and Chambon, Stanislas and Chapel, Laetitia and Corenflos, Adrien and Fatras, Kilian and Fournier, Nemo and others},
  journal={Journal of Machine Learning Research},
  volume={22},
  number={78},
  pages={1--8},
  year={2021}
}

@article{gan,
  title={Generative adversarial nets},
  author={Goodfellow, Ian and Pouget-Abadie, Jean and Mirza, Mehdi and Xu, Bing and Warde-Farley, David and Ozair, Sherjil and Courville, Aaron and Bengio, Yoshua},
  journal={Advances in neural information processing systems},
  volume={27},
  year={2014}
}

@inproceedings{irgan,
  title={Irgan: A minimax game for unifying generative and discriminative information retrieval models},
  author={Wang, Jun and Yu, Lantao and Zhang, Weinan and Gong, Yu and Xu, Yinghui and Wang, Benyou and Zhang, Peng and Zhang, Dell},
  booktitle={Proceedings of the 40th International ACM SIGIR conference on Research and Development in Information Retrieval},
  pages={515--524},
  year={2017}
}

@article{bcd,
  title={Iteration complexity analysis of block coordinate descent methods},
  author={Hong, Mingyi and Wang, Xiangfeng and Razaviyayn, Meisam and Luo, Zhi-Quan},
  journal={Mathematical Programming},
  volume={163},
  number={1-2},
  pages={85--114},
  year={2017},
  publisher={Springer}
}

@article{tpami2022,
  title={Instance-Dependent Positive and Unlabeled Learning with Labeling Bias Estimation},
  author={Gong, Chen and Wang, Qizhou and Liu, Tongliang and Han, Bo and You, Jane J and Yang, Jian and Tao, Dacheng},
  journal={IEEE Transactions on Pattern Analysis and Machine Intelligence},
  year={2021},
  publisher={IEEE}
}

@article{classpu,
  title={Class prior estimation from positive and unlabeled data},
  author={Du Plessis, Marthinus Christoffel and Sugiyama, Masashi},
  journal={IEICE TRANSACTIONS on Information and Systems},
  volume={97},
  number={5},
  pages={1358--1362},
  year={2014},
  publisher={The Institute of Electronics, Information and Communication Engineers}
}

@inproceedings{oldpu,
  title={Convex formulation for learning from positive and unlabeled data},
  author={Du Plessis, Marthinus and Niu, Gang and Sugiyama, Masashi},
  booktitle={International conference on machine learning},
  pages={1386--1394},
  year={2015},
  organization={PMLR}
}

@inproceedings{oneclass,
  title={One-class collaborative filtering},
  author={Pan, Rong and Zhou, Yunhong and Cao, Bin and Liu, Nathan N and Lukose, Rajan and Scholz, Martin and Yang, Qiang},
  booktitle={2008 Eighth IEEE International Conference on Data Mining},
  pages={502--511},
  year={2008},
  organization={IEEE}
}

@inproceedings{cf2008,
  title={Collaborative filtering for implicit feedback datasets},
  author={Hu, Yifan and Koren, Yehuda and Volinsky, Chris},
  booktitle={2008 Eighth IEEE international conference on data mining},
  pages={263--272},
  year={2008},
  organization={Ieee}
}

@inproceedings{sigir2015,
  title={Effective latent models for binary feedback in recommender systems},
  author={Volkovs, Maksims and Yu, Guang Wei},
  booktitle={SIGIR},
  pages={313--322},
  year={2015}
}

@article{attn,
  title={Neural machine translation by jointly learning to align and translate},
  author={Bahdanau, Dzmitry and Cho, Kyunghyun and Bengio, Yoshua},
  journal={arXiv preprint arXiv:1409.0473},
  year={2014}
}

@inproceedings{dy,
  title={Dynamic matrix factorization with priors on unknown values},
  author={Devooght, Robin and Kourtellis, Nicolas and Mantrach, Amin},
  booktitle={KDD},
  pages={189--198},
  year={2015}
}

@inproceedings{pud,
  title={Positive and Unlabeled Learning via Loss Decomposition and Centroid Estimation.},
  author={Shi, Hong and Pan, Shaojun and Yang, Jian and Gong, Chen},
  booktitle={IJCAI},
  pages={2689--2695},
  year={2018}
}

@article{pus,
  title={Loss decomposition and centroid estimation for positive and unlabeled learning},
  author={Gong, Chen and Shi, Hong and Liu, Tongliang and Zhang, Chuang and Yang, Jian and Tao, Dacheng},
  journal={TPAMI},
  volume={43},
  number={3},
  pages={918--932},
  year={2019},
  publisher={IEEE}
}

@article{pux,
  title={Large-margin label-calibrated support vector machines for positive and unlabeled learning},
  author={Gong, Chen and Liu, Tongliang and Yang, Jian and Tao, Dacheng},
  journal={TNNLS},
  volume={30},
  number={11},
  pages={3471--3483},
  year={2019},
  publisher={IEEE}
}

@inproceedings{denoiserec,
  title={Denoising implicit feedback for recommendation},
  author={Wang, Wenjie and Feng, Fuli and He, Xiangnan and Nie, Liqiang and Chua, Tat-Seng},
  booktitle={Proceedings of the 14th ACM international conference on web search and data mining},
  pages={373--381},
  year={2021}
}

@inproceedings{xuicml,
  title={Learning autoencoders with relational regularization},
  author={Xu, Hongteng and Luo, Dixin and Henao, Ricardo and Shah, Svati and Carin, Lawrence},
  booktitle={International Conference on Machine Learning},
  pages={10576--10586},
  year={2020},
  organization={PMLR}
}

@article{steck2019markov,
  title={Markov random fields for collaborative filtering},
  author={Steck, Harald},
  journal={Advances in Neural Information Processing Systems},
  volume={32},
  year={2019}
}



@article{vayer,
  title={A contribution to optimal transport on incomparable spaces},
  author={Vayer, Titouan},
  journal={arXiv preprint arXiv:2011.04447},
  year={2020}
}

@inproceedings{unite,
  title={Unbalanced feature transport for exemplar-based image translation},
  author={Zhan, Fangneng and et al},
  booktitle={CVPR},
  pages={15028--15038},
  year={2021}
}

@inproceedings{he2016fast,
  title={Fast matrix factorization for online recommendation with implicit feedback},
  author={He, Xiangnan and Zhang, Hanwang and Kan, Min-Yen and Chua, Tat-Seng},
  booktitle={Proceedings of the 39th International ACM SIGIR conference on Research and Development in Information Retrieval},
  pages={549--558},
  year={2016}
}

@article{sage1,
  title={Inductive representation learning on large graphs},
  author={Hamilton, Will and Ying, Zhitao and Leskovec, Jure},
  journal={Advances in neural information processing systems},
  volume={30},
  year={2017}
}

@inproceedings{punima,
  title={PU learning for matrix completion},
  author={Hsieh, Cho-Jui and Natarajan, Nagarajan and Dhillon, Inderjit},
  booktitle={International conference on machine learning},
  pages={2445--2453},
  year={2015},
  organization={PMLR}
}


@inproceedings{graphicml,
  title={Graph optimal transport for cross-domain alignment},
  author={Chen, Liqun and Gan, Zhe and Cheng, Yu and Li, Linjie and Carin, Lawrence and Liu, Jingjing},
  booktitle={International Conference on Machine Learning},
  pages={1542--1553},
  year={2020},
  organization={PMLR}
}

@article{gww1,
  title={The unbalanced Gromov Wasserstein distance: Conic formulation and relaxation},
  author={S{\'e}journ{\'e}, Thibault and Vialard, Fran{\c{c}}ois-Xavier and Peyr{\'e}, Gabriel},
  journal={Advances in Neural Information Processing Systems},
  volume={34},
  year={2021}
}

@article{gww2,
  title={Unbalanced Optimal Transport through Non-negative Penalized Linear Regression},
  author={Chapel, Laetitia and Flamary, R{\'e}mi and Wu, Haoran and F{\'e}votte, C{\'e}dric and Gasso, Gilles},
  journal={Advances in Neural Information Processing Systems},
  volume={34},
  year={2021}
}

@inproceedings{zhangjie1,
  title={Trustsvd: Collaborative filtering with both the explicit and implicit influence of user trust and of item ratings},
  author={Guo, Guibing and Zhang, Jie and Yorke-Smith, Neil},
  booktitle={Proceedings of the AAAI conference on artificial intelligence},
  volume={29},
  number={1},
  year={2015}
}


@inproceedings{jie2,
  title={Topicmf: Simultaneously exploiting ratings and reviews for recommendation},
  author={Bao, Yang and Fang, Hui and Zhang, Jie},
  booktitle={Twenty-Eighth AAAI conference on artificial intelligence},
  year={2014}
}

@inproceedings{score,
  title={A kernelized Stein discrepancy for goodness-of-fit tests},
  author={Liu, Qiang and Lee, Jason and Jordan, Michael},
  booktitle={International conference on machine learning},
  pages={276--284},
  year={2016},
  organization={PMLR}
}

%%%%%%%%%%%%

@article{memoli2014gromov,
  title={The Gromov--Wasserstein distance: A brief overview},
  author={M{\'e}moli, Facundo},
  journal={Axioms},
  volume={3},
  number={3},
  pages={335--341},
  year={2014},
  publisher={MDPI}
}

@inproceedings{peyre2016gromov,
  title={Gromov-wasserstein averaging of kernel and distance matrices},
  author={Peyr{\'e}, Gabriel and Cuturi, Marco and Solomon, Justin},
  booktitle={International conference on machine learning},
  pages={2664--2672},
  year={2016},
  organization={PMLR}
}

@inproceedings{xu2019gromov,
  title={Gromov-wasserstein learning for graph matching and node embedding},
  author={Xu, Hongteng and Luo, Dixin and Zha, Hongyuan and Duke, Lawrence Carin},
  booktitle={International conference on machine learning},
  pages={6932--6941},
  year={2019},
  organization={PMLR}
}

@inproceedings{zhang2021mining,
  title={Mining latent structures for multimedia recommendation},
  author={Zhang, Jinghao and Zhu, Yanqiao and Liu, Qiang and Wu, Shu and Wang, Shuhui and Wang, Liang},
  booktitle={Proceedings of the 29th ACM international conference on multimedia},
  pages={3872--3880},
  year={2021}
}

@inproceedings{zhou2023tale,
  title={A tale of two graphs: Freezing and denoising graph structures for multimodal recommendation},
  author={Zhou, Xin and Shen, Zhiqi},
  booktitle={Proceedings of the 31st ACM International Conference on Multimedia},
  pages={935--943},
  year={2023}
}



@inproceedings{radford2021learning,
  title={Learning transferable visual models from natural language supervision},
  author={Radford, Alec and Kim, Jong Wook and Hallacy, Chris and Ramesh, Aditya and Goh, Gabriel and Agarwal, Sandhini and Sastry, Girish and Askell, Amanda and Mishkin, Pamela and Clark, Jack and others},
  booktitle={International conference on machine learning},
  pages={8748--8763},
  year={2021},
  organization={PMLR}
}


@inproceedings{an2022efficient,
  title={Efficient optimal transport algorithm by accelerated gradient descent},
  author={An, Dongsheng and Lei, Na and Xu, Xiaoyin and Gu, Xianfeng},
  booktitle={Proceedings of the AAAI Conference on Artificial Intelligence},
  volume={36},
  number={9},
  pages={10119--10128},
  year={2022}
}

@article{nesterov2005smooth,
  title={Smooth minimization of non-smooth functions},
  author={Nesterov, Yu},
  journal={Mathematical programming},
  volume={103},
  pages={127--152},
  year={2005},
  publisher={Springer}
}

@article{gu2022keypoint,
  title={Keypoint-guided optimal transport with applications in heterogeneous domain adaptation},
  author={Gu, Xiang and Yang, Yucheng and Zeng, Wei and Sun, Jian and Xu, Zongben},
  journal={Advances in Neural Information Processing Systems},
  volume={35},
  pages={14972--14985},
  year={2022}
}

@article{courty2016optimal,
  title={Optimal transport for domain adaptation},
  author={Courty, Nicolas and Flamary, R{\'e}mi and Tuia, Devis and Rakotomamonjy, Alain},
  journal={IEEE transactions on pattern analysis and machine intelligence},
  volume={39},
  number={9},
  pages={1853--1865},
  year={2016},
  publisher={IEEE}
}

@inproceedings{yang2023multimodal,
  title={Multimodal Optimal Transport Knowledge Distillation for Cross-domain Recommendation},
  author={Yang, Wei and Yang, Jie and Liu, Yuan},
  booktitle={Proceedings of the 32nd ACM International Conference on Information and Knowledge Management},
  pages={2959--2968},
  year={2023}
}

@article{khamis2024scalable,
  title={Scalable Optimal Transport Methods in Machine Learning: A Contemporary Survey},
  author={Khamis, Abdelwahed and Tsuchida, Russell and Tarek, Mohamed and Rolland, Vivien and Petersson, Lars},
  journal={IEEE Transactions on Pattern Analysis and Machine Intelligence},
  year={2024},
  publisher={IEEE}
}

@inproceedings{li2022gromov,
  title={Gromov-wasserstein guided representation learning for cross-domain recommendation},
  author={Li, Xinhang and Qiu, Zhaopeng and Zhao, Xiangyu and Wang, Zihao and Zhang, Yong and Xing, Chunxiao and Wu, Xian},
  booktitle={Proceedings of the 31st ACM International Conference on Information \& Knowledge Management},
  pages={1199--1208},
  year={2022}
}

@inproceedings{damodaran2018deepjdot,
  title={Deepjdot: Deep joint distribution optimal transport for unsupervised domain adaptation},
  author={Damodaran, Bharath Bhushan and Kellenberger, Benjamin and Flamary, R{\'e}mi and Tuia, Devis and Courty, Nicolas},
  booktitle={Proceedings of the European conference on computer vision (ECCV)},
  pages={447--463},
  year={2018}
}

@article{nitanda2014stochastic,
  title={Stochastic proximal gradient descent with acceleration techniques},
  author={Nitanda, Atsushi},
  journal={Advances in neural information processing systems},
  volume={27},
  year={2014}
}

@article{candes2011robust,
  title={Robust principal component analysis?},
  author={Cand{\`e}s, Emmanuel J and Li, Xiaodong and Ma, Yi and Wright, John},
  journal={Journal of the ACM (JACM)},
  volume={58},
  number={3},
  pages={1--37},
  year={2011},
  publisher={ACM New York, NY, USA}
}

@article{xu2010robust,
  title={Robust PCA via outlier pursuit},
  author={Xu, Huan and Caramanis, Constantine and Sanghavi, Sujay},
  journal={Advances in neural information processing systems},
  volume={23},
  year={2010}
}

@article{beck2009fast,
  title={A fast iterative shrinkage-thresholding algorithm for linear inverse problems},
  author={Beck, Amir and Teboulle, Marc},
  journal={SIAM journal on imaging sciences},
  volume={2},
  number={1},
  pages={183--202},
  year={2009},
  publisher={SIAM}
}

@inproceedings{guo2024lgmrec,
  title={LGMRec: Local and Global Graph Learning for Multimodal Recommendation},
  author={Guo, Zhiqiang and Li, Jianjun and Li, Guohui and Wang, Chaoyang and Shi, Si and Ruan, Bin},
  booktitle={Proceedings of the AAAI Conference on Artificial Intelligence},
  volume={38},
  number={8},
  pages={8454--8462},
  year={2024}
}

@inproceedings{he2016vbpr,
  title={VBPR: visual bayesian personalized ranking from implicit feedback},
  author={He, Ruining and McAuley, Julian},
  booktitle={Proceedings of the AAAI conference on artificial intelligence},
  volume={30},
  number={1},
  year={2016}
}

@article{zhang2019deep,
  title={Deep learning based recommender system: A survey and new perspectives},
  author={Zhang, Shuai and Yao, Lina and Sun, Aixin and Tay, Yi},
  journal={ACM computing surveys (CSUR)},
  volume={52},
  number={1},
  pages={1--38},
  year={2019},
  publisher={ACM New York, NY, USA}
}

@inproceedings{wei2019mmgcn,
  title={MMGCN: Multi-modal graph convolution network for personalized recommendation of micro-video},
  author={Wei, Yinwei and Wang, Xiang and Nie, Liqiang and He, Xiangnan and Hong, Richang and Chua, Tat-Seng},
  booktitle={Proceedings of the 27th ACM international conference on multimedia},
  pages={1437--1445},
  year={2019}
}

@article{jang2016categorical,
  title={Categorical reparameterization with gumbel-softmax},
  author={Jang, Eric and Gu, Shixiang and Poole, Ben},
  journal={arXiv preprint arXiv:1611.01144},
  year={2016}
}

@inproceedings{herrmann2020channel,
  title={Channel selection using gumbel softmax},
  author={Herrmann, Charles and Bowen, Richard Strong and Zabih, Ramin},
  booktitle={European conference on computer vision},
  pages={241--257},
  year={2020},
  organization={Springer}
}

@article{shen2021variational,
  title={Variational multi-task learning with gumbel-softmax priors},
  author={Shen, Jiayi and Zhen, Xiantong and Worring, Marcel and Shao, Ling},
  journal={Advances in Neural Information Processing Systems},
  volume={34},
  pages={21031--21042},
  year={2021}
}


@article{zang2022survey,
  title={A survey on cross-domain recommendation: taxonomies, methods, and future directions},
  author={Zang, Tianzi and Zhu, Yanmin and Liu, Haobing and Zhang, Ruohan and Yu, Jiadi},
  journal={ACM Transactions on Information Systems},
  volume={41},
  number={2},
  pages={1--39},
  year={2022},
  publisher={ACM New York, NY}
}

@article{khan2017cross,
  title={Cross domain recommender systems: A systematic literature review},
  author={Khan, Muhammad Murad and Ibrahim, Roliana and Ghani, Imran},
  journal={ACM Computing Surveys (CSUR)},
  volume={50},
  number={3},
  pages={1--34},
  year={2017},
  publisher={ACM New York, NY, USA}
}


@article{chen2024survey,
  title={A Survey on Cross-Domain Sequential Recommendation},
  author={Chen, Shu and Xu, Zitao and Pan, Weike and Yang, Qiang and Ming, Zhong},
  journal={arXiv preprint arXiv:2401.04971},
  year={2024}
}

@inproceedings{liu2020exploiting,
  title={Exploiting aesthetic preference in deep cross networks for cross-domain recommendation},
  author={Liu, Jian and Zhao, Pengpeng and Zhuang, Fuzhen and Liu, Yanchi and Sheng, Victor S and Xu, Jiajie and Zhou, Xiaofang and Xiong, Hui},
  booktitle={Proceedings of The Web Conference 2020},
  pages={2768--2774},
  year={2020}
}

@inproceedings{cao2022disencdr,
  title={Disencdr: Learning disentangled representations for cross-domain recommendation},
  author={Cao, Jiangxia and Lin, Xixun and Cong, Xin and Ya, Jing and Liu, Tingwen and Wang, Bin},
  booktitle={Proceedings of the 45th International ACM SIGIR conference on research and development in information retrieval},
  pages={267--277},
  year={2022}
}

@inproceedings{lu2023contrastive,
  title={A Contrastive Learning Framework for Dual-Target Cross-Domain Recommendation},
  author={Lu, Jinhu and Sun, Guohao and Fang, Xiu and Yang, Jian and He, Wei},
  booktitle={Proceedings of the 31st ACM International Conference on Multimedia},
  pages={6332--6339},
  year={2023}
}

@article{duration,
  title={Deep Unified Representation for Heterogeneous Recommendation},
  author={Lu, Chengqiang and Yin, Mingyang and Shen, Shuheng and Ji, Luo and Liu, Qi and Yang, Hongxia},
  journal={WWW},
  year={2022}
}

@inproceedings{zhou2023bootstrap,
  title={Bootstrap latent representations for multi-modal recommendation},
  author={Zhou, Xin and Zhou, Hongyu and Liu, Yong and Zeng, Zhiwei and Miao, Chunyan and Wang, Pengwei and You, Yuan and Jiang, Feijun},
  booktitle={Proceedings of the ACM Web Conference 2023},
  pages={845--854},
  year={2023}
}

@inproceedings{zhu2024multimodal,
  title={Multimodal Pretraining and Generation for Recommendation: A Tutorial},
  author={Zhu, Jieming and Zhou, Xin and Wu, Chuhan and Zhang, Rui and Dong, Zhenhua},
  booktitle={Companion Proceedings of the ACM on Web Conference 2024},
  pages={1272--1275},
  year={2024}
}

@inproceedings{zhong2024mirror,
  title={Mirror Gradient: Towards Robust Multimodal Recommender Systems via Exploring Flat Local Minima},
  author={Zhong, Shanshan and Huang, Zhongzhan and Li, Daifeng and Wen, Wushao and Qin, Jinghui and Lin, Liang},
  booktitle={Proceedings of the ACM on Web Conference 2024},
  pages={3700--3711},
  year={2024}
}

@article{liu2023multimodal,
  title={Multimodal recommender systems: A survey},
  author={Liu, Qidong and Hu, Jiaxi and Xiao, Yutian and Zhao, Xiangyu and Gao, Jingtong and Wang, Wanyu and Li, Qing and Tang, Jiliang},
  journal={ACM Computing Surveys},
  year={2023},
  publisher={ACM New York, NY}
}


@inproceedings{luo2023mot,
  title={Mot: Masked optimal transport for partial domain adaptation},
  author={Luo, You-Wei and Ren, Chuan-Xian},
  booktitle={2023 IEEE/CVF Conference on Computer Vision and Pattern Recognition (CVPR)},
  pages={3531--3540},
  year={2023},
  organization={IEEE}
}

@inproceedings{han2024learning,
  title={Learning to Rematch Mismatched Pairs for Robust Cross-Modal Retrieval},
  author={Han, Haochen and Zheng, Qinghua and Dai, Guang and Luo, Minnan and Wang, Jingdong},
  booktitle={Proceedings of the IEEE/CVF Conference on Computer Vision and Pattern Recognition},
  pages={26679--26688},
  year={2024}
}

@inproceedings{mu2022learning,
  title={Learning hybrid behavior patterns for multimedia recommendation},
  author={Mu, Zongshen and Zhuang, Yueting and Tan, Jie and Xiao, Jun and Tang, Siliang},
  booktitle={Proceedings of the 30th ACM International Conference on Multimedia},
  pages={376--384},
  year={2022}
}


@inproceedings{zhang2021learning,
  title={Learning personalized itemset mapping for cross-domain recommendation},
  author={Zhang, Yinan and Liu, Yong and Han, Peng and Miao, Chunyan and Cui, Lizhen and Li, Baoli and Tang, Haihong},
  booktitle={IJCAI},
  pages={2561--2567},
  year={2021}
}

@inproceedings{cao2022cross,
  title={Cross-domain recommendation to cold-start users via variational information bottleneck},
  author={Cao, Jiangxia and Sheng, Jiawei and Cong, Xin and Liu, Tingwen and Wang, Bin},
  booktitle={2022 IEEE 38th International Conference on Data Engineering (ICDE)},
  pages={2209--2223},
  year={2022},
  organization={IEEE}
}

@inproceedings{choi2022based,
  title={Review-Based Domain Disentanglement without Duplicate Users or Contexts for Cross-Domain Recommendation},
  author={Choi, Yoonhyuk and Choi, Jiho and Ko, Taewook and Byun, Hyungho and Kim, Chong-Kwon},
  booktitle={Proceedings of the 31st ACM International Conference on Information \& Knowledge Management},
  pages={293--303},
  year={2022}
}

@article{wang2021dualgnn,
  title={Dualgnn: Dual graph neural network for multimedia recommendation},
  author={Wang, Qifan and Wei, Yinwei and Yin, Jianhua and Wu, Jianlong and Song, Xuemeng and Nie, Liqiang},
  journal={IEEE Transactions on Multimedia},
  volume={25},
  pages={1074--1084},
  year={2021},
  publisher={IEEE}
}

@inproceedings{wang2022towards,
  title={Towards representation alignment and uniformity in collaborative filtering},
  author={Wang, Chenyang and Yu, Yuanqing and Ma, Weizhi and Zhang, Min and Chen, Chong and Liu, Yiqun and Ma, Shaoping},
  booktitle={Proceedings of the 28th ACM SIGKDD conference on knowledge discovery and data mining},
  pages={1816--1825},
  year={2022}
}

@inproceedings{li2024aiming,
  title={Aiming at the Target: Filter Collaborative Information for Cross-Domain Recommendation},
  author={Li, Hanyu and Ma, Weizhi and Sun, Peijie and Li, Jiayu and Yin, Cunxiang and He, Yancheng and Xu, Guoqiang and Zhang, Min and Ma, Shaoping},
  booktitle={Proceedings of the 47th International ACM SIGIR Conference on Research and Development in Information Retrieval},
  pages={2081--2090},
  year={2024}
}

@inproceedings{zhao2023cross,
  title={Cross-domain recommendation via user interest alignment},
  author={Zhao, Chuang and Zhao, Hongke and He, Ming and Zhang, Jian and Fan, Jianping},
  booktitle={Proceedings of the ACM Web Conference 2023},
  pages={887--896},
  year={2023}
}

@inproceedings{xu2020reliable,
  title={Reliable weighted optimal transport for unsupervised domain adaptation},
  author={Xu, Renjun and Liu, Pelen and Wang, Liyan and Chen, Chao and Wang, Jindong},
  booktitle={Proceedings of the IEEE/CVF conference on computer vision and pattern recognition},
  pages={4394--4403},
  year={2020}
}

@inproceedings{xu2020joint,
  title={Joint Partial Optimal Transport for Open Set Domain Adaptation.},
  author={Xu, Renjun and Liu, Pelen and Zhang, Yin and Cai, Fang and Wang, Jindong and Liang, Shuoying and Ying, Heting and Yin, Jianwei},
  booktitle={IJCAI},
  pages={2540--2546},
  year={2020}
}

@article{zhang2022survey,
  title={A survey on negative transfer},
  author={Zhang, Wen and Deng, Lingfei and Zhang, Lei and Wu, Dongrui},
  journal={IEEE/CAA Journal of Automatica Sinica},
  volume={10},
  number={2},
  pages={305--329},
  year={2022},
  publisher={IEEE}
}

@inproceedings{du2024identifiability,
  title={Identifiability of Cross-Domain Recommendation via Causal Subspace Disentanglement},
  author={Du, Jing and Ye, Zesheng and Guo, Bin and Yu, Zhiwen and Yao, Lina},
  booktitle={Proceedings of the 47th International ACM SIGIR Conference on Research and Development in Information Retrieval},
  pages={2091--2101},
  year={2024}
}


@inproceedings{du2024identifiability,
  title={Identifiability of Cross-Domain Recommendation via Causal Subspace Disentanglement},
  author={Du, Jing and Ye, Zesheng and Guo, Bin and Yu, Zhiwen and Yao, Lina},
  booktitle={Proceedings of the 47th International ACM SIGIR Conference on Research and Development in Information Retrieval},
  pages={2091--2101},
  year={2024}
}

@inproceedings{yu2021self,
  title={Self-supervised multi-channel hypergraph convolutional network for social recommendation},
  author={Yu, Junliang and Yin, Hongzhi and Li, Jundong and Wang, Qinyong and Hung, Nguyen Quoc Viet and Zhang, Xiangliang},
  booktitle={Proceedings of the web conference 2021},
  pages={413--424},
  year={2021}
}


@inproceedings{xia2021self,
  title={Self-supervised hypergraph convolutional networks for session-based recommendation},
  author={Xia, Xin and Yin, Hongzhi and Yu, Junliang and Wang, Qinyong and Cui, Lizhen and Zhang, Xiangliang},
  booktitle={Proceedings of the AAAI conference on artificial intelligence},
  volume={35},
  number={5},
  pages={4503--4511},
  year={2021}
}

@article{xu2019scalable,
  title={Scalable Gromov-Wasserstein learning for graph partitioning and matching},
  author={Xu, Hongteng and Luo, Dixin and Carin, Lawrence},
  journal={Advances in neural information processing systems},
  volume={32},
  year={2019}
}

@inproceedings{gong2022gromov,
  title={Gromov-Wasserstein multi-modal alignment and clustering},
  author={Gong, Fengjiao and Nie, Yuzhou and Xu, Hongteng},
  booktitle={Proceedings of the 31st ACM International Conference on Information \& Knowledge Management},
  pages={603--613},
  year={2022}
}

@inproceedings{xu2020gromov,
  title={Gromov-Wasserstein factorization models for graph clustering},
  author={Xu, Hongtengl},
  booktitle={Proceedings of the AAAI conference on artificial intelligence},
  volume={34},
  number={04},
  pages={6478--6485},
  year={2020}
}


@inproceedings{wei2020graph,
  title={Graph-refined convolutional network for multimedia recommendation with implicit feedback},
  author={Wei, Yinwei and Wang, Xiang and Nie, Liqiang and He, Xiangnan and Chua, Tat-Seng},
  booktitle={Proceedings of the 28th ACM international conference on multimedia},
  pages={3541--3549},
  year={2020}
}

@inproceedings{xu2024rethinking,
  title={Rethinking cross-domain sequential recommendation under open-world assumptions},
  author={Xu, Wujiang and Wu, Qitian and Wang, Runzhong and Ha, Mingming and Ma, Qiongxu and Chen, Linxun and Han, Bing and Yan, Junchi},
  booktitle={Proceedings of the ACM on Web Conference 2024},
  pages={3173--3184},
  year={2024}
}


@inproceedings{sscdr,
  title={Semi-supervised learning for cross-domain recommendation to cold-start users},
  author={Kang, SeongKu and Hwang, Junyoung and Lee, Dongha and Yu, Hwanjo},
  booktitle={Proceedings of the 28th ACM International Conference on Information and Knowledge Management},
  pages={1563--1572},
  year={2019}
}

@inproceedings{he2016vbpr,
  title={VBPR: visual bayesian personalized ranking from implicit feedback},
  author={He, Ruining and McAuley, Julian},
  booktitle={Proceedings of the AAAI conference on artificial intelligence},
  volume={30},
  number={1},
  year={2016}
}

@article{tao2022self,
  title={Self-supervised learning for multimedia recommendation},
  author={Tao, Zhulin and Liu, Xiaohao and Xia, Yewei and Wang, Xiang and Yang, Lifang and Huang, Xianglin and Chua, Tat-Seng},
  journal={IEEE Transactions on Multimedia},
  volume={25},
  pages={5107--5116},
  year={2022},
  publisher={IEEE}
}

@inproceedings{lv2024intelligent,
  title={Intelligent model update strategy for sequential recommendation},
  author={Lv, Zheqi and Zhang, Wenqiao and Chen, Zhengyu and Zhang, Shengyu and Kuang, Kun},
  booktitle={Proceedings of the ACM on Web Conference 2024},
  pages={3117--3128},
  year={2024}
}

@inproceedings{lv2024semantic,
  title={Semantic Codebook Learning for Dynamic Recommendation Models},
  author={Lv, Zheqi and He, Shaoxuan and Zhan, Tianyu and Zhang, Shengyu and Zhang, Wenqiao and Chen, Jingyuan and Zhao, Zhou and Wu, Fei},
  booktitle={Proceedings of the 32nd ACM International Conference on Multimedia},
  pages={9611--9620},
  year={2024}
}

@article{lv2025collaboration,
  title={Collaboration of Large Language Models and Small Recommendation Models for Device-Cloud Recommendation},
  author={Lv, Zheqi and Zhan, Tianyu and Wang, Wenjie and Lin, Xinyu and Zhang, Shengyu and Zhang, Wenqiao and Li, Jiwei and Kuang, Kun and Wu, Fei},
  journal={arXiv preprint arXiv:2501.05647},
  year={2025}
}

@inproceedings{lv2023duet,
  title={DUET: A Tuning-Free Device-Cloud Collaborative Parameters Generation Framework for Efficient Device Model Generalization},
  author={Lv, Zheqi and Zhang, Wenqiao and Zhang, Shengyu and Kuang, Kun and Wang, Feng and Wang, Yongwei and Chen, Zhengyu and Shen, Tao and Yang, Hongxia and Ooi, Beng Chin and others},
  booktitle={Proceedings of the ACM Web Conference 2023},
  pages={3077--3085},
  year={2023}
}

@inproceedings{liureducing,
  title={Reducing Item Discrepancy via Differentially Private Robust Embedding Alignment for Privacy-Preserving Cross Domain Recommendation},
  author={Liu, Weiming and Zheng, Xiaolin and Chen, Chaochao and Xu, Jiahe and Liao, Xinting and Wang, Fan and Tan, Yanchao and Ong, Yew-Soon},
  booktitle={Forty-first International Conference on Machine Learning},
  year={2024}
}

@misc{mathews2004numerical,
  title={Numerical Methods Using Matlab},
  author={Mathews, JH},
  year={2004},
  publisher={Prentice-Hall Inc}
}


@inproceedings{liu2024learning,
  title={Learning Accurate and Bidirectional Transformation via Dynamic Embedding Transportation for Cross-Domain Recommendation},
  author={Liu, Weiming and Chen, Chaochao and Liao, Xinting and Hu, Mengling and Tan, Yanchao and Wang, Fan and Zheng, Xiaolin and Ong, Yew Soon},
  booktitle={Proceedings of the AAAI Conference on Artificial Intelligence},
  volume={38},
  number={8},
  pages={8815--8823},
  year={2024}
}

@inproceedings{liu2023federated,
  title={Federated Probabilistic Preference Distribution Modelling with Compactness Co-Clustering for Privacy-Preserving Multi-Domain Recommendation.},
  author={Liu, Weiming and Chen, Chaochao and Liao, Xinting and Hu, Mengling and Yin, Jianwei and Tan, Yanchao and Zheng, Longfei},
  booktitle={IJCAI},
  pages={2206--2214},
  year={2023}
}

@inproceedings{liu2024user,
  title={User Distribution Mapping Modelling with Collaborative Filtering for Cross Domain Recommendation},
  author={Liu, Weiming and Chen, Chaochao and Liao, Xinting and Hu, Mengling and Su, Jiajie and Tan, Yanchao and Wang, Fan},
  booktitle={Proceedings of the ACM on Web Conference 2024},
  pages={334--343},
  year={2024}
}

@inproceedings{liu2023joint,
  title={Joint internal multi-interest exploration and external domain alignment for cross domain sequential recommendation},
  author={Liu, Weiming and Zheng, Xiaolin and Chen, Chaochao and Su, Jiajie and Liao, Xinting and Hu, Mengling and Tan, Yanchao},
  booktitle={Proceedings of the ACM Web Conference 2023},
  pages={383--394},
  year={2023}
}

@article{gu2022keypoint,
  title={Keypoint-guided optimal transport with applications in heterogeneous domain adaptation},
  author={Gu, Xiang and Yang, Yucheng and Zeng, Wei and Sun, Jian and Xu, Zongben},
  journal={Advances in Neural Information Processing Systems},
  volume={35},
  pages={14972--14985},
  year={2022}
}

