% Use this file for citations not found in the ACL Anthology (contained in "anthology.bib").
@inproceedings{holtzman2020curious,
  title={The Curious Case of Neural Text Degeneration},
  author={Holtzman, Ari and Buys, Jan and Du, Li and Forbes, Maxwell and Choi, Yejin},
  booktitle={International Conference on Learning Representations},
  year={2020}
}

@article{chu2024improving,
  title={Improving and Assessing the Fidelity of Large Language Models Alignment to Online Communities},
  author={Chu, Minh Duc and He, Zihao and Dorn, Rebecca and Lerman, Kristina},
  journal={arXiv preprint arXiv:2408.09366},
  year={2024}
}

@article{xie2023survey,
  title={A survey for biomedical text summarization: From pre-trained to large language models},
  author={Xie, Qianqian and Luo, Zheheng and Wang, Benyou and Ananiadou, Sophia},
  journal={arXiv preprint arXiv:2304.08763},
  year={2023}
}

@article{guha2024legalbench,
  title={Legalbench: A collaboratively built benchmark for measuring legal reasoning in large language models},
  author={Guha, Neel and Nyarko, Julian and Ho, Daniel and R{\'e}, Christopher and Chilton, Adam and Chohlas-Wood, Alex and Peters, Austin and Waldon, Brandon and Rockmore, Daniel and Zambrano, Diego and others},
  journal={Advances in Neural Information Processing Systems},
  volume={36},
  year={2024}
}


@article{moor2023foundation,
  title={Foundation models for generalist medical artificial intelligence},
  author={Moor, Michael and Banerjee, Oishi and Abad, Zahra Shakeri Hossein and Krumholz, Harlan M and Leskovec, Jure and Topol, Eric J and Rajpurkar, Pranav},
  journal={Nature},
  volume={616},
  number={7956},
  pages={259--265},
  year={2023},
  publisher={Nature Publishing Group UK London}
}


@article{bang2023multitask,
  title={A multitask, multilingual, multimodal evaluation of chatgpt on reasoning, hallucination, and interactivity},
  author={Bang, Yejin and Cahyawijaya, Samuel and Lee, Nayeon and Dai, Wenliang and Su, Dan and Wilie, Bryan and Lovenia, Holy and Ji, Ziwei and Yu, Tiezheng and Chung, Willy and others},
  journal={arXiv preprint arXiv:2302.04023},
  year={2023}
}

@article{ji2023survey,
  title={Survey of hallucination in natural language generation},
  author={Ji, Ziwei and Lee, Nayeon and Frieske, Rita and Yu, Tiezheng and Su, Dan and Xu, Yan and Ishii, Etsuko and Bang, Ye Jin and Madotto, Andrea and Fung, Pascale},
  journal={ACM Computing Surveys},
  volume={55},
  number={12},
  pages={1--38},
  year={2023},
  publisher={ACM New York, NY}
}

@article{raffel2020exploring,
  title={Exploring the limits of transfer learning with a unified text-to-text transformer},
  author={Raffel, Colin and Shazeer, Noam and Roberts, Adam and Lee, Katherine and Narang, Sharan and Matena, Michael and Zhou, Yanqi and Li, Wei and Liu, Peter J},
  journal={Journal of machine learning research},
  volume={21},
  number={140},
  pages={1--67},
  year={2020}
}


@inproceedings{zhang2020pegasus,
  title={Pegasus: Pre-training with extracted gap-sentences for abstractive summarization},
  author={Zhang, Jingqing and Zhao, Yao and Saleh, Mohammad and Liu, Peter},
  booktitle={International conference on machine learning},
  pages={11328--11339},
  year={2020},
  organization={PMLR}
}


@article{chowdhery2023palm,
  title={Palm: Scaling language modeling with pathways},
  author={Chowdhery, Aakanksha and Narang, Sharan and Devlin, Jacob and Bosma, Maarten and Mishra, Gaurav and Roberts, Adam and Barham, Paul and Chung, Hyung Won and Sutton, Charles and Gehrmann, Sebastian and others},
  journal={Journal of Machine Learning Research},
  volume={24},
  number={240},
  pages={1--113},
  year={2023}
}

@article{brown2020language,
  title={Language models are few-shot learners},
  author={Brown, Tom and Mann, Benjamin and Ryder, Nick and Subbiah, Melanie and Kaplan, Jared D and Dhariwal, Prafulla and Neelakantan, Arvind and Shyam, Pranav and Sastry, Girish and Askell, Amanda and others},
  journal={Advances in neural information processing systems},
  volume={33},
  pages={1877--1901},
  year={2020}
}


@article{vaswani2017attention,
  title={Attention is all you need},
  author={Vaswani, A},
  journal={Advances in Neural Information Processing Systems},
  year={2017}
}


@inproceedings{gu2024minillm,
  title={MiniLLM: Knowledge distillation of large language models},
  author={Gu, Yuxian and Dong, Li and Wei, Furu and Huang, Minlie},
  booktitle={The Twelfth International Conference on Learning Representations},
  year={2024}
}

@article{bai2023qwen,
  title={Qwen technical report},
  author={Bai, Jinze and Bai, Shuai and Chu, Yunfei and Cui, Zeyu and Dang, Kai and Deng, Xiaodong and Fan, Yang and Ge, Wenbin and Han, Yu and Huang, Fei and others},
  journal={arXiv preprint arXiv:2309.16609},
  year={2023}
}


@article{dubey2024llama,
  title={The llama 3 herd of models},
  author={Dubey, Abhimanyu and Jauhri, Abhinav and Pandey, Abhinav and Kadian, Abhishek and Al-Dahle, Ahmad and Letman, Aiesha and Mathur, Akhil and Schelten, Alan and Yang, Amy and Fan, Angela and others},
  journal={arXiv preprint arXiv:2407.21783},
  year={2024}
}

@article{hinton2015distilling,
  title={Distilling the Knowledge in a Neural Network},
  author={Hinton, Geoffrey},
  journal={arXiv preprint arXiv:1503.02531},
  year={2015}
}


@inproceedings{guo2017calibration,
  title={On calibration of modern neural networks},
  author={Guo, Chuan and Pleiss, Geoff and Sun, Yu and Weinberger, Kilian Q},
  booktitle={International conference on machine learning},
  pages={1321--1330},
  year={2017},
  organization={PMLR}
}


@article{radford2019language,
  title={Language models are unsupervised multitask learners},
  author={Radford, Alec and Wu, Jeffrey and Child, Rewon and Luan, David and Amodei, Dario and Sutskever, Ilya and others},
  journal={OpenAI blog},
  volume={1},
  number={8},
  pages={9},
  year={2019}
}

@article{chen2022towards,
  title={Towards improving faithfulness in abstractive summarization},
  author={Chen, Xiuying and Li, Mingzhe and Gao, Xin and Zhang, Xiangliang},
  journal={Advances in Neural Information Processing Systems},
  volume={35},
  pages={24516--24528},
  year={2022}
}


@inproceedings{miao2021prevent,
  title={Prevent the Language Model from being Overconfident in Neural Machine Translation},
  author={Miao, Mengqi and Meng, Fandong and Liu, Yijin and Zhou, Xiao-Hua and Zhou, Jie},
  booktitle={Proceedings of the 59th Annual Meeting of the Association for Computational Linguistics and the 11th International Joint Conference on Natural Language Processing (Volume 1: Long Papers)},
  pages={3456--3468},
  year={2021}
}


@inproceedings{transformer,
 author = {Vaswani, Ashish and Shazeer, Noam and Parmar, Niki and Uszkoreit, Jakob and Jones, Llion and Gomez, Aidan N and Kaiser, \L ukasz and Polosukhin, Illia},
 booktitle = {Advances in Neural Information Processing Systems},
 editor = {I. Guyon and U. Von Luxburg and S. Bengio and H. Wallach and R. Fergus and S. Vishwanathan and R. Garnett},
 pages = {},
 publisher = {Curran Associates, Inc.},
 title = {Attention is All you Need},
 url = {https://proceedings.neurips.cc/paper_files/paper/2017/file/3f5ee243547dee91fbd053c1c4a845aa-Paper.pdf},
 volume = {30},
 year = {2017}
}

@article{ChatGPT,
title = {ChatGPT: A comprehensive review on background, applications, key challenges, bias, ethics, limitations and future scope},
journal = {Internet of Things and Cyber-Physical Systems},
volume = {3},
pages = {121-154},
year = {2023},
issn = {2667-3452},
doi = {https://doi.org/10.1016/j.iotcps.2023.04.003},
url = {https://www.sciencedirect.com/science/article/pii/S266734522300024X},
author = {Partha Pratim Ray},
keywords = {ChatGPT, Language model, GPT-3.5, Generative AI, Conversational AI, Context understanding, Natural language processing},

}

@article{Hal_surv,
   title={Survey of Hallucination in Natural Language Generation},
   volume={55},
   ISSN={1557-7341},
   url={http://dx.doi.org/10.1145/3571730},
   DOI={10.1145/3571730},
   number={12},
   journal={ACM Computing Surveys},
   publisher={Association for Computing Machinery (ACM)},
   author={Ji, Ziwei and Lee, Nayeon and Frieske, Rita and Yu, Tiezheng and Su, Dan and Xu, Yan and Ishii, Etsuko and Bang, Ye Jin and Madotto, Andrea and Fung, Pascale},
   year={2023},
   month=mar, pages={1â€“38} 
}

@misc{label_summ,
      title={Label Smoothing Improves Neural Source Code Summarization}, 
      author={Sakib Haque and Aakash Bansal and Collin McMillan},
      year={2023},
      eprint={2303.16178},
      archivePrefix={arXiv},
      primaryClass={cs.SE}
}

@inproceedings{labsmooth_nmt,
    title = "Towards a Better Understanding of Label Smoothing in Neural Machine Translation",
    author = "Gao, Yingbo  and
      Wang, Weiyue  and
      Herold, Christian  and
      Yang, Zijian  and
      Ney, Hermann",
    editor = "Wong, Kam-Fai  and
      Knight, Kevin  and
      Wu, Hua",
    booktitle = "Proceedings of the 1st Conference of the Asia-Pacific Chapter of the Association for Computational Linguistics and the 10th International Joint Conference on Natural Language Processing",
    month = dec,
    year = "2020",
    address = "Suzhou, China",
    publisher = "Association for Computational Linguistics",
    url = "https://aclanthology.org/2020.aacl-main.25",
    pages = "212--223",

}

@article{crosstok,
  author       = {Nicolas Boizard and
                  Kevin El Haddad and
                  C{\'{e}}line Hudelot and
                  Pierre Colombo},
  title        = {Towards Cross-Tokenizer Distillation: the Universal Logit Distillation
                  Loss for LLMs},
  journal      = {CoRR},
  volume       = {abs/2402.12030},
  year         = {2024},
  url          = {https://doi.org/10.48550/arXiv.2402.12030},
  doi          = {10.48550/ARXIV.2402.12030},
  eprinttype    = {arXiv},
  eprint       = {2402.12030},
  timestamp    = {Thu, 21 Mar 2024 00:00:00 +0100},
  biburl       = {https://dblp.org/rec/journals/corr/abs-2402-12030.bib},
  bibsource    = {dblp computer science bibliography, https://dblp.org}
}

@article{kim2016sequence,
  title={Sequence-level knowledge distillation},
  author={Kim, Yoon and Rush, Alexander M},
  journal={arXiv preprint arXiv:1606.07947},
  year={2016}
}

@inproceedings{talmor-etal-2019-commonsenseqa,
    title = "{C}ommonsense{QA}: A Question Answering Challenge Targeting Commonsense Knowledge",
    author = "Talmor, Alon  and
      Herzig, Jonathan  and
      Lourie, Nicholas  and
      Berant, Jonathan",
    booktitle = "Proceedings of the 2019 Conference of the North {A}merican Chapter of the Association for Computational Linguistics: Human Language Technologies, Volume 1 (Long and Short Papers)",
    month = jun,
    year = "2019",
    address = "Minneapolis, Minnesota",
    publisher = "Association for Computational Linguistics",
    url = "https://aclanthology.org/N19-1421",
    doi = "10.18653/v1/N19-1421",
    pages = "4149--4158",
    archivePrefix = "arXiv",
    eprint        = "1811.00937",
    primaryClass  = "cs",
}

@inproceedings{jin2019pubmedqa,
  title={PubMedQA: A Dataset for Biomedical Research Question Answering},
  author={Jin, Qiao and Dhingra, Bhuwan and Liu, Zhengping and Cohen, William and Lu, Xinghua},
  booktitle={Proceedings of the 2019 Conference on Empirical Methods in Natural Language Processing and the 9th International Joint Conference on Natural Language Processing (EMNLP-IJCNLP)},
  pages={2567--2577},
  year={2019}
}

@inproceedings{chen-etal-2021-dialogsum,
    title = "{D}ialog{S}um: {A} Real-Life Scenario Dialogue Summarization Dataset",
    author = "Chen, Yulong  and
      Liu, Yang  and
      Chen, Liang  and
      Zhang, Yue",
    booktitle = "Findings of the Association for Computational Linguistics: ACL-IJCNLP 2021",
    month = aug,
    year = "2021",
    address = "Online",
    publisher = "Association for Computational Linguistics",
    url = "https://aclanthology.org/2021.findings-acl.449",
    doi = "10.18653/v1/2021.findings-acl.449",
    pages = "5062--5074",
}

@inproceedings{see-etal-2017-get,
    title = "Get To The Point: Summarization with Pointer-Generator Networks",
    author = "See, Abigail  and
      Liu, Peter J.  and
      Manning, Christopher D.",
    booktitle = "Proceedings of the 55th Annual Meeting of the Association for Computational Linguistics (Volume 1: Long Papers)",
    month = jul,
    year = "2017",
    address = "Vancouver, Canada",
    publisher = "Association for Computational Linguistics",
    url = "https://www.aclweb.org/anthology/P17-1099",
    doi = "10.18653/v1/P17-1099",
    pages = "1073--1083",

}

@article{muennighoff2022crosslingual,
  title={Crosslingual generalization through multitask finetuning},
  author={Muennighoff, Niklas and Wang, Thomas and Sutawika, Lintang and Roberts, Adam and Biderman, Stella and Scao, Teven Le and Bari, M Saiful and Shen, Sheng and Yong, Zheng-Xin and Schoelkopf, Hailey and others},
  journal={arXiv preprint arXiv:2211.01786},
  year={2022}
}

@misc{zhang2022opt,
      title={OPT: Open Pre-trained Transformer Language Models}, 
      author={Susan Zhang and Stephen Roller and Naman Goyal and Mikel Artetxe and Moya Chen and Shuohui Chen and Christopher Dewan and Mona Diab and Xian Li and Xi Victoria Lin and Todor Mihaylov and Myle Ott and Sam Shleifer and Kurt Shuster and Daniel Simig and Punit Singh Koura and Anjali Sridhar and Tianlu Wang and Luke Zettlemoyer},
      year={2022},
      eprint={2205.01068},
      archivePrefix={arXiv},
      primaryClass={cs.CL}
}

@misc{touvron2023llama,
      title={Llama 2: Open Foundation and Fine-Tuned Chat Models}, 
      author={Hugo Touvron and Louis Martin and Kevin Stone and Peter Albert and Amjad Almahairi and Yasmine Babaei and Nikolay Bashlykov and Soumya Batra and Prajjwal Bhargava and Shruti Bhosale and Dan Bikel and Lukas Blecher and Cristian Canton Ferrer and Moya Chen and Guillem Cucurull and David Esiobu and Jude Fernandes and Jeremy Fu and Wenyin Fu and Brian Fuller and Cynthia Gao and Vedanuj Goswami and Naman Goyal and Anthony Hartshorn and Saghar Hosseini and Rui Hou and Hakan Inan and Marcin Kardas and Viktor Kerkez and Madian Khabsa and Isabel Kloumann and Artem Korenev and Punit Singh Koura and Marie-Anne Lachaux and Thibaut Lavril and Jenya Lee and Diana Liskovich and Yinghai Lu and Yuning Mao and Xavier Martinet and Todor Mihaylov and Pushkar Mishra and Igor Molybog and Yixin Nie and Andrew Poulton and Jeremy Reizenstein and Rashi Rungta and Kalyan Saladi and Alan Schelten and Ruan Silva and Eric Michael Smith and Ranjan Subramanian and Xiaoqing Ellen Tan and Binh Tang and Ross Taylor and Adina Williams and Jian Xiang Kuan and Puxin Xu and Zheng Yan and Iliyan Zarov and Yuchen Zhang and Angela Fan and Melanie Kambadur and Sharan Narang and Aurelien Rodriguez and Robert Stojnic and Sergey Edunov and Thomas Scialom},
      year={2023},
      eprint={2307.09288},
      archivePrefix={arXiv},
      primaryClass={cs.CL}
}

@misc{jiang2023mistral,
      title={Mistral 7B}, 
      author={Albert Q. Jiang and Alexandre Sablayrolles and Arthur Mensch and Chris Bamford and Devendra Singh Chaplot and Diego de las Casas and Florian Bressand and Gianna Lengyel and Guillaume Lample and Lucile Saulnier and LÃ©lio Renard Lavaud and Marie-Anne Lachaux and Pierre Stock and Teven Le Scao and Thibaut Lavril and Thomas Wang and TimothÃ©e Lacroix and William El Sayed},
      year={2023},
      eprint={2310.06825},
      archivePrefix={arXiv},
      primaryClass={cs.CL}
}

@inproceedings{biderman2023pythia,
  title={Pythia: A suite for analyzing large language models across training and scaling},
  author={Biderman, Stella and Schoelkopf, Hailey and Anthony, Quentin Gregory and Bradley, Herbie and Oâ€™Brien, Kyle and Hallahan, Eric and Khan, Mohammad Aflah and Purohit, Shivanshu and Prashanth, USVSN Sai and Raff, Edward and others},
  booktitle={International Conference on Machine Learning},
  pages={2397--2430},
  year={2023},
  organization={PMLR}
}

@inproceedings{lin2022truthfulqa,
  title={TruthfulQA: Measuring How Models Mimic Human Falsehoods},
  author={Lin, Stephanie and Hilton, Jacob and Evans, Owain},
  booktitle={Proceedings of the 60th Annual Meeting of the Association for Computational Linguistics (Volume 1: Long Papers)},
  pages={3214--3252},
  year={2022}
}

@inproceedings{yang2018hotpotqa,
  title={HotpotQA: A Dataset for Diverse, Explainable Multi-hop Question Answering},
  author={Yang, Zhilin and Qi, Peng and Zhang, Saizheng and Bengio, Yoshua and Cohen, William and Salakhutdinov, Ruslan and Manning, Christopher D},
  booktitle={Proceedings of the 2018 Conference on Empirical Methods in Natural Language Processing},
  pages={2369--2380},
  year={2018}
}

@misc{detlefsen_skafte_2022,
author = {Nicki Skafte Detlefsen and Jiri Borovec and Justus Schock and Ananya Harsh and Teddy Koker and Luca Di Liello and Daniel Stancl and Changsheng Quan and Maxim Grechkin and William Falcon},
title = {TorchMetrics - Measuring Reproducibility in PyTorch},
version = {1.2.0},
year = {2022},
publisher = {Lightning AI},
url = {https://www.pytorchlightning.ai},
code = {https://github.com/Lightning-AI/torchmetrics},
keywords = {machine learning, deep learning, artificial intelligence, metrics, pytorch},
doi = {10.21105/joss.04101},
license = {Apache-2.0}
}

@misc{dettmers2023qlora,
      title={QLoRA: Efficient Finetuning of Quantized LLMs}, 
      author={Tim Dettmers and Artidoro Pagnoni and Ari Holtzman and Luke Zettlemoyer},
      year={2023},
      eprint={2305.14314},
      archivePrefix={arXiv},
      primaryClass={cs.LG}
}
@inproceedings{lin-2004-rouge,
    title = "{ROUGE}: A Package for Automatic Evaluation of Summaries",
    author = "Lin, Chin-Yew",
    booktitle = "Text Summarization Branches Out",
    month = jul,
    year = "2004",
    address = "Barcelona, Spain",
    publisher = "Association for Computational Linguistics",
    url = "https://aclanthology.org/W04-1013",
    pages = "74--81",
}

@inproceedings{popovic2015chrf,
  title={chrF: character n-gram F-score for automatic MT evaluation},
  author={Popovi{\'c}, Maja},
  booktitle={Proceedings of the tenth workshop on statistical machine translation},
  pages={392--395},
  year={2015}
}

@article{zhang2019bertscore,
  title={Bertscore: Evaluating text generation with bert},
  author={Zhang, Tianyi and Kishore, Varsha and Wu, Felix and Weinberger, Kilian Q and Artzi, Yoav},
  journal={arXiv preprint arXiv:1904.09675},
  year={2019}
}

@inproceedings{banerjee-lavie-2005-meteor,
    title = "{METEOR}: An Automatic Metric for {MT} Evaluation with Improved Correlation with Human Judgments",
    author = "Banerjee, Satanjeev  and
      Lavie, Alon",
    editor = "Goldstein, Jade  and
      Lavie, Alon  and
      Lin, Chin-Yew  and
      Voss, Clare",
    booktitle = "Proceedings of the {ACL} Workshop on Intrinsic and Extrinsic Evaluation Measures for Machine Translation and/or Summarization",
    month = jun,
    year = "2005",
    address = "Ann Arbor, Michigan",
    publisher = "Association for Computational Linguistics",
    url = "https://aclanthology.org/W05-0909",
    pages = "65--72",
}



@inproceedings{nallapati-etal-2016-abstractive,
    title = "Abstractive Text Summarization using Sequence-to-sequence {RNN}s and Beyond",
    author = "Nallapati, Ramesh  and
      Zhou, Bowen  and
      dos Santos, Cicero  and
      GuÌ‡l{\c{c}}ehre, {\c{C}}a{\u{g}}lar  and
      Xiang, Bing",
    editor = "Riezler, Stefan  and
      Goldberg, Yoav",
    booktitle = "Proceedings of the 20th {SIGNLL} Conference on Computational Natural Language Learning",
    month = aug,
    year = "2016",
    address = "Berlin, Germany",
    publisher = "Association for Computational Linguistics",
    url = "https://aclanthology.org/K16-1028",
    doi = "10.18653/v1/K16-1028",
    pages = "280--290",
}

@article{refinedweb,
  title={The {R}efined{W}eb dataset for {F}alcon {LLM}: outperforming curated corpora with web data, and web data only},
  author={Guilherme Penedo and Quentin Malartic and Daniel Hesslow and Ruxandra Cojocaru and Alessandro Cappelli and Hamza Alobeidli and Baptiste Pannier and Ebtesam Almazrouei and Julien Launay},
  journal={arXiv preprint arXiv:2306.01116},
  eprint={2306.01116},
  eprinttype = {arXiv},
  url={https://arxiv.org/abs/2306.01116},
  year={2023}
}

@misc{huang2023survey,
      title={A Survey on Hallucination in Large Language Models: Principles, Taxonomy, Challenges, and Open Questions}, 
      author={Lei Huang and Weijiang Yu and Weitao Ma and Weihong Zhong and Zhangyin Feng and Haotian Wang and Qianglong Chen and Weihua Peng and Xiaocheng Feng and Bing Qin and Ting Liu},
      year={2023},
      eprint={2311.05232},
      archivePrefix={arXiv},
      primaryClass={cs.CL}
}

@misc{tonmoy2024comprehensive,
      title={A Comprehensive Survey of Hallucination Mitigation Techniques in Large Language Models}, 
      author={S. M Towhidul Islam Tonmoy and S M Mehedi Zaman and Vinija Jain and Anku Rani and Vipula Rawte and Aman Chadha and Amitava Das},
      year={2024},
      eprint={2401.01313},
      archivePrefix={arXiv},
      primaryClass={cs.CL}
}

@misc{hughes_vectara_2023,
title = {Vectara Hallucination Leaderboard},
author = {Hughes, Simon and Bae, Minseok and Li, Miaoran},
abstract = {A leaderboard comparing LLM performance at maintaining factual consistency when summarizing a set of facts.},
year = 2023,
month = nov,
date = {2023-11-01},
keywords = {nlp, llm, hallucination, nli, machine learning},
url = {https://github.com/vectara/hallucination-leaderboard/blob/main/README.md},
code = {https://github.com/vectara/hallucination-leaderboard},
license = {Apache-2.0}
}

@misc{vectara2023,
  author       = {Vectara},
  title        = {vectarahallucination\_evaluation\_model},
  howpublished = {\url{https://huggingface.co/vectara/hallucination_evaluation_model}},
  note         = {Accessed: 2024-11-20},
  year         = "2024",
}

@article{chuang2024lookback,
  title={Lookback lens: Detecting and mitigating contextual hallucinations in large language models using only attention maps},
  author={Chuang, Yung-Sung and Qiu, Linlu and Hsieh, Cheng-Yu and Krishna, Ranjay and Kim, Yoon and Glass, James},
  journal={arXiv preprint arXiv:2407.07071},
  year={2024}
}

@misc{hong2024hallucinations,
      title={The Hallucinations Leaderboard -- An Open Effort to Measure Hallucinations in Large Language Models}, 
      author={Giwon Hong and Aryo Pradipta Gema and Rohit Saxena and Xiaotang Du and Ping Nie and Yu Zhao and Laura Perez-Beltrachini and Max Ryabinin and Xuanli He and ClÃ©mentine Fourrier and Pasquale Minervini},
      year={2024},
      eprint={2404.05904},
      archivePrefix={arXiv},
      primaryClass={cs.CL}
}

@inproceedings{narayan-etal-2018-dont,
    title = "Don{'}t Give Me the Details, Just the Summary! Topic-Aware Convolutional Neural Networks for Extreme Summarization",
    author = "Narayan, Shashi  and
      Cohen, Shay B.  and
      Lapata, Mirella",
    editor = "Riloff, Ellen  and
      Chiang, David  and
      Hockenmaier, Julia  and
      Tsujii, Jun{'}ichi",
    booktitle = "Proceedings of the 2018 Conference on Empirical Methods in Natural Language Processing",
    month = oct # "-" # nov,
    year = "2018",
    address = "Brussels, Belgium",
    publisher = "Association for Computational Linguistics",
    url = "https://aclanthology.org/D18-1206",
    doi = "10.18653/v1/D18-1206",
    pages = "1797--1807",

}
@misc{li2023halueval,
      title={HaluEval: A Large-Scale Hallucination Evaluation Benchmark for Large Language Models}, 
      author={Junyi Li and Xiaoxue Cheng and Wayne Xin Zhao and Jian-Yun Nie and Ji-Rong Wen},
      year={2023},
      eprint={2305.11747},
      archivePrefix={arXiv},
      primaryClass={cs.CL}
}

@article{msmarco,
  author       = {Tri Nguyen and
                  Mir Rosenberg and
                  Xia Song and
                  Jianfeng Gao and
                  Saurabh Tiwary and
                  Rangan Majumder and
                  Li Deng},
  title        = {{MS} {MARCO:} {A} Human Generated MAchine Reading COmprehension Dataset},
  journal      = {CoRR},
  volume       = {abs/1611.09268},
  year         = {2016},
  url          = {http://arxiv.org/abs/1611.09268},
  eprinttype    = {arXiv},
  eprint       = {1611.09268},
  timestamp    = {Thu, 11 Apr 2024 13:33:57 +0200},
  biburl       = {https://dblp.org/rec/journals/corr/NguyenRSGTMD16.bib},
  bibsource    = {dblp computer science bibliography, https://dblp.org}
}



@article{geva-etal-2021-aristotle,
    title = "Did Aristotle Use a Laptop? A Question Answering Benchmark with Implicit Reasoning Strategies",
    author = "Geva, Mor  and
      Khashabi, Daniel  and
      Segal, Elad  and
      Khot, Tushar  and
      Roth, Dan  and
      Berant, Jonathan",
    editor = "Roark, Brian  and
      Nenkova, Ani",
    journal = "Transactions of the Association for Computational Linguistics",
    volume = "9",
    year = "2021",
    address = "Cambridge, MA",
    publisher = "MIT Press",
    url = "https://aclanthology.org/2021.tacl-1.21",
    doi = "10.1162/tacl_a_00370",
    pages = "346--361",

}

@inproceedings{hu-etal-2023-wont,
    title = "Won{'}t Get Fooled Again: Answering Questions with False Premises",
    author = "Hu, Shengding  and
      Luo, Yifan  and
      Wang, Huadong  and
      Cheng, Xingyi  and
      Liu, Zhiyuan  and
      Sun, Maosong",
    editor = "Rogers, Anna  and
      Boyd-Graber, Jordan  and
      Okazaki, Naoaki",
    booktitle = "Proceedings of the 61st Annual Meeting of the Association for Computational Linguistics (Volume 1: Long Papers)",
    month = jul,
    year = "2023",
    address = "Toronto, Canada",
    publisher = "Association for Computational Linguistics",
    url = "https://aclanthology.org/2023.acl-long.309",
    doi = "10.18653/v1/2023.acl-long.309",
    pages = "5626--5643",

}

@article{mmlu,
  author       = {Dan Hendrycks and
                  Collin Burns and
                  Steven Basart and
                  Andy Zou and
                  Mantas Mazeika and
                  Dawn Song and
                  Jacob Steinhardt},
  title        = {Measuring Massive Multitask Language Understanding},
  journal      = {CoRR},
  volume       = {abs/2009.03300},
  year         = {2020},
  url          = {https://arxiv.org/abs/2009.03300},
  eprinttype    = {arXiv},
  eprint       = {2009.03300},
  timestamp    = {Thu, 17 Sep 2020 12:49:52 +0200},
  biburl       = {https://dblp.org/rec/journals/corr/abs-2009-03300.bib},
  bibsource    = {dblp computer science bibliography, https://dblp.org}
}

@inproceedings{kamoi-etal-2023-wice,
    title = "{W}i{CE}: Real-World Entailment for Claims in {W}ikipedia",
    author = "Kamoi, Ryo  and
      Goyal, Tanya  and
      Diego Rodriguez, Juan  and
      Durrett, Greg",
    editor = "Bouamor, Houda  and
      Pino, Juan  and
      Bali, Kalika",
    booktitle = "Proceedings of the 2023 Conference on Empirical Methods in Natural Language Processing",
    month = dec,
    year = "2023",
    address = "Singapore",
    publisher = "Association for Computational Linguistics",
    url = "https://aclanthology.org/2023.emnlp-main.470",
    doi = "10.18653/v1/2023.emnlp-main.470",
    pages = "7561--7583",
}
@inproceedings{thorne-etal-2018-fever,
    title = "{FEVER}: a Large-scale Dataset for Fact Extraction and {VER}ification",
    author = "Thorne, James  and
      Vlachos, Andreas  and
      Christodoulopoulos, Christos  and
      Mittal, Arpit",
    editor = "Walker, Marilyn  and
      Ji, Heng  and
      Stent, Amanda",
    booktitle = "Proceedings of the 2018 Conference of the North {A}merican Chapter of the Association for Computational Linguistics: Human Language Technologies, Volume 1 (Long Papers)",
    month = jun,
    year = "2018",
    address = "New Orleans, Louisiana",
    publisher = "Association for Computational Linguistics",
    url = "https://aclanthology.org/N18-1074",
    doi = "10.18653/v1/N18-1074",
    pages = "809--819",
}

@article{muller2019does,
  title={When does label smoothing help?},
  author={M{\"u}ller, Rafael and Kornblith, Simon and Hinton, Geoffrey E},
  journal={Advances in neural information processing systems},
  volume={32},
  year={2019}
}

@online{DatabricksBlog2023DollyV2,
    author    = {Mike Conover and Matt Hayes and Ankit Mathur and Jianwei Xie and Jun Wan and Sam Shah and Ali Ghodsi and Patrick Wendell and Matei Zaharia and Reynold Xin},
    title     = {Free Dolly: Introducing the World's First Truly Open Instruction-Tuned LLM},
    year      = {2023},
    url       = {https://www.databricks.com/blog/2023/04/12/dolly-first-open-commercially-viable-instruction-tuned-llm},
    urldate   = {2023-06-30}
}

@article{xu2024survey,
  title={A survey on knowledge distillation of large language models},
  author={Xu, Xiaohan and Li, Ming and Tao, Chongyang and Shen, Tao and Cheng, Reynold and Li, Jinyang and Xu, Can and Tao, Dacheng and Zhou, Tianyi},
  journal={arXiv preprint arXiv:2402.13116},
  year={2024}
}

@article{jaynes1957information,
  title={Information theory and statistical mechanics},
  author={Jaynes, Edwin T},
  journal={Physical review},
  volume={106},
  number={4},
  pages={620},
  year={1957},
  publisher={APS}
}

@misc{eval-harness,
  author       = {Gao, Leo and Tow, Jonathan and Abbasi, Baber and Biderman, Stella and Black, Sid and DiPofi, Anthony and Foster, Charles and Golding, Laurence and Hsu, Jeffrey and Le Noac'h, Alain and Li, Haonan and McDonell, Kyle and Muennighoff, Niklas and Ociepa, Chris and Phang, Jason and Reynolds, Laria and Schoelkopf, Hailey and Skowron, Aviya and Sutawika, Lintang and Tang, Eric and Thite, Anish and Wang, Ben and Wang, Kevin and Zou, Andy},
  title        = {A framework for few-shot language model evaluation},
  month        = 07,
  year         = 2024,
  publisher    = {Zenodo},
  version      = {v0.4.3},
  doi          = {10.5281/zenodo.12608602},
  url          = {https://zenodo.org/records/12608602}
}

@article{gu2023knowledge,
  title={Knowledge distillation of large language models},
  author={Gu, Yuxian and Dong, Li and Wei, Furu and Huang, Minlie},
  journal={arXiv preprint arXiv:2306.08543},
  year={2023}
}

@inproceedings{OpenBookQA2018,
 title={Can a Suit of Armor Conduct Electricity? A New Dataset for Open Book Question Answering},
 author={Todor Mihaylov and Peter Clark and Tushar Khot and Ashish Sabharwal},
 booktitle={EMNLP},
 year={2018}
}

@article{allenai:arc,
      author    = {Peter Clark  and Isaac Cowhey and Oren Etzioni and Tushar Khot and
                    Ashish Sabharwal and Carissa Schoenick and Oyvind Tafjord},
      title     = {Think you have Solved Question Answering? Try ARC, the AI2 Reasoning Challenge},
      journal   = {arXiv:1803.05457v1},
      year      = {2018},
}

@inproceedings{zellers2019hellaswag,
    title={HellaSwag: Can a Machine Really Finish Your Sentence?},
    author={Zellers, Rowan and Holtzman, Ari and Bisk, Yonatan and Farhadi, Ali and Choi, Yejin},
    booktitle ={Proceedings of the 57th Annual Meeting of the Association for Computational Linguistics},
    year={2019}
}

@article{wang2024experimental,
  title={Experimental study on the scaling law of the heat exchange tube surface in the process of low-temperature single-effect distillation of high-mineralized mine water},
  author={Wang, Yuzhong and Hu, Lina and Zhang, Yachao and Dong, Liting},
  journal={Desalination and Water Treatment},
  volume={319},
  pages={100571},
  year={2024},
  publisher={Elsevier}
}

@article{meng2022locating,
  title={Locating and editing factual associations in GPT},
  author={Meng, Kevin and Bau, David and Andonian, Alex and Belinkov, Yonatan},
  journal={Advances in Neural Information Processing Systems},
  volume={35},
  pages={17359--17372},
  year={2022}
}

@article{lee2022factuality,
  title={Factuality enhanced language models for open-ended text generation},
  author={Lee, Nayeon and Ping, Wei and Xu, Peng and Patwary, Mostofa and Fung, Pascale N and Shoeybi, Mohammad and Catanzaro, Bryan},
  journal={Advances in Neural Information Processing Systems},
  volume={35},
  pages={34586--34599},
  year={2022}
}

@article{pan2023automatically,
  title={Automatically correcting large language models: Surveying the landscape of diverse self-correction strategies},
  author={Pan, Liangming and Saxon, Michael and Xu, Wenda and Nathani, Deepak and Wang, Xinyi and Wang, William Yang},
  journal={arXiv preprint arXiv:2308.03188},
  year={2023}
}

@article{shuster2021retrieval,
  title={Retrieval augmentation reduces hallucination in conversation},
  author={Shuster, Kurt and Poff, Spencer and Chen, Moya and Kiela, Douwe and Weston, Jason},
  journal={arXiv preprint arXiv:2104.07567},
  year={2021}
}

@article{lewis2020retrieval,
  title={Retrieval-augmented generation for knowledge-intensive nlp tasks},
  author={Lewis, Patrick and Perez, Ethan and Piktus, Aleksandra and Petroni, Fabio and Karpukhin, Vladimir and Goyal, Naman and K{\"u}ttler, Heinrich and Lewis, Mike and Yih, Wen-tau and Rockt{\"a}schel, Tim and others},
  journal={Advances in Neural Information Processing Systems},
  volume={33},
  pages={9459--9474},
  year={2020}
}

@inproceedings{guu2020retrieval,
  title={Retrieval augmented language model pre-training},
  author={Guu, Kelvin and Lee, Kenton and Tung, Zora and Pasupat, Panupong and Chang, Mingwei},
  booktitle={International conference on machine learning},
  pages={3929--3938},
  year={2020},
  organization={PMLR}
}

@article{li2023batgpt,
  title={Batgpt: A bidirectional autoregessive talker from generative pre-trained transformer},
  author={Li, Zuchao and Zhang, Shitou and Zhao, Hai and Yang, Yifei and Yang, Dongjie},
  journal={arXiv preprint arXiv:2307.00360},
  year={2023}
}

@article{liu2024exposing,
  title={Exposing attention glitches with flip-flop language modeling},
  author={Liu, Bingbin and Ash, Jordan and Goel, Surbhi and Krishnamurthy, Akshay and Zhang, Cyril},
  journal={Advances in Neural Information Processing Systems},
  volume={36},
  year={2024}
}

@article{xiao2021hallucination,
  title={On hallucination and predictive uncertainty in conditional language generation},
  author={Xiao, Yijun and Wang, William Yang},
  journal={arXiv preprint arXiv:2103.15025},
  year={2021}
}

@article{yuan2021bartscore,
  title={Bartscore: Evaluating generated text as text generation},
  author={Yuan, Weizhe and Neubig, Graham and Liu, Pengfei},
  journal={Advances in Neural Information Processing Systems},
  volume={34},
  pages={27263--27277},
  year={2021}
}

@article{guerreiro2022looking,
  title={Looking for a needle in a haystack: A comprehensive study of hallucinations in neural machine translation},
  author={Guerreiro, Nuno M and Voita, Elena and Martins, Andr{\'e} FT},
  journal={arXiv preprint arXiv:2208.05309},
  year={2022}
}

@article{fu2023gptscore,
  title={Gptscore: Evaluate as you desire},
  author={Fu, Jinlan and Ng, See-Kiong and Jiang, Zhengbao and Liu, Pengfei},
  journal={arXiv preprint arXiv:2302.04166},
  year={2023}
}

@article{team2024gemma,
  title={Gemma 2: Improving open language models at a practical size},
  author={Team, Gemma and Riviere, Morgane and Pathak, Shreya and Sessa, Pier Giuseppe and Hardin, Cassidy and Bhupatiraju, Surya and Hussenot, L{\'e}onard and Mesnard, Thomas and Shahriari, Bobak and Ram{\'e}, Alexandre and others},
  journal={arXiv preprint arXiv:2408.00118},
  year={2024}
}

@article{sreenivas2024llm,
  title={Llm pruning and distillation in practice: The minitron approach},
  author={Sreenivas, Sharath Turuvekere and Muralidharan, Saurav and Joshi, Raviraj and Chochowski, Marcin and Patwary, Mostofa and Shoeybi, Mohammad and Catanzaro, Bryan and Kautz, Jan and Molchanov, Pavlo},
  journal={arXiv preprint arXiv:2408.11796},
  year={2024}
}

@inproceedings{muralidharan2024compact,
  title={Compact language models via pruning and knowledge distillation},
  author={Muralidharan, Saurav and Sreenivas, Sharath Turuvekere and Joshi, Raviraj Bhuminand and Chochowski, Marcin and Patwary, Mostofa and Shoeybi, Mohammad and Catanzaro, Bryan and Kautz, Jan and Molchanov, Pavlo},
  booktitle={The Thirty-eighth Annual Conference on Neural Information Processing Systems},
  year={2024}
}

@article{gunter2024apple,
  title={Apple intelligence foundation language models},
  author={Gunter, Tom and Wang, Zirui and Wang, Chong and Pang, Ruoming and Narayanan, Andy and Zhang, Aonan and Zhang, Bowen and Chen, Chen and Chiu, Chung-Cheng and Qiu, David and others},
  journal={arXiv preprint arXiv:2407.21075},
  year={2024}
}