@article{chuang2024lookback,
  title={Lookback lens: Detecting and mitigating contextual hallucinations in large language models using only attention maps},
  author={Chuang, Yung-Sung and Qiu, Linlu and Hsieh, Cheng-Yu and Krishna, Ranjay and Kim, Yoon and Glass, James},
  journal={arXiv preprint arXiv:2407.07071},
  year={2024}
}

@article{fu2023gptscore,
  title={Gptscore: Evaluate as you desire},
  author={Fu, Jinlan and Ng, See-Kiong and Jiang, Zhengbao and Liu, Pengfei},
  journal={arXiv preprint arXiv:2302.04166},
  year={2023}
}

@article{geva-etal-2021-aristotle,
    title = "Did Aristotle Use a Laptop? A Question Answering Benchmark with Implicit Reasoning Strategies",
    author = "Geva, Mor  and
      Khashabi, Daniel  and
      Segal, Elad  and
      Khot, Tushar  and
      Roth, Dan  and
      Berant, Jonathan",
    editor = "Roark, Brian  and
      Nenkova, Ani",
    journal = "Transactions of the Association for Computational Linguistics",
    volume = "9",
    year = "2021",
    address = "Cambridge, MA",
    publisher = "MIT Press",
    url = "https://aclanthology.org/2021.tacl-1.21",
    doi = "10.1162/tacl_a_00370",
    pages = "346--361",

}

@article{gunter2024apple,
  title={Apple intelligence foundation language models},
  author={Gunter, Tom and Wang, Zirui and Wang, Chong and Pang, Ruoming and Narayanan, Andy and Zhang, Aonan and Zhang, Bowen and Chen, Chen and Chiu, Chung-Cheng and Qiu, David and others},
  journal={arXiv preprint arXiv:2407.21075},
  year={2024}
}

@inproceedings{guu2020retrieval,
  title={Retrieval augmented language model pre-training},
  author={Guu, Kelvin and Lee, Kenton and Tung, Zora and Pasupat, Panupong and Chang, Mingwei},
  booktitle={International conference on machine learning},
  pages={3929--3938},
  year={2020},
  organization={PMLR}
}

@misc{hong2024hallucinations,
      title={The Hallucinations Leaderboard -- An Open Effort to Measure Hallucinations in Large Language Models}, 
      author={Giwon Hong and Aryo Pradipta Gema and Rohit Saxena and Xiaotang Du and Ping Nie and Yu Zhao and Laura Perez-Beltrachini and Max Ryabinin and Xuanli He and Cl√©mentine Fourrier and Pasquale Minervini},
      year={2024},
      eprint={2404.05904},
      archivePrefix={arXiv},
      primaryClass={cs.CL}
}

@inproceedings{hu-etal-2023-wont,
    title = "Won{'}t Get Fooled Again: Answering Questions with False Premises",
    author = "Hu, Shengding  and
      Luo, Yifan  and
      Wang, Huadong  and
      Cheng, Xingyi  and
      Liu, Zhiyuan  and
      Sun, Maosong",
    editor = "Rogers, Anna  and
      Boyd-Graber, Jordan  and
      Okazaki, Naoaki",
    booktitle = "Proceedings of the 61st Annual Meeting of the Association for Computational Linguistics (Volume 1: Long Papers)",
    month = jul,
    year = "2023",
    address = "Toronto, Canada",
    publisher = "Association for Computational Linguistics",
    url = "https://aclanthology.org/2023.acl-long.309",
    doi = "10.18653/v1/2023.acl-long.309",
    pages = "5626--5643",

}

@misc{huang2023survey,
      title={A Survey on Hallucination in Large Language Models: Principles, Taxonomy, Challenges, and Open Questions}, 
      author={Lei Huang and Weijiang Yu and Weitao Ma and Weihong Zhong and Zhangyin Feng and Haotian Wang and Qianglong Chen and Weihua Peng and Xiaocheng Feng and Bing Qin and Ting Liu},
      year={2023},
      eprint={2311.05232},
      archivePrefix={arXiv},
      primaryClass={cs.CL}
}

@misc{hughes_vectara_2023,
title = {Vectara Hallucination Leaderboard},
author = {Hughes, Simon and Bae, Minseok and Li, Miaoran},
abstract = {A leaderboard comparing LLM performance at maintaining factual consistency when summarizing a set of facts.},
year = 2023,
month = nov,
date = {2023-11-01},
keywords = {nlp, llm, hallucination, nli, machine learning},
url = {https://github.com/vectara/hallucination-leaderboard/blob/main/README.md},
code = {https://github.com/vectara/hallucination-leaderboard},
license = {Apache-2.0}
}

@inproceedings{kamoi-etal-2023-wice,
    title = "{W}i{CE}: Real-World Entailment for Claims in {W}ikipedia",
    author = "Kamoi, Ryo  and
      Goyal, Tanya  and
      Diego Rodriguez, Juan  and
      Durrett, Greg",
    editor = "Bouamor, Houda  and
      Pino, Juan  and
      Bali, Kalika",
    booktitle = "Proceedings of the 2023 Conference on Empirical Methods in Natural Language Processing",
    month = dec,
    year = "2023",
    address = "Singapore",
    publisher = "Association for Computational Linguistics",
    url = "https://aclanthology.org/2023.emnlp-main.470",
    doi = "10.18653/v1/2023.emnlp-main.470",
    pages = "7561--7583",
}

@article{kim2016sequence,
  title={Sequence-level knowledge distillation},
  author={Kim, Yoon and Rush, Alexander M},
  journal={arXiv preprint arXiv:1606.07947},
  year={2016}
}

@article{lee2022factuality,
  title={Factuality enhanced language models for open-ended text generation},
  author={Lee, Nayeon and Ping, Wei and Xu, Peng and Patwary, Mostofa and Fung, Pascale N and Shoeybi, Mohammad and Catanzaro, Bryan},
  journal={Advances in Neural Information Processing Systems},
  volume={35},
  pages={34586--34599},
  year={2022}
}

@article{lewis2020retrieval,
  title={Retrieval-augmented generation for knowledge-intensive nlp tasks},
  author={Lewis, Patrick and Perez, Ethan and Piktus, Aleksandra and Petroni, Fabio and Karpukhin, Vladimir and Goyal, Naman and K{\"u}ttler, Heinrich and Lewis, Mike and Yih, Wen-tau and Rockt{\"a}schel, Tim and others},
  journal={Advances in Neural Information Processing Systems},
  volume={33},
  pages={9459--9474},
  year={2020}
}

@misc{li2023halueval,
      title={HaluEval: A Large-Scale Hallucination Evaluation Benchmark for Large Language Models}, 
      author={Junyi Li and Xiaoxue Cheng and Wayne Xin Zhao and Jian-Yun Nie and Ji-Rong Wen},
      year={2023},
      eprint={2305.11747},
      archivePrefix={arXiv},
      primaryClass={cs.CL}
}

@inproceedings{lin-2004-rouge,
    title = "{ROUGE}: A Package for Automatic Evaluation of Summaries",
    author = "Lin, Chin-Yew",
    booktitle = "Text Summarization Branches Out",
    month = jul,
    year = "2004",
    address = "Barcelona, Spain",
    publisher = "Association for Computational Linguistics",
    url = "https://aclanthology.org/W04-1013",
    pages = "74--81",
}

@inproceedings{lin2022truthfulqa,
  title={TruthfulQA: Measuring How Models Mimic Human Falsehoods},
  author={Lin, Stephanie and Hilton, Jacob and Evans, Owain},
  booktitle={Proceedings of the 60th Annual Meeting of the Association for Computational Linguistics (Volume 1: Long Papers)},
  pages={3214--3252},
  year={2022}
}

@article{liu2024exposing,
  title={Exposing attention glitches with flip-flop language modeling},
  author={Liu, Bingbin and Ash, Jordan and Goel, Surbhi and Krishnamurthy, Akshay and Zhang, Cyril},
  journal={Advances in Neural Information Processing Systems},
  volume={36},
  year={2024}
}

@article{meng2022locating,
  title={Locating and editing factual associations in GPT},
  author={Meng, Kevin and Bau, David and Andonian, Alex and Belinkov, Yonatan},
  journal={Advances in Neural Information Processing Systems},
  volume={35},
  pages={17359--17372},
  year={2022}
}

@article{mmlu,
  author       = {Dan Hendrycks and
                  Collin Burns and
                  Steven Basart and
                  Andy Zou and
                  Mantas Mazeika and
                  Dawn Song and
                  Jacob Steinhardt},
  title        = {Measuring Massive Multitask Language Understanding},
  journal      = {CoRR},
  volume       = {abs/2009.03300},
  year         = {2020},
  url          = {https://arxiv.org/abs/2009.03300},
  eprinttype    = {arXiv},
  eprint       = {2009.03300},
  timestamp    = {Thu, 17 Sep 2020 12:49:52 +0200},
  biburl       = {https://dblp.org/rec/journals/corr/abs-2009-03300.bib},
  bibsource    = {dblp computer science bibliography, https://dblp.org}
}

@article{msmarco,
  author       = {Tri Nguyen and
                  Mir Rosenberg and
                  Xia Song and
                  Jianfeng Gao and
                  Saurabh Tiwary and
                  Rangan Majumder and
                  Li Deng},
  title        = {{MS} {MARCO:} {A} Human Generated MAchine Reading COmprehension Dataset},
  journal      = {CoRR},
  volume       = {abs/1611.09268},
  year         = {2016},
  url          = {http://arxiv.org/abs/1611.09268},
  eprinttype    = {arXiv},
  eprint       = {1611.09268},
  timestamp    = {Thu, 11 Apr 2024 13:33:57 +0200},
  biburl       = {https://dblp.org/rec/journals/corr/NguyenRSGTMD16.bib},
  bibsource    = {dblp computer science bibliography, https://dblp.org}
}

@inproceedings{narayan-etal-2018-dont,
    title = "Don{'}t Give Me the Details, Just the Summary! Topic-Aware Convolutional Neural Networks for Extreme Summarization",
    author = "Narayan, Shashi  and
      Cohen, Shay B.  and
      Lapata, Mirella",
    editor = "Riloff, Ellen  and
      Chiang, David  and
      Hockenmaier, Julia  and
      Tsujii, Jun{'}ichi",
    booktitle = "Proceedings of the 2018 Conference on Empirical Methods in Natural Language Processing",
    month = oct # "-" # nov,
    year = "2018",
    address = "Brussels, Belgium",
    publisher = "Association for Computational Linguistics",
    url = "https://aclanthology.org/D18-1206",
    doi = "10.18653/v1/D18-1206",
    pages = "1797--1807",

}

@article{radford2019language,
  title={Language models are unsupervised multitask learners},
  author={Radford, Alec and Wu, Jeffrey and Child, Rewon and Luan, David and Amodei, Dario and Sutskever, Ilya and others},
  journal={OpenAI blog},
  volume={1},
  number={8},
  pages={9},
  year={2019}
}

@inproceedings{see-etal-2017-get,
    title = "Get To The Point: Summarization with Pointer-Generator Networks",
    author = "See, Abigail  and
      Liu, Peter J.  and
      Manning, Christopher D.",
    booktitle = "Proceedings of the 55th Annual Meeting of the Association for Computational Linguistics (Volume 1: Long Papers)",
    month = jul,
    year = "2017",
    address = "Vancouver, Canada",
    publisher = "Association for Computational Linguistics",
    url = "https://www.aclweb.org/anthology/P17-1099",
    doi = "10.18653/v1/P17-1099",
    pages = "1073--1083",

}

@article{shuster2021retrieval,
  title={Retrieval augmentation reduces hallucination in conversation},
  author={Shuster, Kurt and Poff, Spencer and Chen, Moya and Kiela, Douwe and Weston, Jason},
  journal={arXiv preprint arXiv:2104.07567},
  year={2021}
}

@article{sreenivas2024llm,
  title={Llm pruning and distillation in practice: The minitron approach},
  author={Sreenivas, Sharath Turuvekere and Muralidharan, Saurav and Joshi, Raviraj and Chochowski, Marcin and Patwary, Mostofa and Shoeybi, Mohammad and Catanzaro, Bryan and Kautz, Jan and Molchanov, Pavlo},
  journal={arXiv preprint arXiv:2408.11796},
  year={2024}
}

@article{team2024gemma,
  title={Gemma 2: Improving open language models at a practical size},
  author={Team, Gemma and Riviere, Morgane and Pathak, Shreya and Sessa, Pier Giuseppe and Hardin, Cassidy and Bhupatiraju, Surya and Hussenot, L{\'e}onard and Mesnard, Thomas and Shahriari, Bobak and Ram{\'e}, Alexandre and others},
  journal={arXiv preprint arXiv:2408.00118},
  year={2024}
}

@inproceedings{thorne-etal-2018-fever,
    title = "{FEVER}: a Large-scale Dataset for Fact Extraction and {VER}ification",
    author = "Thorne, James  and
      Vlachos, Andreas  and
      Christodoulopoulos, Christos  and
      Mittal, Arpit",
    editor = "Walker, Marilyn  and
      Ji, Heng  and
      Stent, Amanda",
    booktitle = "Proceedings of the 2018 Conference of the North {A}merican Chapter of the Association for Computational Linguistics: Human Language Technologies, Volume 1 (Long Papers)",
    month = jun,
    year = "2018",
    address = "New Orleans, Louisiana",
    publisher = "Association for Computational Linguistics",
    url = "https://aclanthology.org/N18-1074",
    doi = "10.18653/v1/N18-1074",
    pages = "809--819",
}

@misc{tonmoy2024comprehensive,
      title={A Comprehensive Survey of Hallucination Mitigation Techniques in Large Language Models}, 
      author={S. M Towhidul Islam Tonmoy and S M Mehedi Zaman and Vinija Jain and Anku Rani and Vipula Rawte and Aman Chadha and Amitava Das},
      year={2024},
      eprint={2401.01313},
      archivePrefix={arXiv},
      primaryClass={cs.CL}
}

@misc{vectara2023,
  author       = {Vectara},
  title        = {vectarahallucination\_evaluation\_model},
  howpublished = {\url{https://huggingface.co/vectara/hallucination_evaluation_model}},
  note         = {Accessed: 2024-11-20},
  year         = "2024",
}

@article{wang2024experimental,
  title={Experimental study on the scaling law of the heat exchange tube surface in the process of low-temperature single-effect distillation of high-mineralized mine water},
  author={Wang, Yuzhong and Hu, Lina and Zhang, Yachao and Dong, Liting},
  journal={Desalination and Water Treatment},
  volume={319},
  pages={100571},
  year={2024},
  publisher={Elsevier}
}

@article{xiao2021hallucination,
  title={On hallucination and predictive uncertainty in conditional language generation},
  author={Xiao, Yijun and Wang, William Yang},
  journal={arXiv preprint arXiv:2103.15025},
  year={2021}
}

@article{xu2024survey,
  title={A survey on knowledge distillation of large language models},
  author={Xu, Xiaohan and Li, Ming and Tao, Chongyang and Shen, Tao and Cheng, Reynold and Li, Jinyang and Xu, Can and Tao, Dacheng and Zhou, Tianyi},
  journal={arXiv preprint arXiv:2402.13116},
  year={2024}
}

@article{yuan2021bartscore,
  title={Bartscore: Evaluating generated text as text generation},
  author={Yuan, Weizhe and Neubig, Graham and Liu, Pengfei},
  journal={Advances in Neural Information Processing Systems},
  volume={34},
  pages={27263--27277},
  year={2021}
}

