@inproceedings{camiletto2024u,
  title={U-bev: Height-aware bird’s-eye-view segmentation and neural map-based relocalization},
  author={Camiletto, Andrea Boscolo and Bochicchio, Alfredo and Liniger, Alexander and Dai, Dengxin and Gawel, Abel},
  booktitle={2024 IEEE/RSJ International Conference on Intelligent Robots and Systems (IROS)},
  pages={5597--5604},
  year={2024},
  organization={IEEE}
}

@inproceedings{chen2022persformer,
  title={Persformer: 3d lane detection via perspective transformer and the openlane benchmark},
  author={Chen, Li and Sima, Chonghao and Li, Yang and Zheng, Zehan and Xu, Jiajie and Geng, Xiangwei and Li, Hongyang and He, Conghui and Shi, Jianping and Qiao, Yu and others},
  booktitle={European Conference on Computer Vision},
  pages={550--567},
  year={2022},
  organization={Springer}
}

@article{cho2022openstreetmap,
  title={Openstreetmap-based lidar global localization in urban environment without a prior lidar map},
  author={Cho, Younghun and Kim, Giseop and Lee, Sangmin and Ryu, Jee-Hwan},
  journal={IEEE Robotics and Automation Letters},
  volume={7},
  number={2},
  pages={4999--5006},
  year={2022},
  publisher={IEEE}
}

@inproceedings{he2024egovm,
  title={Egovm: Achieving precise ego-localization using lightweight vectorized maps},
  author={He, Yuzhe and Liang, Shuang and Rui, Xiaofei and Cai, Chengying and Wan, Guowei},
  booktitle={2024 IEEE/RSJ International Conference on Intelligent Robots and Systems (IROS)},
  pages={12248--12255},
  year={2024},
  organization={IEEE}
}

@inproceedings{hu2022st,
  title={St-p3: End-to-end vision-based autonomous driving via spatial-temporal feature learning},
  author={Hu, Shengchao and Chen, Li and Wu, Penghao and Li, Hongyang and Yan, Junchi and Tao, Dacheng},
  booktitle={European Conference on Computer Vision},
  pages={533--549},
  year={2022},
  organization={Springer}
}

@inproceedings{hu2023planning,
  title={Planning-oriented autonomous driving},
  author={Hu, Yihan and Yang, Jiazhi and Chen, Li and Li, Keyu and Sima, Chonghao and Zhu, Xizhou and Chai, Siqi and Du, Senyao and Lin, Tianwei and Wang, Wenhai and others},
  booktitle={Proceedings of the IEEE/CVF Conference on Computer Vision and Pattern Recognition},
  pages={17853--17862},
  year={2023}
}

@article{huang2021bevdet,
  title={Bevdet: High-performance multi-camera 3d object detection in bird-eye-view},
  author={Huang, Junjie and Huang, Guan and Zhu, Zheng and Ye, Yun and Du, Dalong},
  journal={arXiv preprint arXiv:2112.11790},
  year={2021}
}

@INPROCEEDINGS{irschara2009structure,
  author={Irschara, Arnold and Zach, Christopher and Frahm, Jan-Michael and Bischof, Horst},
  booktitle={2009 IEEE Conference on Computer Vision and Pattern Recognition}, 
  title={From structure-from-motion point clouds to fast location recognition}, 
  year={2009},
  volume={},
  number={},
  pages={2599-2606},
  keywords={Clouds;Image reconstruction;Vocabulary;Indexing;Image databases;Image coding;Layout;Design methodology;Algorithm design and analysis;Graphics},
  doi={10.1109/CVPR.2009.5206587}}

@inproceedings{li2022bevformer,
  title={Bevformer: Learning bird’s-eye-view representation from multi-camera images via spatiotemporal transformers},
  author={Li, Zhiqi and Wang, Wenhai and Li, Hongyang and Xie, Enze and Sima, Chonghao and Lu, Tong and Qiao, Yu and Dai, Jifeng},
  booktitle={European conference on computer vision},
  pages={1--18},
  year={2022},
  organization={Springer}
}

@inproceedings{li2022hdmapnet,
  title={Hdmapnet: An online hd map construction and evaluation framework},
  author={Li, Qi and Wang, Yue and Wang, Yilun and Zhao, Hang},
  booktitle={2022 International Conference on Robotics and Automation (ICRA)},
  pages={4628--4634},
  year={2022},
  organization={IEEE}
}

@inproceedings{li2023bevdepth,
  title={Bevdepth: Acquisition of reliable depth for multi-view 3d object detection},
  author={Li, Yinhao and Ge, Zheng and Yu, Guanyi and Yang, Jinrong and Wang, Zengran and Shi, Yukang and Sun, Jianjian and Li, Zeming},
  booktitle={Proceedings of the AAAI Conference on Artificial Intelligence},
  volume={37},
  number={2},
  pages={1477--1485},
  year={2023}
}

@article{liao2024osmloc,
  title={OSMLoc: Single Image-Based Visual Localization in OpenStreetMap with Geometric and Semantic Guidances},
  author={Liao, Youqi and Chen, Xieyuanli and Kang, Shuhao and Li, Jianping and Dong, Zhen and Fan, Hongchao and Yang, Bisheng},
  journal={arXiv preprint arXiv:2411.08665},
  year={2024}
}

@inproceedings{liu2022petr,
  title={Petr: Position embedding transformation for multi-view 3d object detection},
  author={Liu, Yingfei and Wang, Tiancai and Zhang, Xiangyu and Sun, Jian},
  booktitle={European Conference on Computer Vision},
  pages={531--548},
  year={2022},
  organization={Springer}
}

@INPROCEEDINGS{liu2023bevfusion,
  author={Liu, Zhijian and Tang, Haotian and Amini, Alexander and Yang, Xinyu and Mao, Huizi and Rus, Daniela L. and Han, Song},
  booktitle={2023 IEEE International Conference on Robotics and Automation (ICRA)}, 
  title={BEVFusion: Multi-Task Multi-Sensor Fusion with Unified Bird's-Eye View Representation}, 
  year={2023},
  volume={},
  number={},
  pages={2774-2781},
  keywords={Point cloud compression;Three-dimensional displays;Laser radar;Semantics;Object detection;Sensor fusion;Multitasking},
  doi={10.1109/ICRA48891.2023.10160968}}

@article{oquab2023dinov2,
  title={Dinov2: Learning robust visual features without supervision},
  author={Oquab, Maxime and Darcet, Timoth{\'e}e and Moutakanni, Th{\'e}o and Vo, Huy and Szafraniec, Marc and Khalidov, Vasil and Fernandez, Pierre and Haziza, Daniel and Massa, Francisco and El-Nouby, Alaaeldin and others},
  journal={arXiv preprint arXiv:2304.07193},
  year={2023}
}

@ARTICLE{osmpaper,
  author={Haklay, Mordechai and Weber, Patrick},
  journal={IEEE Pervasive Computing}, 
  title={OpenStreetMap: User-Generated Street Maps}, 
  year={2008},
  volume={7},
  number={4},
  pages={12-18},
  keywords={Global Positioning System;Educational institutions;Earth;Geologic measurements;Collaborative software;History;Geology;Mobile handsets;Standards publication;Standards development;Spatial databases and GIS;user-generated content;collaborative computing;computer-supported cooperative work},
  doi={10.1109/MPRV.2008.80}}

@inproceedings{panphattarasap2018automated,
  title={Automated map reading: image based localisation in 2-D maps using binary semantic descriptors},
  author={Panphattarasap, Pilailuck and Calway, Andrew},
  booktitle={2018 IEEE/RSJ International Conference on Intelligent Robots and Systems (IROS)},
  pages={6341--6348},
  year={2018},
  organization={IEEE}
}

@inproceedings{philion2020lift,
  title={Lift, splat, shoot: Encoding images from arbitrary camera rigs by implicitly unprojecting to 3d},
  author={Philion, Jonah and Fidler, Sanja},
  booktitle={Computer Vision--ECCV 2020: 16th European Conference, Glasgow, UK, August 23--28, 2020, Proceedings, Part XIV 16},
  pages={194--210},
  year={2020},
  organization={Springer}
}

@inproceedings{ronneberger2015u,
  title={U-net: Convolutional networks for biomedical image segmentation},
  author={Ronneberger, Olaf and Fischer, Philipp and Brox, Thomas},
  booktitle={Medical image computing and computer-assisted intervention--MICCAI 2015: 18th international conference, Munich, Germany, October 5-9, 2015, proceedings, part III 18},
  pages={234--241},
  year={2015},
  organization={Springer}
}

@inproceedings{samano2020you,
  title={You are here: Geolocation by embedding maps and images},
  author={Samano, Noe and Zhou, Mengjie and Calway, Andrew},
  booktitle={Computer Vision--ECCV 2020: 16th European Conference, Glasgow, UK, August 23--28, 2020, Proceedings, Part XXIII 16},
  pages={502--518},
  year={2020},
  organization={Springer}
}

@inproceedings{sarlin2019coarse,
  title={From coarse to fine: Robust hierarchical localization at large scale},
  author={Sarlin, Paul-Edouard and Cadena, Cesar and Siegwart, Roland and Dymczyk, Marcin},
  booktitle={Proceedings of the IEEE/CVF conference on computer vision and pattern recognition},
  pages={12716--12725},
  year={2019}
}

@INPROCEEDINGS{sarlin2023orienternet,
  author={Sarlin, Paul-Edouard and DeTone, Daniel and Yang, Tsun-Yi and Avetisyan, Armen and Straub, Julian and Malisiewicz, Tomasz and Bulo, Samuel Rota and Newcombe, Richard and Kontschieder, Peter and Balntas, Vasileios},
  booktitle={2023 IEEE/CVF Conference on Computer Vision and Pattern Recognition (CVPR)}, 
  title={OrienterNet: Visual Localization in 2D Public Maps with Neural Matching}, 
  year={2023},
  volume={},
  number={},
  pages={21632-21642},
  keywords={Location awareness;Training;Point cloud compression;Visualization;Three-dimensional displays;Pedestrians;Semantics;3D from single images},
  doi={10.1109/CVPR52729.2023.02072}}

@article{sarlin2023snap,
  title={Snap: Self-supervised neural maps for visual positioning and semantic understanding},
  author={Sarlin, Paul-Edouard and Trulls, Eduard and Pollefeys, Marc and Hosang, Jan and Lynen, Simon},
  journal={Advances in Neural Information Processing Systems},
  volume={36},
  pages={7697--7729},
  year={2023}
}

@article{sattler2016efficient,
  title={Efficient \& effective prioritized matching for large-scale image-based localization},
  author={Sattler, Torsten and Leibe, Bastian and Kobbelt, Leif},
  journal={IEEE transactions on pattern analysis and machine intelligence},
  volume={39},
  number={9},
  pages={1744--1756},
  year={2016},
  publisher={IEEE}
}

@inproceedings{toft2018semantic,
  title={Semantic match consistency for long-term visual localization},
  author={Toft, Carl and Stenborg, Erik and Hammarstrand, Lars and Brynte, Lucas and Pollefeys, Marc and Sattler, Torsten and Kahl, Fredrik},
  booktitle={Proceedings of the European Conference on Computer Vision (ECCV)},
  pages={383--399},
  year={2018}
}

@article{vaswani2017attention,
  title={Attention is all you need},
  author={Vaswani, A},
  journal={Advances in Neural Information Processing Systems},
  year={2017}
}

@inproceedings{wu2024maplocnet,
  title={Maplocnet: Coarse-to-fine feature registration for visual re-localization in navigation maps},
  author={Wu, Hang and Zhang, Zhenghao and Lin, Siyuan and Mu, Xiangru and Zhao, Qiang and Yang, Ming and Qin, Tong},
  booktitle={2024 IEEE/RSJ International Conference on Intelligent Robots and Systems (IROS)},
  pages={13198--13205},
  year={2024},
  organization={IEEE}
}

@inproceedings{yan2019global,
  title={Global localization on openstreetmap using 4-bit semantic descriptors},
  author={Yan, Fan and Vysotska, Olga and Stachniss, Cyrill},
  booktitle={2019 European conference on mobile robots (ECMR)},
  pages={1--7},
  year={2019},
  organization={IEEE}
}

@article{zhang2025bev,
  title={Bev-locator: An end-to-end visual semantic localization network using multi-view images},
  author={Zhang, Zhihuang and Xu, Meng and Zhou, Wenqiang and Peng, Tao and Li, Liang and Poslad, Stefan},
  journal={Science China Information Sciences},
  volume={68},
  number={2},
  pages={122106},
  year={2025},
  publisher={Springer}
}

@inproceedings{zhou2022cross,
  title={Cross-view transformers for real-time map-view semantic segmentation},
  author={Zhou, Brady and Kr{\"a}henb{\"u}hl, Philipp},
  booktitle={Proceedings of the IEEE/CVF conference on computer vision and pattern recognition},
  pages={13760--13769},
  year={2022}
}

