@inproceedings{wu2024maplocnet,
  title={Maplocnet: Coarse-to-fine feature registration for visual re-localization in navigation maps},
  author={Wu, Hang and Zhang, Zhenghao and Lin, Siyuan and Mu, Xiangru and Zhao, Qiang and Yang, Ming and Qin, Tong},
  booktitle={2024 IEEE/RSJ International Conference on Intelligent Robots and Systems (IROS)},
  pages={13198--13205},
  year={2024},
  organization={IEEE}
}

@article{jiang2024sg,
  title={SG-LPR: Semantic-Guided LiDAR-Based Place Recognition.},
  author={Jiang, Weizhong and Xue, Hanzhang and Si, Shubin and Min, Chen and Xiao, Liang and Nie, Yiming and Dai, Bin},
  journal={Electronics (2079-9292)},
  volume={13},
  number={22},
  year={2024}
}

@inproceedings{camiletto2024u,
  title={U-bev: Height-aware bird’s-eye-view segmentation and neural map-based relocalization},
  author={Camiletto, Andrea Boscolo and Bochicchio, Alfredo and Liniger, Alexander and Dai, Dengxin and Gawel, Abel},
  booktitle={2024 IEEE/RSJ International Conference on Intelligent Robots and Systems (IROS)},
  pages={5597--5604},
  year={2024},
  organization={IEEE}
}

@article{zhang2025bev,
  title={Bev-locator: An end-to-end visual semantic localization network using multi-view images},
  author={Zhang, Zhihuang and Xu, Meng and Zhou, Wenqiang and Peng, Tao and Li, Liang and Poslad, Stefan},
  journal={Science China Information Sciences},
  volume={68},
  number={2},
  pages={122106},
  year={2025},
  publisher={Springer}
}

@INPROCEEDINGS{liu2023bevfusion,
  author={Liu, Zhijian and Tang, Haotian and Amini, Alexander and Yang, Xinyu and Mao, Huizi and Rus, Daniela L. and Han, Song},
  booktitle={2023 IEEE International Conference on Robotics and Automation (ICRA)}, 
  title={BEVFusion: Multi-Task Multi-Sensor Fusion with Unified Bird's-Eye View Representation}, 
  year={2023},
  volume={},
  number={},
  pages={2774-2781},
  keywords={Point cloud compression;Three-dimensional displays;Laser radar;Semantics;Object detection;Sensor fusion;Multitasking},
  doi={10.1109/ICRA48891.2023.10160968}}


@inproceedings{liu2022petr,
  title={Petr: Position embedding transformation for multi-view 3d object detection},
  author={Liu, Yingfei and Wang, Tiancai and Zhang, Xiangyu and Sun, Jian},
  booktitle={European Conference on Computer Vision},
  pages={531--548},
  year={2022},
  organization={Springer}
}

@inproceedings{zhang2014loam,
  title={LOAM: Lidar odometry and mapping in real-time.},
  author={Zhang, Ji and Singh, Sanjiv and others},
  booktitle={Robotics: Science and systems},
  volume={2},
  number={9},
  pages={1--9},
  year={2014},
  organization={Berkeley, CA}
}

@ARTICLE{mur2015orb,
  author={Mur-Artal, Raúl and Montiel, J. M. M. and Tardós, Juan D.},
  journal={IEEE Transactions on Robotics}, 
  title={ORB-SLAM: A Versatile and Accurate Monocular SLAM System}, 
  year={2015},
  volume={31},
  number={5},
  pages={1147-1163},
  keywords={Simultaneous localization and mapping;Cameras;Optimization;Feature extraction;Visualization;Real-time systems;Computational modeling;Lifelong mapping;localization;monocular vision;recognition;simultaneous localization and mapping (SLAM);Lifelong mapping;localization;monocular vision;recognition;simultaneous localization and mapping (SLAM)},
  doi={10.1109/TRO.2015.2463671}}

@INPROCEEDINGS{sarlin2023orienternet,
  author={Sarlin, Paul-Edouard and DeTone, Daniel and Yang, Tsun-Yi and Avetisyan, Armen and Straub, Julian and Malisiewicz, Tomasz and Bulo, Samuel Rota and Newcombe, Richard and Kontschieder, Peter and Balntas, Vasileios},
  booktitle={2023 IEEE/CVF Conference on Computer Vision and Pattern Recognition (CVPR)}, 
  title={OrienterNet: Visual Localization in 2D Public Maps with Neural Matching}, 
  year={2023},
  volume={},
  number={},
  pages={21632-21642},
  keywords={Location awareness;Training;Point cloud compression;Visualization;Three-dimensional displays;Pedestrians;Semantics;3D from single images},
  doi={10.1109/CVPR52729.2023.02072}}

@inproceedings{philion2020lift,
  title={Lift, splat, shoot: Encoding images from arbitrary camera rigs by implicitly unprojecting to 3d},
  author={Philion, Jonah and Fidler, Sanja},
  booktitle={Computer Vision--ECCV 2020: 16th European Conference, Glasgow, UK, August 23--28, 2020, Proceedings, Part XIV 16},
  pages={194--210},
  year={2020},
  organization={Springer}
}

@article{huang2021bevdet,
  title={Bevdet: High-performance multi-camera 3d object detection in bird-eye-view},
  author={Huang, Junjie and Huang, Guan and Zhu, Zheng and Ye, Yun and Du, Dalong},
  journal={arXiv preprint arXiv:2112.11790},
  year={2021}
}

@article{huang2022bevdet4d,
  title={Bevdet4d: Exploit temporal cues in multi-camera 3d object detection},
  author={Huang, Junjie and Huang, Guan},
  journal={arXiv preprint arXiv:2203.17054},
  year={2022}
}

@inproceedings{li2022bevformer,
  title={Bevformer: Learning bird’s-eye-view representation from multi-camera images via spatiotemporal transformers},
  author={Li, Zhiqi and Wang, Wenhai and Li, Hongyang and Xie, Enze and Sima, Chonghao and Lu, Tong and Qiao, Yu and Dai, Jifeng},
  booktitle={European conference on computer vision},
  pages={1--18},
  year={2022},
  organization={Springer}
}

@inproceedings{li2023bevdepth,
  title={Bevdepth: Acquisition of reliable depth for multi-view 3d object detection},
  author={Li, Yinhao and Ge, Zheng and Yu, Guanyi and Yang, Jinrong and Wang, Zengran and Shi, Yukang and Sun, Jianjian and Li, Zeming},
  booktitle={Proceedings of the AAAI Conference on Artificial Intelligence},
  volume={37},
  number={2},
  pages={1477--1485},
  year={2023}
}

@INPROCEEDINGS{shan2018lego,
  author={Shan, Tixiao and Englot, Brendan},
  booktitle={2018 IEEE/RSJ International Conference on Intelligent Robots and Systems (IROS)}, 
  title={LeGO-LOAM: Lightweight and Ground-Optimized Lidar Odometry and Mapping on Variable Terrain}, 
  year={2018},
  volume={},
  number={},
  pages={4758-4765},
  keywords={Feature extraction;Three-dimensional displays;Laser radar;Image segmentation;Pose estimation;Real-time systems;Iterative closest point algorithm},
  doi={10.1109/IROS.2018.8594299}}

@article{sarlin2023snap,
  title={Snap: Self-supervised neural maps for visual positioning and semantic understanding},
  author={Sarlin, Paul-Edouard and Trulls, Eduard and Pollefeys, Marc and Hosang, Jan and Lynen, Simon},
  journal={Advances in Neural Information Processing Systems},
  volume={36},
  pages={7697--7729},
  year={2023}
}

@ARTICLE{zhou2023lcpr,
  author={Zhou, Zijie and Xu, Jingyi and Xiong, Guangming and Ma, Junyi},
  journal={IEEE Robotics and Automation Letters}, 
  title={LCPR: A Multi-Scale Attention-Based LiDAR-Camera Fusion Network for Place Recognition}, 
  year={2024},
  volume={9},
  number={2},
  pages={1342-1349},
  keywords={Laser radar;Point cloud compression;Image coding;Feature extraction;Cameras;Image recognition;Three-dimensional displays;Place recognition;SLAM;sensor fusion;deep learning},
  doi={10.1109/LRA.2023.3346753}}

@ARTICLE{ma2022overlaptransformer,
  author={Ma, Junyi and Zhang, Jun and Xu, Jintao and Ai, Rui and Gu, Weihao and Chen, Xieyuanli},
  journal={IEEE Robotics and Automation Letters}, 
  title={OverlapTransformer: An Efficient and Yaw-Angle-Invariant Transformer Network for LiDAR-Based Place Recognition}, 
  year={2022},
  volume={7},
  number={3},
  pages={6958-6965},
  keywords={Laser radar;Transformers;Feature extraction;Sensors;Semantics;Point cloud compression;Image recognition;SLAM;deep learning methods;data sets for robot learning},
  doi={10.1109/LRA.2022.3178797}}

@inproceedings{arandjelovic2016netvlad,
  title={NetVLAD: CNN architecture for weakly supervised place recognition},
  author={Arandjelovic, Relja and Gronat, Petr and Torii, Akihiko and Pajdla, Tomas and Sivic, Josef},
  booktitle={Proceedings of the IEEE conference on computer vision and pattern recognition},
  pages={5297--5307},
  year={2016}
}

@INPROCEEDINGS{uy2018pointnetvlad,
  author={Uy, Mikaela Angelina and Lee, Gim Hee},
  booktitle={2018 IEEE/CVF Conference on Computer Vision and Pattern Recognition}, 
  title={PointNetVLAD: Deep Point Cloud Based Retrieval for Large-Scale Place Recognition}, 
  year={2018},
  volume={},
  number={},
  pages={4470-4479},
  keywords={Three-dimensional displays;Laser radar;Feature extraction;Image recognition;Databases;Task analysis;Two dimensional displays},
  doi={10.1109/CVPR.2018.00470}}

@inproceedings{he2024egovm,
  title={Egovm: Achieving precise ego-localization using lightweight vectorized maps},
  author={He, Yuzhe and Liang, Shuang and Rui, Xiaofei and Cai, Chengying and Wan, Guowei},
  booktitle={2024 IEEE/RSJ International Conference on Intelligent Robots and Systems (IROS)},
  pages={12248--12255},
  year={2024},
  organization={IEEE}
}

@misc{osm,
  author = "{OpenStreetMap contributors}",
  title = "{OpenStreetMap}",
  howpublished = "\url{https://www.openstreetmap.org/}",
  year = "{2024}"
}

@ARTICLE{osmpaper,
  author={Haklay, Mordechai and Weber, Patrick},
  journal={IEEE Pervasive Computing}, 
  title={OpenStreetMap: User-Generated Street Maps}, 
  year={2008},
  volume={7},
  number={4},
  pages={12-18},
  keywords={Global Positioning System;Educational institutions;Earth;Geologic measurements;Collaborative software;History;Geology;Mobile handsets;Standards publication;Standards development;Spatial databases and GIS;user-generated content;collaborative computing;computer-supported cooperative work},
  doi={10.1109/MPRV.2008.80}}

@article{zhang2023lidar,
  title={Lidar-based place recognition for autonomous driving: A survey},
  author={Zhang, Yongjun and Shi, Pengcheng and Li, Jiayuan},
  journal={ACM Computing Surveys},
  year={2023},
  publisher={ACM New York, NY}
}

@inproceedings{garg2021your,
  title={Where is your place, visual place recognition?},
  author={Garg, Sourav and Fischer, Tobias and Milford, Michael},
  booktitle={IJCAI},
  volume={8},
  pages={4416--4425},
  year={2021}
}

@INPROCEEDINGS{irschara2009structure,
  author={Irschara, Arnold and Zach, Christopher and Frahm, Jan-Michael and Bischof, Horst},
  booktitle={2009 IEEE Conference on Computer Vision and Pattern Recognition}, 
  title={From structure-from-motion point clouds to fast location recognition}, 
  year={2009},
  volume={},
  number={},
  pages={2599-2606},
  keywords={Clouds;Image reconstruction;Vocabulary;Indexing;Image databases;Image coding;Layout;Design methodology;Algorithm design and analysis;Graphics},
  doi={10.1109/CVPR.2009.5206587}}

@inproceedings{sarlin2019coarse,
  title={From coarse to fine: Robust hierarchical localization at large scale},
  author={Sarlin, Paul-Edouard and Cadena, Cesar and Siegwart, Roland and Dymczyk, Marcin},
  booktitle={Proceedings of the IEEE/CVF conference on computer vision and pattern recognition},
  pages={12716--12725},
  year={2019}
}

@inproceedings{toft2018semantic,
  title={Semantic match consistency for long-term visual localization},
  author={Toft, Carl and Stenborg, Erik and Hammarstrand, Lars and Brynte, Lucas and Pollefeys, Marc and Sattler, Torsten and Kahl, Fredrik},
  booktitle={Proceedings of the European Conference on Computer Vision (ECCV)},
  pages={383--399},
  year={2018}
}

@article{sattler2016efficient,
  title={Efficient \& effective prioritized matching for large-scale image-based localization},
  author={Sattler, Torsten and Leibe, Bastian and Kobbelt, Leif},
  journal={IEEE transactions on pattern analysis and machine intelligence},
  volume={39},
  number={9},
  pages={1744--1756},
  year={2016},
  publisher={IEEE}
}

@article{shen2024cross,
  title={Cross-Modal Visual Relocalization in Prior LiDAR Maps Utilizing Intensity Textures},
  author={Shen, Qiyuan and Zhao, Hengwang and Yan, Weihao and Wang, Chunxiang and Qin, Tong and Yang, Ming},
  journal={arXiv preprint arXiv:2412.01299},
  year={2024}
}

@inproceedings{panphattarasap2018automated,
  title={Automated map reading: image based localisation in 2-D maps using binary semantic descriptors},
  author={Panphattarasap, Pilailuck and Calway, Andrew},
  booktitle={2018 IEEE/RSJ International Conference on Intelligent Robots and Systems (IROS)},
  pages={6341--6348},
  year={2018},
  organization={IEEE}
}

@article{cho2022openstreetmap,
  title={Openstreetmap-based lidar global localization in urban environment without a prior lidar map},
  author={Cho, Younghun and Kim, Giseop and Lee, Sangmin and Ryu, Jee-Hwan},
  journal={IEEE Robotics and Automation Letters},
  volume={7},
  number={2},
  pages={4999--5006},
  year={2022},
  publisher={IEEE}
}

@inproceedings{yan2019global,
  title={Global localization on openstreetmap using 4-bit semantic descriptors},
  author={Yan, Fan and Vysotska, Olga and Stachniss, Cyrill},
  booktitle={2019 European conference on mobile robots (ECMR)},
  pages={1--7},
  year={2019},
  organization={IEEE}
}

@inproceedings{samano2020you,
  title={You are here: Geolocation by embedding maps and images},
  author={Samano, Noe and Zhou, Mengjie and Calway, Andrew},
  booktitle={Computer Vision--ECCV 2020: 16th European Conference, Glasgow, UK, August 23--28, 2020, Proceedings, Part XXIII 16},
  pages={502--518},
  year={2020},
  organization={Springer}
}

@inproceedings{ronneberger2015u,
  title={U-net: Convolutional networks for biomedical image segmentation},
  author={Ronneberger, Olaf and Fischer, Philipp and Brox, Thomas},
  booktitle={Medical image computing and computer-assisted intervention--MICCAI 2015: 18th international conference, Munich, Germany, October 5-9, 2015, proceedings, part III 18},
  pages={234--241},
  year={2015},
  organization={Springer}
}

@article{vaswani2017attention,
  title={Attention is all you need},
  author={Vaswani, A},
  journal={Advances in Neural Information Processing Systems},
  year={2017}
}

@article{liao2024osmloc,
  title={OSMLoc: Single Image-Based Visual Localization in OpenStreetMap with Geometric and Semantic Guidances},
  author={Liao, Youqi and Chen, Xieyuanli and Kang, Shuhao and Li, Jianping and Dong, Zhen and Fan, Hongchao and Yang, Bisheng},
  journal={arXiv preprint arXiv:2411.08665},
  year={2024}
}

@article{oquab2023dinov2,
  title={Dinov2: Learning robust visual features without supervision},
  author={Oquab, Maxime and Darcet, Timoth{\'e}e and Moutakanni, Th{\'e}o and Vo, Huy and Szafraniec, Marc and Khalidov, Vasil and Fernandez, Pierre and Haziza, Daniel and Massa, Francisco and El-Nouby, Alaaeldin and others},
  journal={arXiv preprint arXiv:2304.07193},
  year={2023}
}

@inproceedings{park2021pseudo,
  title={Is pseudo-lidar needed for monocular 3d object detection?},
  author={Park, Dennis and Ambrus, Rares and Guizilini, Vitor and Li, Jie and Gaidon, Adrien},
  booktitle={Proceedings of the IEEE/CVF International Conference on Computer Vision},
  pages={3142--3152},
  year={2021}
}

@inproceedings{reading2021categorical,
  title={Categorical depth distribution network for monocular 3d object detection},
  author={Reading, Cody and Harakeh, Ali and Chae, Julia and Waslander, Steven L},
  booktitle={Proceedings of the IEEE/CVF Conference on Computer Vision and Pattern Recognition},
  pages={8555--8564},
  year={2021}
}

@inproceedings{chen2022persformer,
  title={Persformer: 3d lane detection via perspective transformer and the openlane benchmark},
  author={Chen, Li and Sima, Chonghao and Li, Yang and Zheng, Zehan and Xu, Jiajie and Geng, Xiangwei and Li, Hongyang and He, Conghui and Shi, Jianping and Qiao, Yu and others},
  booktitle={European Conference on Computer Vision},
  pages={550--567},
  year={2022},
  organization={Springer}
}

@inproceedings{wang2022detr3d,
  title={Detr3d: 3d object detection from multi-view images via 3d-to-2d queries},
  author={Wang, Yue and Guizilini, Vitor Campagnolo and Zhang, Tianyuan and Wang, Yilun and Zhao, Hang and Solomon, Justin},
  booktitle={Conference on Robot Learning},
  pages={180--191},
  year={2022},
  organization={PMLR}
}

@inproceedings{gong2022gitnet,
  title={Gitnet: Geometric prior-based transformation for birds-eye-view segmentation},
  author={Gong, Shi and Ye, Xiaoqing and Tan, Xiao and Wang, Jingdong and Ding, Errui and Zhou, Yu and Bai, Xiang},
  booktitle={European Conference on Computer Vision},
  pages={396--411},
  year={2022},
  organization={Springer}
}

@inproceedings{zhou2022cross,
  title={Cross-view transformers for real-time map-view semantic segmentation},
  author={Zhou, Brady and Kr{\"a}henb{\"u}hl, Philipp},
  booktitle={Proceedings of the IEEE/CVF conference on computer vision and pattern recognition},
  pages={13760--13769},
  year={2022}
}

@inproceedings{liu2023petrv2,
  title={Petrv2: A unified framework for 3d perception from multi-camera images},
  author={Liu, Yingfei and Yan, Junjie and Jia, Fan and Li, Shuailin and Gao, Aqi and Wang, Tiancai and Zhang, Xiangyu},
  booktitle={Proceedings of the IEEE/CVF International Conference on Computer Vision},
  pages={3262--3272},
  year={2023}
}

@inproceedings{li2022hdmapnet,
  title={Hdmapnet: An online hd map construction and evaluation framework},
  author={Li, Qi and Wang, Yue and Wang, Yilun and Zhao, Hang},
  booktitle={2022 International Conference on Robotics and Automation (ICRA)},
  pages={4628--4634},
  year={2022},
  organization={IEEE}
}

@inproceedings{hu2023planning,
  title={Planning-oriented autonomous driving},
  author={Hu, Yihan and Yang, Jiazhi and Chen, Li and Li, Keyu and Sima, Chonghao and Zhu, Xizhou and Chai, Siqi and Du, Senyao and Lin, Tianwei and Wang, Wenhai and others},
  booktitle={Proceedings of the IEEE/CVF Conference on Computer Vision and Pattern Recognition},
  pages={17853--17862},
  year={2023}
}

@inproceedings{hu2022st,
  title={St-p3: End-to-end vision-based autonomous driving via spatial-temporal feature learning},
  author={Hu, Shengchao and Chen, Li and Wu, Penghao and Li, Hongyang and Yan, Junchi and Tao, Dacheng},
  booktitle={European Conference on Computer Vision},
  pages={533--549},
  year={2022},
  organization={Springer}
}

@inproceedings{lee2020centermask,
  title={Centermask: Real-time anchor-free instance segmentation},
  author={Lee, Youngwan and Park, Jongyoul},
  booktitle={Proceedings of the IEEE/CVF conference on computer vision and pattern recognition},
  pages={13906--13915},
  year={2020}
}

@inproceedings{he2016deep,
  title={Deep residual learning for image recognition},
  author={He, Kaiming and Zhang, Xiangyu and Ren, Shaoqing and Sun, Jian},
  booktitle={Proceedings of the IEEE conference on computer vision and pattern recognition},
  pages={770--778},
  year={2016}
}

@article{yan2018second,
  title={Second: Sparsely embedded convolutional detection},
  author={Yan, Yan and Mao, Yuxing and Li, Bo},
  journal={Sensors},
  volume={18},
  number={10},
  pages={3337},
  year={2018},
  publisher={Multidisciplinary Digital Publishing Institute}
}

@inproceedings{carion2020end,
  title={End-to-end object detection with transformers},
  author={Carion, Nicolas and Massa, Francisco and Synnaeve, Gabriel and Usunier, Nicolas and Kirillov, Alexander and Zagoruyko, Sergey},
  booktitle={European conference on computer vision},
  pages={213--229},
  year={2020},
  organization={Springer}
}

@inproceedings{ross2017focal,
  title={Focal loss for dense object detection},
  author={Ross, T-YLPG and Doll{\'a}r, GKHP},
  booktitle={proceedings of the IEEE conference on computer vision and pattern recognition},
  pages={2980--2988},
  year={2017}
}

@inproceedings{caesar2020nuscenes,
  title={nuscenes: A multimodal dataset for autonomous driving},
  author={Caesar, Holger and Bankiti, Varun and Lang, Alex H and Vora, Sourabh and Liong, Venice Erin and Xu, Qiang and Krishnan, Anush and Pan, Yu and Baldan, Giancarlo and Beijbom, Oscar},
  booktitle={Proceedings of the IEEE/CVF conference on computer vision and pattern recognition},
  pages={11621--11631},
  year={2020}
}

@inproceedings{chang2019argoverse,
  title={Argoverse: 3d tracking and forecasting with rich maps},
  author={Chang, Ming-Fang and Lambert, John and Sangkloy, Patsorn and Singh, Jagjeet and Bak, Slawomir and Hartnett, Andrew and Wang, De and Carr, Peter and Lucey, Simon and Ramanan, Deva and others},
  booktitle={Proceedings of the IEEE/CVF conference on computer vision and pattern recognition},
  pages={8748--8757},
  year={2019}
}

@inproceedings{wu2024blos,
  title={Blos-bev: Navigation map enhanced lane segmentation network, beyond line of sight},
  author={Wu, Hang and Zhang, Zhenghao and Lin, Siyuan and Qin, Tong and Pan, Jin and Zhao, Qiang and Xu, Chunjing and Yang, Ming},
  booktitle={2024 IEEE Intelligent Vehicles Symposium (IV)},
  pages={3212--3219},
  year={2024},
  organization={IEEE}
}

@article{loshchilov2017decoupled,
  title={Decoupled weight decay regularization},
  author={Loshchilov, I},
  journal={arXiv preprint arXiv:1711.05101},
  year={2017}
}

@article{xiong2023multi,
  title={Multi-uncertainty captured multi-robot lidar odometry and mapping framework for large-scale environments},
  author={Xiong, Guangming and Ma, Junyi and Yu, Huilong and Xu, Jingyi and Xu, Jiahui},
  journal={Unmanned Systems},
  volume={11},
  number={02},
  pages={143--157},
  year={2023},
  publisher={World Scientific}
}





