
@misc{noauthor_greatscottgadgetslibbtbb_2020,
	title = {greatscottgadgets/libbtbb},
	copyright = {GPL-2.0 License},
	url = {https://github.com/greatscottgadgets/libbtbb},
	publisher = {Great Scott Gadgets},
	year = {2020},
}

@article{shriberg_phonetic_nodate,
	title = {{PHONETIC} {CONSEQUENCES} {OF} {SPEECH} {DISFLUENCY}},
	author = {Shriberg, Elizabeth E},
	year = {1999}
}

@article{lease_recognizing_2006,
	title = {Recognizing disfluencies in conversational speech},
	journal = {IEEE Transactions on Audio, Speech, and Language Processing},
	author = {Lease, M. and Johnson, M. and Charniak, E.},
	year = {2006},
}

@article{zvonik_effect_nodate,
	title = {{THE} {EFFECT} {OF} {SURROUNDING} {PHRASE} {LENGTHS} {ON} {PAUSE} {DURATION}.},
	author = {Zvonik, Elena and Cummins, Fred},
	year = {2003},
	journal = {EUROSPEECH 2003}
}

@article{liu_automatic_nodate,
	title = {Automatic {Disﬂuency} {Identiﬁcation} in {Conversational} {Speech} {Using} {Multiple} {Knowledge} {Sources}},
	author = {Liu, Yang and Shriberg, Elizabeth and Stolcke, Andreas},
	year = {2003},
	journal = {EUROSPEECH 2003}
}

@inproceedings{oshaughnessy_timing_1995,
	title = {Timing patterns in fluent and disfluent spontaneous speech},
	booktitle = {{International} {Conference} on {Acoustics}, {Speech}, and {Signal} {Processing}},
	author = {O'Shaughnessy, D.},
	year = {1995},
}

@article{stolcke_automatic_nodate,
	title = {{AUTOMATIC} {DETECTION} {OF} {SENTENCE} {BOUNDARIES} {AND} {DISFLUENCIES} {BASED} {ON} {RECOGNIZED} {WORDS}},
	author = {Stolcke, Andreas and Shriberg, Elizabeth and Bates, Rebecca and Ostendorf, Mari and Plauche, Madelaine and Tur, Gokhan and Lu, Yu and Hakkani, Dilek},
	year = {1998},
	journal = {International Conference on Spoken Language Processing}
}

@incollection{arnold_prosody_2004,
	title = {Prosody {Modeling} for {Automatic} {Speech} {Recognition} and {Understanding}},
	booktitle = {Mathematical {Foundations} of {Speech} and {Language} {Processing}},
	author = {Shriberg, Elizabeth and Stolcke, Andreas},
	year = {2004},
}

@article{eriksson_frequency_nodate,
	title = {The frequency range of the voice fundamental in the speech of male and female adults},
	author = {Eriksson, Anders},
}

%don't change this one, I use it in the background
@inproceedings{gao_detection_2021,
	title = {Detection and {Evaluation} of {Human} and {Machine} {Generated} {Speech} in {Spoofing} {Attacks} on {Automatic} {Speaker} {Verification} {Systems}},
	booktitle = {{IEEE} {Spoken} {Language} {Technology} {Workshop}},
	author = {Gao, Y. and Lian, J. and Raj, B. and Singh, R.},
	year = {2021},
}

@inproceedings{lee_robust_2019,
	title = {Robust and {Fine}-grained {Prosody} {Control} of {End}-to-end {Speech} {Synthesis}},
	booktitle = {{IEEE} {International} {Conference} on {Acoustics}, {Speech} and {Signal} {Processing}},
	author = {Lee, Y. and Kim, T.},
	year = {2019},
}

@article{schroder_emotional_2001,
	title = {Emotional {Speech} {Synthesis}: {A} {Review}},
	author = {Schröder, Marc},
	year = {2001},
}

@inproceedings{skerry-ryan_towards_nodate,
  title={Towards {End}-to-{End} {Prosody} {Transfer}  for {Expressive} {Speech} {Synthesis} with {Tacotron}},
  author={Skerry-Ryan, RJ and Battenberg, Eric and Xiao, Ying and Wang, Yuxuan and Stanton, Daisy and Shor, Joel and Weiss, Ron and Clark, Rob and Saurous, Rif A},
  booktitle={ICML},
  year={2018},
}

@article{syrdal_dialog_2008,
	title = {Dialog speech acts and prosody: {Considerations} for {TTS}},
	journal = {Speech Prosody},
	author = {Syrdal, Ann K and Kim, Yeon-Jun},
	year = {2008},
}

@article{teixeira_prosody_2004,
  title={A prosody model to TTS systems},
  author={Teixeira, Jo{\~a}o Paulo and others},
  journal={Phd, Faculdade de Engenharia da Universidade do Porto},
  year={2004}
}

@inproceedings{wightman_perceptually_nodate,
  title={Perceptually based automatic prosody labeling and prosodically enriched unit selection improve concatenative text-to-speech synthesis},
  author={Wightman, Colin W and Syrdal, Ann K and Stemmer, Georg and Conkie, Alistair and Beutnagel, Mark},
  booktitle={Sixth International Conference on Spoken Language Processing},
  year={2000}
}

@inproceedings{zi-he_chen_prosody_2005,
	title = {Prosody modeling and eigen-prosody analysis for robust speaker recognition},
	booktitle = {{IEEE} {ICASSP}},
	author = {{Zi-He Chen} and {Yuan-Fu Liao} and {Yau-Tarng Juang}},
	year = {2005},
}

@inproceedings{shriberg_direct_nodate,
  title={Direct {Modeling} of {Prosody}: {An} {Overview} of {Applications} in {Automatic} {Speech} {Processing}},
  author={Shriberg, Elizabeth and Stolcke, Andreas},
  booktitle={Speech Prosody 2004, International Conference},
  year={2004}
}

@article{gunning_explainable_nodate,
  title={Explainable {Artificial} {Intelligence} ({XAI})},
  author={Gunning, David},
  journal={Defense Advanced Research Projects Agency (DARPA), nd Web},
  year={2017}
}

@article{samek_explainable_2017,
	title = {Explainable {Artificial} {Intelligence}: {Understanding}, {Visualizing} and {Interpreting} {Deep} {Learning} {Models}},
	journal = {arXiv:1708.08296 [cs, stat]},
	author = {Samek, Wojciech and Wiegand, Thomas and Müller, Klaus-Robert},
	year = {2017},
}

@inproceedings{todisco_asvspoof_2019,
  author={Massimiliano Todisco and Xin Wang and Ville Vestman and Md. Sahidullah and Héctor Delgado and Andreas Nautsch and Junichi Yamagishi and Nicholas Evans and Tomi H. Kinnunen and Kong Aik Lee},
  title={{ASVspoof 2019: Future Horizons in Spoofed and Fake Audio Detection}},
  year=2019,
  booktitle={Proc. Interspeech 2019},
}

@inproceedings{shiota_voice_nodate,
  title={Voice liveness detection algorithms based on pop noise caused by human breath for automatic speaker verification},
  author={Shiota, Sayaka and Villavicencio, Fernando and Yamagishi, Junichi and Ono, Nobutaka and Echizen, Isao and Matsui, Tomoko},
  booktitle={Sixteenth annual conference of the international speech communication association},
  year={2015}
}

@inproceedings{wang_voicepop_2019,
	title = {{VoicePop}: {A} {Pop} {Noise} based {Anti}-spoofing {System} for {Voice} {Authentication} on {Smartphones}},
	booktitle = {{IEEE} {Conference} on {Computer} {Communications}},
	author = {Wang, Q. and Lin, X. and Zhou, M. and Chen, Y. and Wang, C. and Li, Q. and Luo, X.},
	year = {2019},
}

@article{wang_secure_2019,
	title = {Secure {Your} {Voice}: {An} {Oral} {Airflow}-{Based} {Continuous} {Liveness} {Detection} for {Voice} {Assistants}},
	journal = {Interactive, Mobile, Wearable and Ubiquitous Technologies},
	author = {Wang, Yao and Cai, Wandong and Gu, Tao and Shao, Wei and Li, Yannan and Yu, Yong},
	year = {2019},
}

@inproceedings{albadawy_detecting_nodate,
  author={Ehab A. AlBadawy and Siwei Lyu and Hany Farid},
  title={Detecting AI-Synthesized Speech Using Bispectral Analysis},
  year={2019},
  booktitle={CVPR Workshops}
}

@inproceedings{malik_securing_2019,
	title = {Securing {Voice}-{Driven} {Interfaces} {Against} {Fake} ({Cloned}) {Audio} {Attacks}},
	booktitle = {{IEEE} {Conference} on {Multimedia} {Information} {Processing} and {Retrieval}},
	author = {Malik, Hafiz},
	year = {2019},
}

@inproceedings{das_long_2019,
	title = {Long {Range} {Acoustic} and {Deep} {Features} {Perspective} on {ASVspoof} 2019},
	booktitle = {{IEEE} {Automatic} {Speech} {Recognition} and {Understanding} {Workshop}},
	author = {Das, R. K. and Yang, J. and Li, H.},
	year = {2019},
}

@inproceedings{chen_generalization_2020,
	title = {Generalization of {Audio} {Deepfake} {Detection}},
	booktitle = {{The} {Speaker} and {Language} {Recognition} {Workshop}},
	author = {Chen, Tianxiang and Kumar, Avrosh and Nagarsheth, Parav and Sivaraman, Ganesh and Khoury, Elie},
	year = {2020},
}

@inproceedings{alzantot_deep_2019,
	title = {Deep {Residual} {Neural} {Networks} for {Audio} {Spoofing} {Detection}},
	booktitle = {Interspeech 2019},
	publisher = {ISCA},
	author = {Alzantot, Moustafa and Wang, Ziqi and Srivastava, Mani B.},
	year = {2019},
}

@inproceedings{chettri_ensemble_2019,
  author={Bhusan Chettri and Daniel Stoller and Veronica Morfi and Marco A. Martínez Ramírez and Emmanouil Benetos and Bob L. Sturm},
  title={{Ensemble Models for Spoofing Detection in Automatic Speaker Verification}},
  year=2019,
  booktitle={Proc. Interspeech 2019},
}

@article{chintha_recurrent_2020,
	title = {Recurrent {Convolutional} {Structures} for {Audio} {Spoof} and {Video} {Deepfake} {Detection}},
	journal = {IEEE Journal of Selected Topics in Signal Processing},
	author = {Chintha, A. and Thai, B. and Sohrawardi, S. J. and Bhatt, K. and Hickerson, A. and Wright, M. and Ptucha, R.},
	year = {2020},

}

@article{yu_spoofing_2018,
	title = {Spoofing {Detection} in {Automatic} {Speaker} {Verification} {Systems} {Using} {DNN} {Classifiers} and {Dynamic} {Acoustic} {Features}},
	journal = {IEEE Transactions on Neural Networks and Learning Systems},
	author = {Yu, H. and Tan, Z. and Ma, Z. and Martin, R. and Guo, J.},
	year = {2018},
}

@inproceedings{wijethunga_deepfake_2020,
	title = {Deepfake {Audio} {Detection}: {A} {Deep} {Learning} {Based} {Solution} for {Group} {Conversations}},
	booktitle = {2020 2nd {International} {Conference} on {Advancements} in {Computing} ({ICAC})},
	author = {Wijethunga, R. L. M. A. P. C. and Matheesha, D. M. K. and Noman, A. A. and Silva, K. H. V. T. A. De and Tissera, M. and Rupasinghe, L.},
	year = {2020},
}

@inproceedings{lorenzo-trueba_can_2018,
  author={Jaime Lorenzo-Trueba and Fuming Fang and Xin Wang and Isao Echizen and Junichi Yamagishi and Tomi Kinnunen},
  title={Can we steal your vocal identity from the Internet?: Initial investigation of cloning Obama’s voice using GAN, WaveNet and low-quality found data},
  year=2018,
  booktitle={Speaker and Language Recognition Workshop},
}

@inproceedings{oord_parallel_2017,
  author={Aäron van den Oord and Yazhe Li and Igor Babuschkin and Karen Simonyan and Oriol Vinyals and Koray Kavukcuoglu and George van den Driessche and Edward Lockhart and Luis C. Cobo and Florian Stimberg and Norman Casagrande and Dominik Grewe and Seb Noury and Sander Dieleman and Erich Elsen and Nal Kalchbrenner and Heiga Zen and Alex Graves and Helen King and Tom Walters and Dan Belov and Demis Hassabis},
  title={Parallel WaveNet: Fast High-Fidelity Speech Synthesis},
  year={2018},
  booktitle={ICML}
}

@inproceedings{kim_flowavenet_2019,
  author={Sungwon Kim and Sang-gil Lee and Jongyoon Song and Jaehyeon Kim and Sungroh Yoon},
  title={FloWaveNet : A Generative Flow for Raw Audio},
  year={2019},
  booktitle={ICML}
}


@inproceedings{oord_wavenet_2016,
author={Aäron van den Oord and Sander Dieleman and Heiga Zen and Karen Simonyan and Oriol Vinyals and Alex Graves and Nal Kalchbrenner and Andrew Senior and Koray Kavukcuoglu},
title={WaveNet: A Generative Model for Raw Audio},
year=2016,
booktitle={ISCA Speech Synthesis Workshop},
}

@inproceedings{chan_listen_2016,
	title = {Listen, attend and spell: {A} neural network for large vocabulary conversational speech recognition},
	booktitle = {{IEEE} {International} {Conference} on {Acoustics}, {Speech} and {Signal} {Processing}},
	author = {Chan, W. and Jaitly, N. and Le, Q. and Vinyals, O.},
	year = {2016},
}

@article{janbakhshi_automatic_2020,
	title = {Automatic dysarthric speech detection exploiting pairwise distance-based convolutional neural networks},
	journal = {arXiv:2011.07545},
	author = {Janbakhshi, P. and Kodrasi, I. and Bourlard, H.},
	year = {2020},
}

@inproceedings{karaulov_attention_2019,
  author={Ievgen Karaulov and Dmytro Tkanov},
  title={{Attention Model for Articulatory Features Detection}},
  year=2019,
  booktitle={Proc. Interspeech 2019},
}

@article{alm_audio-visual_2009,
	title = {Audio-visual identification of place of articulation and voicing in white and babble noise},
	journal = {The Journal of the Acoustical Society of America},
	author = {Alm, Magnus and Behne, Dawn M. and Wang, Yue and Eg, Ragnhild},
	year = {2009},
}

@article{wang_articulatory_2013,
	title = {Articulatory {Distinctiveness} of {Vowels} and {Consonants}: {A} {Data}-{Driven} {Approach}},
	journal = {Journal of Speech, Language, and Hearing Research},
	author = {Wang, Jun and Green, Jordan R. and Samal, Ashok and Yunusova, Yana},
	year = {2013},
}

@inproceedings{zhang_voicelive_2016,
	title = {{VoiceLive}: {A} {Phoneme} {Localization} based {Liveness} {Detection} for {Voice} {Authentication} on {Smartphones}},
	booktitle = {{ACM} {SIGSAC} {Conference} on {Computer} and {Communications} {Security}},
	author = {Zhang, Linghan and Tan, Sheng and Yang, Jie and Chen, Yingying},
	year = {2016},
}

@inproceedings{zhang_voicelive_2016-1,
	title = {{VoiceLive}: {A} {Phoneme} {Localization} based {Liveness} {Detection} for {Voice} {Authentication} on {Smartphones}},
	booktitle = {{ACM} {SIGSAC} {Conference} on {Computer} and {Communications} {Security}},
	author = {Zhang, Linghan and Tan, Sheng and Yang, Jie and Chen, Yingying},
	year = {2016},
}

@inproceedings{zhang_voicelive_2016-2,
	title = {{VoiceLive}: {A} {Phoneme} {Localization} based {Liveness} {Detection} for {Voice} {Authentication} on {Smartphones}},
	booktitle = {{ACM} {SIGSAC} {Conference} on {Computer} and {Communications} {Security}},
	author = {Zhang, Linghan and Tan, Sheng and Yang, Jie and Chen, Yingying},
	year = {2016},
}

@article{noth_verbmobil_2000,
	title = {{VERBMOBIL}: the use of prosody in the linguistic components of a speech understanding system},
	journal = {IEEE Transactions on Speech and Audio Processing},
	author = {Noth, E. and Batliner, A. and Kiessling, A. and Kompe, R. and Niemann, H.},
	year = {2000},
}

@misc{noauthor_pii_nodate,
	title = {{PII}: {S0167}-6393(01)00024-3 {\textbar} {Elsevier} {Enhanced} {Reader}},
	url = {https://reader.elsevier.com/reader/sd/pii/S0167639301000243?token=D848824571C316CDDE236C0EF8E94E988B3298331F4228767E58BB375D880449AE55F81E76A97A10584AB01FDAA28EC5&originRegion=us-east-1&originCreation=20210409173048},
}

@inproceedings{reimao_for_2019,
	title = {{FoR}: {A} {Dataset} for {Synthetic} {Speech} {Detection}},
	booktitle = {2019 {International} {Conference} on {Speech} {Technology} and {Human}-{Computer} {Dialogue} ({SpeD})},
	author = {Reimao, R. and Tzerpos, V.},
	year = {2019},
	}

@article{frequency_eriksson,
  title={The frequency range of the voice fundamental in the speech of male and female adults},
  author={Traunm{\"u}ller, Hartmut and Eriksson, Anders},
  journal={Unpublished manuscript},
  year={1995}
}

@article{vocal_analysis,
title = {{Vocal} {Acoustic} {Analysis} – {Jitter}, {Shimmer} and {HNR} {Parameters}},
journal = {Procedia Technology},
year = {2013},
author = {João Paulo Teixeira and Carla Oliveira and Carla Lopes}
}

@InProceedings{hnr_murphy,
author="Murphy, Peter J.
and Akande, Olatunji O.",
title="Cepstrum-Based Estimation of the Harmonics-to-Noise Ratio for Synthesized and Human Voice Signals",
booktitle="Nonlinear Analyses and Algorithms for Speech Processing",
year="2005",
}

@article{theft, 
title={{F}raudsters {U}sed {AI} to {M}imic {CEO's} {V}oice in {U}nusual {C}rime},
author={Catherine Stupp},
journal={Wall Street Journal},
year={2019},
}

@article{cruise_fake, 
title={{Y}our {L}oved {O}nes, and {E}erie {T}om {C}ruise {V}ideos, {R}eanimate {U}nease {W}ith {D}eepfakes},
author={Daniel Victor},
journal={New York Times},
year={2021},
}

@article{baird2018the,
	title = {The Perception of Vocal Traits in Synthesized Voices: Age, Gender, and Human Likeness},
	author = {Baird, Alice and Jørgensen, Stina Hasse and Parada-Cabaleiro, Emilia and Cummins, Nicholas and Hantke, Simone and Schuller, Björn},
	journal = {J. Audio Eng. Soc},
	year = {2018}
}

@article{hirschberg_communication_2002,
	title = {Communication and prosody: {Functional} aspects of prosody},
	journal = {Speech Communication},
	author = {Hirschberg, Julia},
	year = {2002},
}

@inproceedings{sonmez_lognormal_1997,
  title={A lognormal tied mixture model of pitch for prosody based speaker recognition},
  author={S{\"o}nmez, M Kemal and Heck, Larry and Weintraub, Mitchel and Shriberg, Elizabeth},
  booktitle={European Conference on Speech Communication and Technology},
  year={1997}
}

@inproceedings{SaundersDetectingDF,
  title={Detecting Deep Fakes With Mice : Machines vs Biology},
  booktitle={Black Hat USA},
  year = {2019},
  author={Jonathan Saunders}
}

@ARTICLE{MBP14,
  AUTHOR = {Timothy Mills and H. Timothy Bunnell and Rupal Patel}, 
  TITLE = {{Towards Personalized Speech Synthesis for Augmentative and 
      Alternative Communication}}, 
  JOURNAL = {{Augmentative and Alternative Communication}}, 
  YEAR = {2014}
}

@article{fisher_fake, 
title={The '{S}tar {W}ars' team describes the challenge of bringing {C}arrie {F}isher back to the screen one more time: '{I}t was a gigantic puzzle'},
author={Kirsten Acuna},
journal={Insider},
year={2020},
}

@misc{RealTimeVoiceCloning,
  author = {Corentin Jemine},
  title = {Real-Time Voice Cloning},
  year = {2019},
  journal = {GitHub repository},
  howpublished = {\url{https://github.com/CorentinJ/Real-Time-Voice-Cloning}},
}

@misc{lyrebird, 
	title={{L}yrebird {T}ext-to-{S}peech}, 
	url={https://www.descript.com/lyrebird}, 
	journal={Descript},
	year={2021}
 } 

@article{timitcorpus,
  title={DARPA TIMIT acoustic-phonetic continous speech corpus CD-ROM. NIST speech disc 1-1.1},
  author={Garofolo, John S and Lamel, Lori F and Fisher, William M and Fiscus, Jonathan G and Pallett, David S},
  journal={NASA STI/Recon technical report},
  year={1993}
}

@article{peele_obama, 
title={Watch {J}ordan {P}eele use {AI} to make {B}arack {O}bama deliver a {PSA} about fake news},
author={James Vincent},
journal={TheVerge},
year={2018},
}
‘I’m the original voice of Siri’
@article{siri_bennett, 
title={I’m the original voice of {S}iri},
author={Jessica Ravtz},
journal={CNN},
year={2013},
}

@misc{praat,
    author = "Paul Boersma and David Weenink",
    title = "{P}raat: doing phonetics by computer [{C}omputer program]",
    howpublished = "Version 6.1.38",
    year = "2021"
}

@article{vocal_measures,
title = {Acoustic vocal measures in women without voice complaints and with normal larynxes},
journal = {Brazilian Journal of Otorhinolaryngology},
year = {2009},
author = {Leila {Susana Finger} and Carla {Aparecida Cielo} and Karine Schwarz}
}

@article{teixeira_vocal_2013,
	title = {Vocal {Acoustic} {Analysis} – {Jitter}, {Shimmer} and {HNR} {Parameters} {\textbar} {Elsevier} {Enhanced} {Reader}},
	year = {2013},
	author = {João {Paulo Teixeira}, Carla {Oliveira} and Carla Lopes},
	journal={Science Direct},
}

@misc{praat_manual, 
	title={{P}raat {M}anual}, 
	url={https://www.fon.hum.uva.nl/praat/manual/},
	year={2021},
} 

@article{abdi2010principal,
  title={Principal component analysis},
  author={Abdi, Herv{\'e} and Williams, Lynne J},
  journal={Wiley interdisciplinary reviews: computational statistics},
  year={2010},
}

@article{iso2021,
  title={Information technology--Biometric performance testing and reporting--Part 1: Principles and framework},
  author={ISO/IEC JTC1 SC37 Biometrics},
  journal={ISO/IEC FDIS 19795-1:2021},
  year={2021}
}

@inproceedings{tacotron,
  author={Yuxuan Wang and R.J. Skerry-Ryan and Daisy Stanton and Yonghui Wu and Ron J. Weiss and Navdeep Jaitly and Zongheng Yang and Ying Xiao and Zhifeng Chen and Samy Bengio and Quoc Le and Yannis Agiomyrgiannakis and Rob Clark and Rif A. Saurous},
  title={Tacotron: Towards End-to-End Speech Synthesis},
  year=2017,
  booktitle={Proc. Interspeech 2017},
}

 @misc{paris_donovan_2019, 
 title={Deepfakes and Cheap Fakes}, 
 journal={Data &amp; Society}, 
 author={Paris, Britt and Donovan, Joan}, 
 year={2019}, 
 } 

 @misc{jurecic_schulz_2020, 
 title={Thirty-Six Hours of Cheapfakes}, 
 journal={Disinformation Thirty-Six Hours of Cheapfakes}, 
 author={Jurecic, Quinta and Schulz, Jacob}, 
 year={2020},
 } 

@misc{leviathan_2018_google,
title={Google Duplex: an AI system for accomplishing real-world tasks over the phone},
author={Leviathan, Yaniv and Matias, Yossi},
year={2018},
}

@article{nooteboom1997prosody,
  title={The prosody of speech: melody and rhythm},
  author={Nooteboom, Sieb},
  journal={The handbook of phonetic sciences},
  year={1997},
}

@article{parselmouth,
    author = "Yannick Jadoul and Bill Thompson and Bart de Boer",
    title = "Introducing {P}arselmouth: A {P}ython interface to {P}raat",
    journal = "Journal of Phonetics",
    year = "2018",
}

@article{mermelstein1976distance_MFCC,
  title={Distance measures for speech recognition, psychological and instrumental},
  author={Mermelstein, Paul},
  journal={Pattern recognition and artificial intelligence},
  volume={116},
  pages={374--388}
}

@article{davis1980comparison_MFCC,
  title={Comparison of parametric representations for monosyllabic word recognition in continuously spoken sentences},
  author={Davis, Steven and Mermelstein, Paul},
  journal={IEEE transactions on acoustics, speech, and signal processing},
  year={1980},
}

@inproceedings{todisco2016new_CQCC,
  title={A New Feature for Automatic Speaker Verification Anti-Spoofing: Constant Q Cepstral Coefficients.},
  author={Todisco, Massimiliano and Delgado, H{\'e}ctor and Evans, Nicholas WD},
  year={2016}
}

@article{todisco2017constant_CQCC,
  title={Constant Q cepstral coefficients: A spoofing countermeasure for automatic speaker verification},
  author={Todisco, Massimiliano and Delgado, H{\'e}ctor and Evans, Nicholas},
  journal={Computer Speech \& Language},
  year={2017},
}

@article{SJP09,
  author = {Sue JE Peppe}, 
  title = {Why is prosody in speech-language pathology so difficult?},
  journal = {{International Journal of Speech-Language Pathology}}, 
  year = {2009}
}

@inproceedings{ALF19,
  author = {Ehab AlBadawy and Siwei Lyu and Hany Farid}, 
  title = {{Detecting AI-Synthesized Speech Using Bispectral Analysis}}, 
  booktitle = {{Workshop on Media Forensics}}, 
  year = {2019}
}

@article{RING20219,
title = {Europol: the AI hacker threat to biometrics},
journal = {Biometric Technology Today},
year = {2021},
author = {Tim Ring},
}

@article{balamurali2019toward,
  title={Toward robust audio spoofing detection: A detailed comparison of traditional and learned features},
  author={Balamurali, BT and Lin, Kinwah Edward and Lui, Simon and Chen, Jer-Ming and Herremans, Dorien},
  journal={IEEE Access},
  year={2019},
}
@inproceedings{pan2012detecting,
  title={Detecting splicing in digital audios using local noise level estimation},
  author={Pan, Xunyu and Zhang, Xing and Lyu, Siwei},
  booktitle={2012 IEEE International Conference on Acoustics, Speech and Signal Processing},
  year={2012},
}

@article{mozziconacci1999role,
  title={Role of intonation patterns in conveying emotion in speech},
  author={Mozziconacci, Sylvie JL and Hermes, Dik J},
  journal={ICPhS},
  year={1999},
}
@article{scikit-learn,
 title={Scikit-learn: Machine Learning in {P}ython},
 author={Pedregosa, F. and Varoquaux, G. and Gramfort, A. and Michel, V.
         and Thirion, B. and Grisel, O. and Blondel, M. and Prettenhofer, P.
         and Weiss, R. and Dubourg, V. and Vanderplas, J. and Passos, A. and
         Cournapeau, D. and Brucher, M. and Perrot, M. and Duchesnay, E.},
 journal={Journal of Machine Learning Research},
 year={2011}
}

@inproceedings{mozziconacci2002prosody,
  title={Prosody and emotions},
  author={Mozziconacci, Sylvie},
  booktitle={Speech Prosody 2002, International Conference},
  year={2002}
}

@inproceedings{sun_fully-hierarchical_2020,
	title = {Fully-{Hierarchical} {Fine}-{Grained} {Prosody} {Modeling} {For} {Interpretable} {Speech} {Synthesis}},
	booktitle = {{IEEE} {International} {Conference} on {Acoustics}, {Speech} and {Signal} {Processing}},
	author = {Sun, Guangzhi and Zhang, Yu and Weiss, Ron J. and Cao, Yuan and Zen, Heiga and Wu, Yonghui},
	year = {2020},
}

@inproceedings{sun_generating_2020,
	title = {Generating {Diverse} and {Natural} {Text}-to-{Speech} {Samples} {Using} a {Quantized} {Fine}-{Grained} {VAE} and {Autoregressive} {Prosody} {Prior}},
	booktitle = {{IEEE} {International} {Conference} on {Acoustics}, {Speech} and {Signal} {Processing}},
	author = {Sun, Guangzhi and Zhang, Yu and Weiss, Ron J. and Cao, Yuan and Zen, Heiga and Rosenberg, Andrew and Ramabhadran, Bhuvana and Wu, Yonghui},
	year = {2020},
}


@misc{ASV_eval, 
	title={{ASVspoof 2021: Automatic Speaker Verification Spoofing and Countermeasures Challenge Evaluation Plan}}, 
	url={https://www.asvspoof.org/asvspoof2021/asvspoof2021_evaluation_plan.pdf},
	year={2021},
} 


@inproceedings{tits_laughter_2020,
	title = {Laughter {Synthesis}: {Combining} {Seq2seq} {Modeling} with {Transfer} {Learning}},
	booktitle = {Interspeech 2020},
	author = {Tits, Noé and Haddad, Kevin El and Dutoit, Thierry},
	year = {2020},
	}

@inproceedings{shankar_multi-speaker_2020,
	title = {Multi-{Speaker} {Emotion} {Conversion} via {Latent} {Variable} {Regularization} and a {Chained} {Encoder}-{Decoder}-{Predictor} {Network}},
	booktitle = {Interspeech 2020},
	author = {Shankar, Ravi and Hsieh, Hsi-Wei and Charon, Nicolas and Venkataraman, Archana},
	year = {2020},	
	}

@inproceedings{shankar_non-parallel_2020,
	title = {Non-{Parallel} {Emotion} {Conversion} {Using} a {Deep}-{Generative} {Hybrid} {Network} and an {Adversarial} {Pair} {Discriminator}},
	booktitle = {Interspeech 2020},
	author = {Shankar, Ravi and Sager, Jacob and Venkataraman, Archana},
	year = {2020},
	}

@inproceedings{cao_nonparallel_2020,
	title = {Nonparallel {Emotional} {Speech} {Conversion} {Using} {VAE}-{GAN}},
	booktitle = {Interspeech 2020},
	author = {Cao, Yuexin and Liu, Zhengchen and Chen, Minchuan and Ma, Jun and Wang, Shaojun and Xiao, Jing},
	year = {2020},
	}

@inproceedings{zhou_converting_2020,
	title = {Converting {Anyone}’s {Emotion}: {Towards} {Speaker}-{Independent} {Emotional} {Voice} {Conversion}},
	booktitle = {Interspeech 2020},
	author = {Zhou, Kun and Sisman, Berrak and Zhang, Mingyang and Li, Haizhou},
	year = {2020},
	}

@inproceedings{kishida_simultaneous_2020,
	title = {Simultaneous {Conversion} of {Speaker} {Identity} and {Emotion} {Based} on {Multiple}-{Domain} {Adaptive} {RBM}},
	booktitle = {Interspeech 2020},
	author = {Kishida, Takuya and Tsukamoto, Shin and Nakashika, Toru},
	year = {2020},
	}

@book{zaidi_daft-exprt_2021,
	title = {Daft-{Exprt}: {Robust} {Prosody} {Transfer} {Across} {Speakers} for {Expressive} {Speech} {Synthesis}},
	author = {Zaidi, Julian and Seuté, Hugo and van Niekerk, Benjamin and Carbonneau, Marc-André},
	year = {2021},
}


@inproceedings{matsumoto_controlling_2020,
	title = {Controlling the {Strength} of {Emotions} in {Speech}-{Like} {Emotional} {Sound} {Generated} by {WaveNet}},
	booktitle = {Interspeech 2020},
	author = {Matsumoto, Kento and Hara, Sunao and Abe, Masanobu},
	year = {2020},
	}


@inproceedings{sorin_principal_2020,
	title = {Principal {Style} {Components}: {Expressive} {Style} {Control} and {Cross}-{Speaker} {Transfer} in {Neural} {TTS}},
	booktitle = {Interspeech 2020},
	author = {Sorin, Alexander and Shechtman, Slava and Hoory, Ron},
	year = {2020},
	}

@inproceedings{zhang_learning_2020,
	title = {Learning {Syllable}-{Level} {Discrete} {Prosodic} {Representation} for {Expressive} {Speech} {Generation}},
	booktitle = {Interspeech 2020},
	author = {Zhang, Guangyan and Qin, Ying and Lee, Tan},
	year = {2020},	
	}

@inproceedings{yang_exploiting_2020,
	title = {Exploiting {Deep} {Sentential} {Context} for {Expressive} {End}-to-{End} {Speech} {Synthesis}},
	booktitle = {Interspeech 2020},
	author = {Yang, Fengyu and Yang, Shan and Wu, Qinghua and Wang, Yujun and Xie, Lei},
	year = {2020},
	}

@inproceedings{hono_hierarchical_2020,
	title = {Hierarchical {Multi}-{Grained} {Generative} {Model} for {Expressive} {Speech} {Synthesis}},
	booktitle = {Interspeech 2020},
	author = {Hono, Yukiya and Tsuboi, Kazuna and Sawada, Kei and Hashimoto, Kei and Oura, Keiichiro and Nankaku, Yoshihiko and Tokuda, Keiichi},
	year = {2020},
	}

@inproceedings{chen_speech_2021,
	title = {Speech {Bert} {Embedding} for {Improving} {Prosody} in {Neural} {TTS}},
	booktitle = {{IEEE} {ICASSP}},
	author = {Chen, Liping and Deng, Yan and Wang, Xi and Soong, Frank K. and He, Lei},
	year = {2021},
	}

@inproceedings{fu_bi-level_2021,
	title = {Bi-{Level} {Style} and {Prosody} {Decoupling} {Modeling} for {Personalized} {End}-to-{End} {Speech} {Synthesis}},
	booktitle = {{IEEE} {International} {Conference} on {Acoustics}, {Speech} and {Signal} {Processing}},
	author = {Fu, Ruibo and Tao, Jianhua and Wen, Zhengqi and Yi, Jiangyan and Wang, Tao and Qiang, Chunyu},
	year = {2021},
	}

@inproceedings{karlapati_prosodic_2021,
	title = {Prosodic {Representation} {Learning} and {Contextual} {Sampling} for {Neural} {Text}-to-{Speech}},
	booktitle = {{{IEEE} {International} {Conference} on {Acoustics}, {Speech} and {Signal} {Processing}}},
	author = {Karlapati, Sri and Abbas, Ammar and Hodari, Zack and Moinet, Alexis and Joly, Arnaud and Karanasou, Penny and Drugman, Thomas},
	year = {2021},
	}

@inproceedings{hodari_camp_2021,
	title = {Camp: {A} {Two}-{Stage} {Approach} to {Modelling} {Prosody} in {Context}},
	booktitle = {{IEEE} {International} {Conference} on {Acoustics}, {Speech} and {Signal} {Processing}},
	author = {Hodari, Zack and Moinet, Alexis and Karlapati, Sri and Lorenzo-Trueba, Jaime and Merritt, Thomas and Joly, Arnaud and Abbas, Ammar and Karanasou, Penny and Drugman, Thomas},
	year = {2021},	
	}

@inproceedings{liang_unsupervised_2021,
	title = {Unsupervised {Learning} for {Multi}-{Style} {Speech} {Synthesis} with {Limited} {Data}},
	booktitle = {{IEEE} {International} {Conference} on {Acoustics}, {Speech} and {Signal} {Processing}},
	author = {Liang, Shuang and Miao, Chenfeng and Chen, Minchuan and Ma, Jun and Wang, Shaojun and Xiao, Jing},
	year = {2021},
	}

@inproceedings{lancucki_fastpitch_2021,
	title = {Fastpitch: {Parallel} {Text}-to-{Speech} with {Pitch} {Prediction}},
	booktitle = {{IEEE} {International} {Conference} on {Acoustics}, {Speech} and {Signal} {Processing}},
	author = {Łańcucki, Adrian},
	year = {2021},
	}

@inproceedings{huybrechts_low-resource_2021,
	title = {Low-{Resource} {Expressive} {Text}-{To}-{Speech} {Using} {Data} {Augmentation}},
	booktitle = {{IEEE} {International} {Conference} on {Acoustics}, {Speech} and {Signal} {Processing}},
	author = {Huybrechts, Goeric and Merritt, Thomas and Comini, Giulia and Perz, Bartek and Shah, Raahil and Lorenzo-Trueba, Jaime},
	year = {2021},
	}

@inproceedings{aggarwal_using_2020,
	title = {Using {Vaes} and {Normalizing} {Flows} for {One}-{Shot} {Text}-{To}-{Speech} {Synthesis} of {Expressive} {Speech}},
	booktitle = {{IEEE} {ICASSP}},
	author = {Aggarwal, Vatsal and Cotescu, Marius and Prateek, Nishant and Lorenzo-Trueba, Jaime and Barra-Chicote, Roberto},
	year = {2020},
	}

@article{valle_flowtron_2020,
	title = {Flowtron: an {Autoregressive} {Flow}-based {Generative} {Network} for {Text}-to-{Speech} {Synthesis}},
	journal = {arXiv:2005.05957},
	author = {Valle, Rafael and Shih, Kevin and Prenger, Ryan and Catanzaro, Bryan},
	year = {2020}
	}

@inproceedings{wu_rapid_2018,
	title = {Rapid {Style} {Adaptation} {Using} {Residual} {Error} {Embedding} for {Expressive} {Speech} {Synthesis}},
	booktitle = {Interspeech 2018},
	author = {Wu, Xixin and Cao, Yuewen and Wang, Mu and Liu, Songxiang and Kang, Shiyin and Wu, Zhiyong and Liu, Xunying and Su, Dan and Yu, Dong and Meng, Helen},
	year = {2018},
	}


@inproceedings{kathania_data_2020,
	title = {Data {Augmentation} {Using} {Prosody} and {False} {Starts} to {Recognize} {Non}-{Native} {Children}’s {Speech}},
	booktitle = {Interspeech 2020},
	author = {Kathania, Hemant and Singh, Mittul and Grósz, Tamás and Kurimo, Mikko},
	year = {2020},
}
@inproceedings{cohn_differences_2020,
	title = {Differences in {Gradient} {Emotion} {Perception}: {Human} vs. {Alexa} {Voices}},
	booktitle = {Interspeech 2020},
	author = {Cohn, Michelle and Raveh, Eran and Predeck, Kristin and Gessinger, Iona and Möbius, Bernd and Zellou, Georgia},
	year = {2020},
}

@article{goodfellow2018making,
  title={Making machine learning robust against adversarial inputs},
  author={Goodfellow, Ian and McDaniel, Patrick and Papernot, Nicolas},
  journal={Communications of the ACM},
  year={2018},
}

@article{goodfellow2014explaining,
  title={Explaining and harnessing adversarial examples},
  author={Goodfellow, Ian J and Shlens, Jonathon and Szegedy, Christian},
  journal={arXiv preprint arXiv:1412.6572},
  year={2014}
}
@inproceedings{su2018robustness,
  title={Is Robustness the Cost of Accuracy?--A Comprehensive Study on the Robustness of 18 Deep Image Classification Models},
  author={Su, Dong and Zhang, Huan and Chen, Hongge and Yi, Jinfeng and Chen, Pin-Yu and Gao, Yupeng},
  booktitle={European Conference on Computer Vision (ECCV)},
  year={2018}
}

@article{masood2021deepfakes,
  title={Deepfakes Generation and Detection: State-of-the-art, open challenges, countermeasures, and way forward},
  author={Masood, Momina and Nawaz, Marriam and Malik, Khalid Mahmood and Javed, Ali and Irtaza, Aun},
  journal={arXiv preprint arXiv:2103.00484},
  year={2021}
}

@misc{Interspeech_2020,
	key={Interspeech},
    title={Interspeech 2020 Speech Synthesis: Prosody and Emotion},
    url={http://www.interspeech2020.org/Program/Technical_Program},
    year={2020}
}
@misc{ICASSP_2021,
	key={ICASSP 2021},
    title={ICASSP 2021 Speech Synthesis 5\: Prosody \& Style},
    url={https://www.2021.ieeeicassp.org/2021.ieeeicassp.org/Papers/ViewSession964f.html},
    year={2021}
}

@inproceedings{wu_asvspoof_2015,
	title = {{ASVspoof} 2015: the first automatic speaker verification spoofing and countermeasures challenge},
	booktitle = {Interspeech 2015},
	author = {Wu, Zhizheng and Kinnunen, Tomi and Evans, Nicholas and Yamagishi, Junichi and Hanilçi, Cemal and Sahidullah, Md. and Sizov, Aleksandr},
	year = {2015},
}

@techreport{yamagishi_asvspoof_2021,
	title = {{ASVspoof} 2021: accelerating progress in spoofed and deepfake speech detection},
	institution = {arXiv},
	author = {Yamagishi, Junichi and Wang, Xin and Todisco, Massimiliano and Sahidullah, Md and Patino, Jose and Nautsch, Andreas and Liu, Xuechen and Lee, Kong Aik and Kinnunen, Tomi and Evans, Nicholas and Delgado, Héctor},
	year = {2021},
}

@inproceedings{yi2022add,
  title={Add 2022: the first audio deep synthesis detection challenge},
  author={Yi, Jiangyan and Fu, Ruibo and Tao, Jianhua and Nie, Shuai and Ma, Haoxin and Wang, Chenglong and Wang, Tao and Tian, Zhengkun and Bai, Ye and Fan, Cunhang and others},
  booktitle={IEEE International Conference on Acoustics, Speech and Signal Processing},
  year={2022},
}

@inproceedings{tak2021end,
  title={End-to-end anti-spoofing with rawnet2},
  author={Tak, Hemlata and Patino, Jose and Todisco, Massimiliano and Nautsch, Andreas and Evans, Nicholas and Larcher, Anthony},
  booktitle={IEEE International Conference on Acoustics, Speech and Signal Processing},
  year={2021},
}

@article{yang2019significance,
  title={Significance of subband features for synthetic speech detection},
  author={Yang, Jichen and Das, Rohan Kumar and Li, Haizhou},
  journal={IEEE Transactions on Information Forensics and Security},
  year={2019},
}

@article{lai2019assert,
  title={ASSERT: Anti-spoofing with squeeze-excitation and residual networks},
  author={Lai, Cheng-I and Chen, Nanxin and Villalba, Jes{\'u}s and Dehak, Najim},
  journal={arXiv preprint arXiv:1904.01120},
  year={2019}
}

@inproceedings{wang2020deepsonar,
  title={Deepsonar: Towards effective and robust detection of ai-synthesized fake voices},
  author={Wang, Run and Juefei-Xu, Felix and Huang, Yihao and Guo, Qing and Xie, Xiaofei and Ma, Lei and Liu, Yang},
  booktitle={ACM International Conference on Multimedia},
  year={2020}
}

@inproceedings{subramani2020learning,
  title={Learning efficient representations for fake speech detection},
  author={Subramani, Nishant and Rao, Delip},
  booktitle={AAAI Conference on Artificial Intelligence},
  year={2020}
}

@article{shan2020cross,
  title={A Cross-Verification Approach for Protecting World Leaders from Fake and Tampered Audio},
  author={Shan, Mengyi and Tsai, TJ},
  journal={arXiv preprint arXiv:2010.12173},
  year={2020}
}

@article{khochare2022deep,
  title={A deep learning framework for audio deepfake detection},
  author={Khochare, Janavi and Joshi, Chaitali and Yenarkar, Bakul and Suratkar, Shraddha and Kazi, Faruk},
  journal={Arabian Journal for Science and Engineering},
  year={2022},
}

@inproceedings{camacho2021fake,
  title={Fake Speech Recognition Using Deep Learning},
  author={Camacho, Steven and Ballesteros, Dora Maria and Renza, Diego},
  booktitle={Workshop on Engineering Applications},
  year={2021},
}

@inproceedings{khalid2021evaluation,
  title={Evaluation of an audio-video multimodal deepfake dataset using unimodal and multimodal detectors},
  author={Khalid, Hasam and Kim, Minha and Tariq, Shahroz and Woo, Simon S},
  booktitle={Workshop on synthetic multimedia-audiovisual deepfake generation and detection},
  year={2021}
}

@article{ballesteros2021deep4snet,
  title={Deep4SNet: deep learning for fake speech classification},
  author={Ballesteros, Dora M and Rodriguez-Ortega, Yohanna and Renza, Diego and Arce, Gonzalo},
  journal={Expert Systems with Applications},
  year={2021},
}

@inproceedings{jiang2020self,
  title={Self-Supervised Spoofing Audio Detection Scheme},
  author={Jiang, Ziyue and Zhu, Hongcheng and Peng, Li and Ding, Wenbing and Ren, Yanzhen},
  booktitle={INTERSPEECH},
  year={2020}
}

@INPROCEEDINGS{9747768,
  author={Martín-Doñas, Juan M. and Álvarez, Aitor},
  booktitle={IEEE International Conference on Acoustics, Speech and Signal Processing}, 
  title={The Vicomtech Audio Deepfake Detection System Based on Wav2vec2 for the 2022 ADD Challenge}, 
  year={2022},
  }

  @article{tak2022automatic,
  title={Automatic speaker verification spoofing and deepfake detection using wav2vec 2.0 and data augmentation},
  author={Tak, Hemlata and Todisco, Massimiliano and Wang, Xin and Jung, Jee-weon and Yamagishi, Junichi and Evans, Nicholas},
  journal={arXiv},
  year={2022}
}

@article{wang2021investigating,
  title={Investigating self-supervised front ends for speech spoofing countermeasures},
  author={Wang, Xin and Yamagishi, Junichi},
  journal={arXiv},
  year={2021}
}

@inproceedings{martin2022vicomtech,
  title={The Vicomtech Audio Deepfake Detection System Based on Wav2vec2 for the 2022 ADD Challenge},
  author={Mart{\'\i}n-Do{\~n}as, Juan M and {\'A}lvarez, Aitor},
  booktitle={IEEE International Conference on Acoustics, Speech and Signal Processing},
  year={2022},
}
@inproceedings{blue2022who,
  title={{Who Are You (I Really Wanna Know)? Detecting Audio DeepFakes Through Vocal
Tract Reconstruction}},
  author={Blue, Logan and Warren, Kevin and Abdullah, Hadi and Gibson, Cassidy and Vargas, Luis and O'Dell, Jessica and Butler, Kevin and Traynor, Patrick},
  booktitle={{31st USENIX Security Symposium (USENIX Security 22)}},
  year={2022}
}


@article{kurakin2016adversarial,
  title={Adversarial machine learning at scale},
  author={Kurakin, Alexey and Goodfellow, Ian and Bengio, Samy},
  journal={arXiv preprint arXiv:1611.01236},
  year={2016}
}
@inproceedings{boersma1993accurate,
  title={Accurate short-term analysis of the fundamental frequency and the harmonics-to-noise ratio of a sampled sound},
  author={Boersma, Paul and others},
  booktitle={Institute of phonetic sciences},
  year={1993},
}
@INPROCEEDINGS{9414234,
  author={Tak, Hemlata and Patino, Jose and Todisco, Massimiliano and Nautsch, Andreas and Evans, Nicholas and Larcher, Anthony},
  booktitle={IEEE ICASSP}, 
  title={End-to-End anti-spoofing with RawNet2}, 
  year={2021},
}

@article{wang2021comparative,
  title={A comparative study on recent neural spoofing countermeasures for synthetic speech detection},
  author={Wang, Xin and Yamagishi, Junich},
  journal={arXiv},
  year={2021}
}

@article{nautsch2021asvspoof,
  title={ASVspoof 2019: spoofing countermeasures for the detection of synthesized, converted and replayed speech},
  author={Nautsch, Andreas and Wang, Xin and Evans, Nicholas and Kinnunen, Tomi H and Vestman, Ville and Todisco, Massimiliano and Delgado, Hector and Sahidullah, Md and Yamagishi, Junichi and Lee, Kong Aik},
  journal={IEEE Transactions on Biometrics, Behavior, and Identity Science},
  year={2021},
 }
@misc{ukraine_deepfake,
    title={Deepfake video of Zelenskyy could be 'tip of the iceberg' in info war, experts warn},
	author={Allyn, Bobby},
    publisher={NPR},
    year={2022}
}

@misc { AcousticPhonetics,
      
      title = "Acoustic Phonetics",
	  author = {Allard Jongman},
	  journal={Oxford Bibliographies Online: Linguistics},
	  year = {2013}
}
@article{diehl_watson_bennetto_mcdonough_gunlogson_2009, 

	  title={An acoustic analysis of prosody in high-functioning autism}, 
	  journal={Applied Psycholinguistics},  
	  author={Diehl, Joshua J. and Watson, Duane and Bennetto, Loisa and Mcdonough, Joyce and Gunlogson, Christine}, 
	  year={2009}
}
@article{voice_quality,
author = {Kreiman, Jody and Gerratt, Bruce and Gabelman, Brian},
year = {2002},
title = {Jitter, shimmer, and noise in pathological voice quality perception},
journal = {The Journal of the Acoustical Society of America}
}

@inproceedings{zhang2021fake,
  title={Fake speech detection using residual network with transformer encoder},
  author={Zhang, Zhenyu and Yi, Xiaowei and Zhao, Xianfeng},
  booktitle={ACM workshop on information hiding and multimedia security},
  year={2021}
}

@article{cheng2016long,
  title={Long short-term memory-networks for machine reading},
  author={Cheng, Jianpeng and Dong, Li and Lapata, Mirella},
  journal={arXiv},
  year={2016}
}

@article{bahdanau2014neural,
  title={Neural machine translation by jointly learning to align and translate},
  author={Bahdanau, Dzmitry and Cho, Kyunghyun and Bengio, Yoshua},
  journal={arXiv preprint arXiv:1409.0473},
  year={2014}
}

@article{weng2018attention,
  title   = "Attention? Attention!",
  author  = "Weng, Lilian",
  journal = "lilianweng.github.io",
  year    = "2018",
}

@inproceedings{Kim2008RobustSR,
  title={Robust signal-to-noise ratio estimation based on waveform amplitude distribution analysis},
  author={Chanwoo Kim and Richard M. Stern},
  booktitle={Interspeech},
  year={2008}
}

@article{snr_quality,
  title={What is Signal to Noise Ratio and How to calculate it?},
  author={CADENCE PCB SOLUTIONS},
  journal={Cadence},
}

@article{axelsson2000base,
  title={The base-rate fallacy and the difficulty of intrusion detection},
  author={Axelsson, Stefan},
  journal={ACM Transactions on Information and System Security},
  year={2000}
}

@inproceedings{needlestack_layton,
 author = {Seth Layton and Tyler Tucker and Daniel Olszewski and Kevin
			Warren and Kevin Butler and Patrick Traynor},
 title = {{SoK: The Good, The Bad, and The Unbalanced: Measuring
 		   Structural Limitations of Deepfake Datasets}},
 booktitle = {{Proceedings of the USENIX Security Symposium (Security)}},
 year = {2024}
}

@inproceedings{FakeAVCeleb,
  title = {{{{FakeAVCeleb}}: {{A Novel Audio-Video Multimodal Deepfake Dataset}}}},
  booktitle = {Proceedings of the {{Neural Information Processing Systems Track}} on {{Datasets}} and {{Benchmarks}} ({{NeurIPS Datasets}} and {{Benchmarks}})},
  author = {Khalid, Hasam and Tariq, Shahroz and Kim, Minha and Woo, Simon S.},
  year = {2022}
}

@inproceedings{wavefake,
  title = {{{{WaveFake}}: {{A}} Data Set to Facilitate Audio {{DeepFake}} Detection}},
  booktitle = {Proceedings of the {{Conference}} on {{Neural Information Processing Systems}} ({{NeurIPS}})},
  author = {Frank, Joel and Sch{\"o}nherr, Lea},
  year = {2021}
}

@inproceedings{WTC_24,
   author = {Kevin Warren and Tyler Tucker and Anna Crowder and Daniel
     Olszewski and Allison Lu and Caroline Fedele and Magdalena Pasternak
     and Seth Layton and Kevin Butler and Carrie Gates and Patrick Traynor},
   title = {{Better Be Computer or I'm Dumb": A Large-Scale Evaluation of
     Humans as Audio Deepfake Detectors}},
   booktitle = {{Proceedings of the ACM Conference on Computer and
     Communications Security (CCS)}},
   year = {2024}
 }

@inproceedings{wenger2021,
  title = {{"{{Hello}}, {{It}}'s {{Me}}": {{Deep Learning-based Speech Synthesis Attacks}} in the {{Real World}}}},
  booktitle = {Proceedings of the {{ACM SIGSAC Conference}} on {{Computer}} and {{Communications Security}} ({{CCS}})},
  author = {Wenger, Emily and Bronckers, Max and Cianfarani, Christian and Cryan, Jenna and Sha, Angela and Zheng, Haitao and Zhao, Ben Y.},
  year = {2021}
}

@article{warning_humans,
  title = {{Warning: {{Humans Cannot Reliably Detect Speech Deepfakes}}}},
  author = {Mai, Kimberly T. and Bray, Sergi D. and Davies, Toby and Griffin, Lewis D.},
  year = {2023},
  journal = {PLOS ONE},
}

@inproceedings{allyour,
  title = {{All {{Your Voices}} Are {{Belong}} to {{Us}}: {{Stealing Voices}} to {{Fool Humans}} and {{Machines}}}},
  booktitle = {Proceedings of the {{European Symposium}} on {{Research}} in {{Computer Security}} ({{ESORICS}})},
  author = {Mukhopadhyay, Dibya and Shirvanian, Maliheh and Saxena, Nitesh},
  editor = {Pernul, G{\"u}nther and Y A Ryan, Peter and Weippl, Edgar},
  year = {2015}
}

@inproceedings{muller2022,
  title = {{Human {{Perception}} of {{Audio Deepfakes}}}},
  booktitle = {Proceedings of the {{International Workshop}} on {{Deepfake Detection}} for {{Audio Multimedia}}},
  author = {M{\"u}ller, Nicolas M. and Pizzi, Karla and Williams, Jennifer},
  year = {2022}
}

@article{SV2TTS,
  title = {{Transfer {{Learning}} from {{Speaker Verification}} to {{Multispeaker Text-To-Speech Synthesis}}}},
  author = {Jia, Ye and Zhang, Yu and Weiss, Ron J. and Wang, Quan and Shen, Jonathan and Ren, Fei and Chen, Zhifeng and Nguyen, Patrick and Pang, Ruoming and Moreno, Ignacio Lopez and Wu, Yonghui},
  year = {2019},
  journal = {arXiv}
}

@misc{ljspeech17,
  title = {{The {{LJ Speech Dataset}}}},
  author = {Ito, Keith and Johnson, Linda},
  year = {2017},
  howpublished = {https://keithito.com/LJ-Speech-Dataset}
}

@article{jsut17,
  title = {{{{JSUT Corpus}}: {{Free Large-Scale Japanese Speech Corpus}} for {{End-to-End Speech Synthesis}}}},
  author = {Sonobe, Ryosuke and Takamichi, Shinnosuke and Saruwatari, Hiroshi},
  year = {2017},
  journal = {arXiv}
}

@inproceedings{VoxCeleb2,
  title = {{{{VoxCeleb2}}: {{Deep Speaker Recognition}}}},
  booktitle = {Proceedings of the ISCA Interspeech Conference},
  author = {Chung, Joon Son and Nagrani, Arsha and Zisserman, Andrew},
  year = {2018}
}


@article{osti_10091768,
title = {Robust Performance Metrics for Authentication Systems}, 
journal = {Network and Distributed Systems Security (NDSS) Symposium}, 
author = {Sugrim, Shridatt and Liu, Can and McLean, Meghan and Lindqvist, Janne},
year = {2019}
}

@misc{FC23,
  author = {Emily Flitter and Stacy Cowley},
  title = {{{Voice Deepfakes Are Coming for Your Bank Balance}}},
  howpublished = {{The New York Times - \url{https://www.nytimes.com/2023/08/30/business/voice-deepfakes-bank-scams.html}}},
  year = {2023}
}

@misc{JH23,
  author = {Joe Hernandez},
  title = {{{That panicky call from a relative? It could be a thief using a voice clone, FTC warns}}},
  howpublished = {{National Public Radio - \url{https://www.npr.org/2023/03/22/1165448073/voice-clones-ai-scams-ftc}}},
  year = {2023}
}

@misc{SM23,
  author = {Adam Satariano and Paul Mozur},
  title = {{{The People Onscreen Are Fake. The Disinformation Is Real.}}},
  howpublished = {{The New York Times - \url{https://www.nytimes.com/2023/02/07/technology/artificial-intelligence-training-deepfake.html}}},
  year = {2023}
}

@misc{VO23,
  author = {Pranshu Verma and Will Oremus},
  title = {{{AI voice clones mimic politicians and celebrities, reshaping reality}}},
  howpublished = {{The Washington Post - \url{https://www.washingtonpost.com/technology/2023/10/13/ai-voice-cloning-deepfakes/}}},
  year = {2023}
}