@inproceedings{SaundersDetectingDF,
  title={Detecting Deep Fakes With Mice : Machines vs Biology},
  booktitle={Black Hat USA},
  year = {2019},
  author={Jonathan Saunders}
}

@inproceedings{WTC_24,
   author = {Kevin Warren and Tyler Tucker and Anna Crowder and Daniel
     Olszewski and Allison Lu and Caroline Fedele and Magdalena Pasternak
     and Seth Layton and Kevin Butler and Carrie Gates and Patrick Traynor},
   title = {{Better Be Computer or I'm Dumb": A Large-Scale Evaluation of
     Humans as Audio Deepfake Detectors}},
   booktitle = {{Proceedings of the ACM Conference on Computer and
     Communications Security (CCS)}},
   year = {2024}
 }

@inproceedings{allyour,
  title = {{All {{Your Voices}} Are {{Belong}} to {{Us}}: {{Stealing Voices}} to {{Fool Humans}} and {{Machines}}}},
  booktitle = {Proceedings of the {{European Symposium}} on {{Research}} in {{Computer Security}} ({{ESORICS}})},
  author = {Mukhopadhyay, Dibya and Shirvanian, Maliheh and Saxena, Nitesh},
  editor = {Pernul, G{\"u}nther and Y A Ryan, Peter and Weippl, Edgar},
  year = {2015}
}

@article{baird2018the,
	title = {The Perception of Vocal Traits in Synthesized Voices: Age, Gender, and Human Likeness},
	author = {Baird, Alice and Jørgensen, Stina Hasse and Parada-Cabaleiro, Emilia and Cummins, Nicholas and Hantke, Simone and Schuller, Björn},
	journal = {J. Audio Eng. Soc},
	year = {2018}
}

@inproceedings{jiang2020self,
  title={Self-Supervised Spoofing Audio Detection Scheme},
  author={Jiang, Ziyue and Zhu, Hongcheng and Peng, Li and Ding, Wenbing and Ren, Yanzhen},
  booktitle={INTERSPEECH},
  year={2020}
}

@inproceedings{khalid2021evaluation,
  title={Evaluation of an audio-video multimodal deepfake dataset using unimodal and multimodal detectors},
  author={Khalid, Hasam and Kim, Minha and Tariq, Shahroz and Woo, Simon S},
  booktitle={Workshop on synthetic multimedia-audiovisual deepfake generation and detection},
  year={2021}
}

@inproceedings{kim_flowavenet_2019,
  author={Sungwon Kim and Sang-gil Lee and Jongyoon Song and Jaehyeon Kim and Sungroh Yoon},
  title={FloWaveNet : A Generative Flow for Raw Audio},
  year={2019},
  booktitle={ICML}
}

@inproceedings{lorenzo-trueba_can_2018,
  author={Jaime Lorenzo-Trueba and Fuming Fang and Xin Wang and Isao Echizen and Junichi Yamagishi and Tomi Kinnunen},
  title={Can we steal your vocal identity from the Internet?: Initial investigation of cloning Obama’s voice using GAN, WaveNet and low-quality found data},
  year=2018,
  booktitle={Speaker and Language Recognition Workshop},
}

@inproceedings{martin2022vicomtech,
  title={The Vicomtech Audio Deepfake Detection System Based on Wav2vec2 for the 2022 ADD Challenge},
  author={Mart{\'\i}n-Do{\~n}as, Juan M and {\'A}lvarez, Aitor},
  booktitle={IEEE International Conference on Acoustics, Speech and Signal Processing},
  year={2022},
}

@inproceedings{muller2022,
  title = {{Human {{Perception}} of {{Audio Deepfakes}}}},
  booktitle = {Proceedings of the {{International Workshop}} on {{Deepfake Detection}} for {{Audio Multimedia}}},
  author = {M{\"u}ller, Nicolas M. and Pizzi, Karla and Williams, Jennifer},
  year = {2022}
}

@inproceedings{oord_parallel_2017,
  author={Aäron van den Oord and Yazhe Li and Igor Babuschkin and Karen Simonyan and Oriol Vinyals and Koray Kavukcuoglu and George van den Driessche and Edward Lockhart and Luis C. Cobo and Florian Stimberg and Norman Casagrande and Dominik Grewe and Seb Noury and Sander Dieleman and Erich Elsen and Nal Kalchbrenner and Heiga Zen and Alex Graves and Helen King and Tom Walters and Dan Belov and Demis Hassabis},
  title={Parallel WaveNet: Fast High-Fidelity Speech Synthesis},
  year={2018},
  booktitle={ICML}
}

@inproceedings{oord_wavenet_2016,
author={Aäron van den Oord and Sander Dieleman and Heiga Zen and Karen Simonyan and Oriol Vinyals and Alex Graves and Nal Kalchbrenner and Andrew Senior and Koray Kavukcuoglu},
title={WaveNet: A Generative Model for Raw Audio},
year=2016,
booktitle={ISCA Speech Synthesis Workshop},
}

@inproceedings{subramani2020learning,
  title={Learning efficient representations for fake speech detection},
  author={Subramani, Nishant and Rao, Delip},
  booktitle={AAAI Conference on Artificial Intelligence},
  year={2020}
}

@article{tak2022automatic,
  title={Automatic speaker verification spoofing and deepfake detection using wav2vec 2.0 and data augmentation},
  author={Tak, Hemlata and Todisco, Massimiliano and Wang, Xin and Jung, Jee-weon and Yamagishi, Junichi and Evans, Nicholas},
  journal={arXiv},
  year={2022}
}

@inproceedings{todisco_asvspoof_2019,
  author={Massimiliano Todisco and Xin Wang and Ville Vestman and Md. Sahidullah and Héctor Delgado and Andreas Nautsch and Junichi Yamagishi and Nicholas Evans and Tomi H. Kinnunen and Kong Aik Lee},
  title={{ASVspoof 2019: Future Horizons in Spoofed and Fake Audio Detection}},
  year=2019,
  booktitle={Proc. Interspeech 2019},
}

@inproceedings{wang2020deepsonar,
  title={Deepsonar: Towards effective and robust detection of ai-synthesized fake voices},
  author={Wang, Run and Juefei-Xu, Felix and Huang, Yihao and Guo, Qing and Xie, Xiaofei and Ma, Lei and Liu, Yang},
  booktitle={ACM International Conference on Multimedia},
  year={2020}
}

@article{wang2021investigating,
  title={Investigating self-supervised front ends for speech spoofing countermeasures},
  author={Wang, Xin and Yamagishi, Junichi},
  journal={arXiv},
  year={2021}
}

@article{warning_humans,
  title = {{Warning: {{Humans Cannot Reliably Detect Speech Deepfakes}}}},
  author = {Mai, Kimberly T. and Bray, Sergi D. and Davies, Toby and Griffin, Lewis D.},
  year = {2023},
  journal = {PLOS ONE},
}

@inproceedings{wenger2021,
  title = {{"{{Hello}}, {{It}}'s {{Me}}": {{Deep Learning-based Speech Synthesis Attacks}} in the {{Real World}}}},
  booktitle = {Proceedings of the {{ACM SIGSAC Conference}} on {{Computer}} and {{Communications Security}} ({{CCS}})},
  author = {Wenger, Emily and Bronckers, Max and Cianfarani, Christian and Cryan, Jenna and Sha, Angela and Zheng, Haitao and Zhao, Ben Y.},
  year = {2021}
}

@inproceedings{wijethunga_deepfake_2020,
	title = {Deepfake {Audio} {Detection}: {A} {Deep} {Learning} {Based} {Solution} for {Group} {Conversations}},
	booktitle = {2020 2nd {International} {Conference} on {Advancements} in {Computing} ({ICAC})},
	author = {Wijethunga, R. L. M. A. P. C. and Matheesha, D. M. K. and Noman, A. A. and Silva, K. H. V. T. A. De and Tissera, M. and Rupasinghe, L.},
	year = {2020},
}

@inproceedings{wu_asvspoof_2015,
	title = {{ASVspoof} 2015: the first automatic speaker verification spoofing and countermeasures challenge},
	booktitle = {Interspeech 2015},
	author = {Wu, Zhizheng and Kinnunen, Tomi and Evans, Nicholas and Yamagishi, Junichi and Hanilçi, Cemal and Sahidullah, Md. and Sizov, Aleksandr},
	year = {2015},
}

@techreport{yamagishi_asvspoof_2021,
	title = {{ASVspoof} 2021: accelerating progress in spoofed and deepfake speech detection},
	institution = {arXiv},
	author = {Yamagishi, Junichi and Wang, Xin and Todisco, Massimiliano and Sahidullah, Md and Patino, Jose and Nautsch, Andreas and Liu, Xuechen and Lee, Kong Aik and Kinnunen, Tomi and Evans, Nicholas and Delgado, Héctor},
	year = {2021},
}

@inproceedings{yi2022add,
  title={Add 2022: the first audio deep synthesis detection challenge},
  author={Yi, Jiangyan and Fu, Ruibo and Tao, Jianhua and Nie, Shuai and Ma, Haoxin and Wang, Chenglong and Wang, Tao and Tian, Zhengkun and Bai, Ye and Fan, Cunhang and others},
  booktitle={IEEE International Conference on Acoustics, Speech and Signal Processing},
  year={2022},
}

@inproceedings{zhang2021fake,
  title={Fake speech detection using residual network with transformer encoder},
  author={Zhang, Zhenyu and Yi, Xiaowei and Zhao, Xianfeng},
  booktitle={ACM workshop on information hiding and multimedia security},
  year={2021}
}

