@article{Qwen-VL,
  title={Qwen-VL: A Versatile Vision-Language Model for Understanding, Localization, Text Reading, and Beyond},
  author={Bai, Jinze and Bai, Shuai and Yang, Shusheng and Wang, Shijie and Tan, Sinan and Wang, Peng and Lin, Junyang and Zhou, Chang and Zhou, Jingren},
  journal={arXiv preprint arXiv:2308.12966},
  year={2023}
}

@article{Qwen2VL,
  title={Qwen2-VL: Enhancing Vision-Language Model's Perception of the World at Any Resolution},
  author={Wang, Peng and Bai, Shuai and Tan, Sinan and Wang, Shijie and Fan, Zhihao and Bai, Jinze and Chen, Keqin and Liu, Xuejing and Wang, Jialin and Ge, Wenbin and Fan, Yang and Dang, Kai and Du, Mengfei and Ren, Xuancheng and Men, Rui and Liu, Dayiheng and Zhou, Chang and Zhou, Jingren and Lin, Junyang},
  journal={arXiv preprint arXiv:2409.12191},
  year={2024}
}

@article{autotrust,
	author = {Xing, Shuo and Hua, Hongyuan and Gao, Xiangbo and Zhu, Shenzhe and Li, Renjie and Tian, Kexin and Li, Xiaopeng and Huang, Heng and Yang, Tianbao and Wang, Zhangyang and Zhou, Yang and Yao, Huaxiu and Tu, Zhengzhong},
	title = {{AutoTrust: Benchmarking Trustworthiness in Large Vision Language Models for Autonomous Driving}},
	journal = {arXiv},
	year = {2024},
	month = dec,
	eprint = {2412.15206},
	doi = {10.48550/arXiv.2412.15206}
}

@article{bai2024hallucination,
  title={Hallucination of multimodal large language models: A survey},
  author={Bai, Zechen and Wang, Pichao and Xiao, Tianjun and He, Tong and Han, Zongbo and Zhang, Zheng and Shou, Mike Zheng},
  journal={arXiv preprint arXiv:2404.18930},
  year={2024}
}

@article{brown2020gpt3,
  title={Language models are few-shot learners},
  author={Brown, Tom and Mann, Benjamin and Ryder, Nick and Subbiah, Melanie and Kaplan, Jared D and Dhariwal, Prafulla and Neelakantan, Arvind and Shyam, Pranav and Sastry, Girish and Askell, Amanda and others},
  journal={Advances in neural information processing systems},
  volume={33},
  pages={1877--1901},
  year={2020}
}

@inproceedings{chen2024dress,
  title={Dress: Instructing large vision-language models to align and interact with humans via natural language feedback},
  author={Chen, Yangyi and Sikka, Karan and Cogswell, Michael and Ji, Heng and Divakaran, Ajay},
  booktitle={Proceedings of the IEEE/CVF Conference on Computer Vision and Pattern Recognition},
  pages={14239--14250},
  year={2024}
}

@article{christiano2017deep,
  title={Deep reinforcement learning from human preferences},
  author={Christiano, Paul F and Leike, Jan and Brown, Tom and Martic, Miljan and Legg, Shane and Amodei, Dario},
  journal={Advances in neural information processing systems},
  volume={30},
  year={2017}
}

@article{deng2024stic,
  title={Enhancing Large Vision Language Models with Self-Training on Image Comprehension},
  author={Deng, Yihe and Lu, Pan and Yin, Fan and Hu, Ziniu and Shen, Sheng and Zou, James and Chang, Kai-Wei and Wang, Wei},
  journal={arXiv preprint arXiv:2405.19716},
  year={2024}
}

@article{devlin2018bert,
  title={Bert: Pre-training of deep bidirectional transformers for language understanding},
  author={Devlin, Jacob and Chang, Ming-Wei and Lee, Kenton and Toutanova, Kristina},
  journal={arXiv preprint arXiv:1810.04805},
  year={2018}
}

@article{dong2024rlhf,
  title={Rlhf workflow: From reward modeling to online rlhf, 2024},
  author={Dong, Hanze and Xiong, Wei and Pang, Bo and Wang, Haoxiang and Zhao, Han and Zhou, Yingbo and Jiang, Nan and Sahoo, Doyen and Xiong, Caiming and Zhang, Tong},
  journal={URL https://arxiv. org/abs/2405.07863},
  year={2024}
}

@article{ethayarajh2024kto,
  title={Kto: Model alignment as prospect theoretic optimization},
  author={Ethayarajh, Kawin and Xu, Winnie and Muennighoff, Niklas and Jurafsky, Dan and Kiela, Douwe},
  journal={arXiv preprint arXiv:2402.01306},
  year={2024}
}

@article{fang2024vila,
  title={VILA $^2$: VILA Augmented VILA},
  author={Fang, Yunhao and Zhu, Ligeng and Lu, Yao and Wang, Yan and Molchanov, Pavlo and Kautz, Jan and Cho, Jang Hyun and Pavone, Marco and Han, Song and Yin, Hongxu},
  journal={arXiv preprint arXiv:2407.17453},
  year={2024}
}

@article{gpo,
  title={Generalized preference optimization: A unified approach to offline alignment},
  author={Tang, Yunhao and Guo, Zhaohan Daniel and Zheng, Zeyu and Calandriello, Daniele and Munos, R{\'e}mi and Rowland, Mark and Richemond, Pierre Harvey and Valko, Michal and Pires, Bernardo {\'A}vila and Piot, Bilal},
  journal={arXiv preprint arXiv:2402.05749},
  year={2024}
}

@article{guo2024direct,
  title={Direct language model alignment from online ai feedback},
  author={Guo, Shangmin and Zhang, Biao and Liu, Tianlin and Liu, Tianqi and Khalman, Misha and Llinares, Felipe and Rame, Alexandre and Mesnard, Thomas and Zhao, Yao and Piot, Bilal and others},
  journal={arXiv preprint arXiv:2402.04792},
  year={2024}
}

@inproceedings{ipo,
  title={A general theoretical paradigm to understand learning from human preferences},
  author={Azar, Mohammad Gheshlaghi and Guo, Zhaohan Daniel and Piot, Bilal and Munos, Remi and Rowland, Mark and Valko, Michal and Calandriello, Daniele},
  booktitle={International Conference on Artificial Intelligence and Statistics},
  pages={4447--4455},
  year={2024},
  organization={PMLR}
}

@article{kim2024openvla,
  title={OpenVLA: An Open-Source Vision-Language-Action Model},
  author={Kim, Moo Jin and Pertsch, Karl and Karamcheti, Siddharth and Xiao, Ted and Balakrishna, Ashwin and Nair, Suraj and Rafailov, Rafael and Foster, Ethan and Lam, Grace and Sanketi, Pannag and others},
  journal={arXiv preprint arXiv:2406.09246},
  year={2024}
}

@inproceedings{li2022blip,
  title={Blip: Bootstrapping language-image pre-training for unified vision-language understanding and generation},
  author={Li, Junnan and Li, Dongxu and Xiong, Caiming and Hoi, Steven},
  booktitle={International conference on machine learning},
  pages={12888--12900},
  year={2022},
  organization={PMLR}
}

@inproceedings{li2023blip2,
  title={Blip-2: Bootstrapping language-image pre-training with frozen image encoders and large language models},
  author={Li, Junnan and Li, Dongxu and Savarese, Silvio and Hoi, Steven},
  booktitle={International conference on machine learning},
  pages={19730--19742},
  year={2023},
  organization={PMLR}
}

@article{li2023silkie,
  title={Silkie: Preference distillation for large visual language models},
  author={Li, Lei and Xie, Zhihui and Li, Mukai and Chen, Shunian and Wang, Peiyi and Chen, Liang and Yang, Yazheng and Wang, Benyou and Kong, Lingpeng},
  journal={arXiv preprint arXiv:2312.10665},
  year={2023}
}

@article{li2024llava-med,
  title={Llava-med: Training a large language-and-vision assistant for biomedicine in one day},
  author={Li, Chunyuan and Wong, Cliff and Zhang, Sheng and Usuyama, Naoto and Liu, Haotian and Yang, Jianwei and Naumann, Tristan and Poon, Hoifung and Gao, Jianfeng},
  journal={Advances in Neural Information Processing Systems},
  volume={36},
  year={2024}
}

@article{liu2024llava,
  title={Visual instruction tuning},
  author={Liu, Haotian and Li, Chunyuan and Wu, Qingyang and Lee, Yong Jae},
  journal={Advances in neural information processing systems},
  volume={36},
  year={2024}
}

@inproceedings{liu2024paying,
  title={Paying more attention to image: A training-free method for alleviating hallucination in lvlms},
  author={Liu, Shi and Zheng, Kecheng and Chen, Wei},
  booktitle={European Conference on Computer Vision},
  pages={125--140},
  year={2024},
  organization={Springer}
}

@article{llama3.2,
  author       = {Meta},
  title        = {Llama 3.2: Revolutionizing edge AI and vision with open, customizable models},
  year         = {2024},
  url          = {https://ai.meta.com/blog/llama-3-2-connect-2024-vision-edge-mobile-devices/},
}

@article{llavanext,
  title={Llava-next-interleave: Tackling multi-image, video, and 3d in large multimodal models},
  author={Li, Feng and Zhang, Renrui and Zhang, Hao and Zhang, Yuanhan and Li, Bo and Li, Wei and Ma, Zejun and Li, Chunyuan},
  journal={arXiv preprint arXiv:2407.07895},
  year={2024}
}

@article{lu2024deepseek,
  title={Deepseek-vl: towards real-world vision-language understanding},
  author={Lu, Haoyu and Liu, Wen and Zhang, Bo and Wang, Bingxuan and Dong, Kai and Liu, Bo and Sun, Jingxiang and Ren, Tongzheng and Li, Zhuoshu and Yang, Hao and others},
  journal={arXiv preprint arXiv:2403.05525},
  year={2024}
}

@inproceedings{moor2023med,
  title={Med-flamingo: a multimodal medical few-shot learner},
  author={Moor, Michael and Huang, Qian and Wu, Shirley and Yasunaga, Michihiro and Dalmia, Yash and Leskovec, Jure and Zakka, Cyril and Reis, Eduardo Pontes and Rajpurkar, Pranav},
  booktitle={Machine Learning for Health (ML4H)},
  pages={353--367},
  year={2023},
  organization={PMLR}
}

@article{openemma,
	author = {Xing, Shuo and Qian, Chengyuan and Wang, Yuping and Hua, Hongyuan and Tian, Kexin and Zhou, Yang and Tu, Zhengzhong},
	title = {OpenEMMA: Open-Source Multimodal Model for End-to-End Autonomous Driving},
	journal = {arXiv},
	year = {2024},
	month = dec,
	eprint = {2412.15208},
	doi = {10.48550/arXiv.2412.15208}
}

@article{ouyang2022training,
  title={Training language models to follow instructions with human feedback},
  author={Ouyang, Long and Wu, Jeffrey and Jiang, Xu and Almeida, Diogo and Wainwright, Carroll and Mishkin, Pamela and Zhang, Chong and Agarwal, Sandhini and Slama, Katarina and Ray, Alex and others},
  journal={Advances in neural information processing systems},
  volume={35},
  pages={27730--27744},
  year={2022}
}

@article{qwen2,
      title={Qwen2 Technical Report}, 
      author={An Yang and Baosong Yang and Binyuan Hui and Bo Zheng and Bowen Yu and Chang Zhou and Chengpeng Li and Chengyuan Li and Dayiheng Liu and Fei Huang and Guanting Dong and Haoran Wei and Huan Lin and Jialong Tang and Jialin Wang and Jian Yang and Jianhong Tu and Jianwei Zhang and Jianxin Ma and Jin Xu and Jingren Zhou and Jinze Bai and Jinzheng He and Junyang Lin and Kai Dang and Keming Lu and Keqin Chen and Kexin Yang and Mei Li and Mingfeng Xue and Na Ni and Pei Zhang and Peng Wang and Ru Peng and Rui Men and Ruize Gao and Runji Lin and Shijie Wang and Shuai Bai and Sinan Tan and Tianhang Zhu and Tianhao Li and Tianyu Liu and Wenbin Ge and Xiaodong Deng and Xiaohuan Zhou and Xingzhang Ren and Xinyu Zhang and Xipin Wei and Xuancheng Ren and Yang Fan and Yang Yao and Yichang Zhang and Yu Wan and Yunfei Chu and Yuqiong Liu and Zeyu Cui and Zhenru Zhang and Zhihao Fan},
      journal={arXiv preprint arXiv:2407.10671},
      year={2024}
}

@misc{qwen2.5,
    title = {Qwen2.5: A Party of Foundation Models},
    url = {https://qwenlm.github.io/blog/qwen2.5/},
    author = {Qwen Team},
    month = {September},
    year = {2024}
}

@article{radford2019gpt2,
  title={Language models are unsupervised multitask learners},
  author={Radford, Alec and Wu, Jeffrey and Child, Rewon and Luan, David and Amodei, Dario and Sutskever, Ilya and others},
  journal={OpenAI blog},
  volume={1},
  number={8},
  pages={9},
  year={2019}
}

@inproceedings{radford2021clip,
  title={Learning transferable visual models from natural language supervision},
  author={Radford, Alec and Kim, Jong Wook and Hallacy, Chris and Ramesh, Aditya and Goh, Gabriel and Agarwal, Sandhini and Sastry, Girish and Askell, Amanda and Mishkin, Pamela and Clark, Jack and others},
  booktitle={International conference on machine learning},
  pages={8748--8763},
  year={2021},
  organization={PMLR}
}

@article{rafailov2024direct,
  title={Direct preference optimization: Your language model is secretly a reward model},
  author={Rafailov, Rafael and Sharma, Archit and Mitchell, Eric and Manning, Christopher D and Ermon, Stefano and Finn, Chelsea},
  journal={Advances in Neural Information Processing Systems},
  volume={36},
  year={2024}
}

@article{raffel2020t5,
  title={Exploring the limits of transfer learning with a unified text-to-text transformer},
  author={Raffel, Colin and Shazeer, Noam and Roberts, Adam and Lee, Katherine and Narang, Sharan and Matena, Michael and Zhou, Yanqi and Li, Wei and Liu, Peter J},
  journal={Journal of machine learning research},
  volume={21},
  number={140},
  pages={1--67},
  year={2020}
}

@inproceedings{rana2023sayplan,
  title={Sayplan: Grounding large language models using 3d scene graphs for scalable robot task planning},
  author={Rana, Krishan and Haviland, Jesse and Garg, Sourav and Abou-Chakra, Jad and Reid, Ian and Suenderhauf, Niko},
  booktitle={7th Annual Conference on Robot Learning},
  year={2023}
}

@article{roziere2023codellama,
  title={Code llama: Open foundation models for code},
  author={Roziere, Baptiste and Gehring, Jonas and Gloeckle, Fabian and Sootla, Sten and Gat, Itai and Tan, Xiaoqing Ellen and Adi, Yossi and Liu, Jingyu and Remez, Tal and Rapin, J{\'e}r{\'e}my and others},
  journal={arXiv preprint arXiv:2308.12950},
  year={2023}
}

@article{sarkar2024mitigating,
  title={Mitigating Object Hallucination via Data Augmented Contrastive Tuning},
  author={Sarkar, Pritam and Ebrahimi, Sayna and Etemad, Ali and Beirami, Ahmad and Ar{\i}k, Sercan {\"O} and Pfister, Tomas},
  journal={arXiv preprint arXiv:2405.18654},
  year={2024}
}

@article{schulman2017proximal,
  title={Proximal policy optimization algorithms},
  author={Schulman, John and Wolski, Filip and Dhariwal, Prafulla and Radford, Alec and Klimov, Oleg},
  journal={arXiv preprint arXiv:1707.06347},
  year={2017}
}

@inproceedings{shao2024lmdrive,
  title={Lmdrive: Closed-loop end-to-end driving with large language models},
  author={Shao, Hao and Hu, Yuxuan and Wang, Letian and Song, Guanglu and Waslander, Steven L and Liu, Yu and Li, Hongsheng},
  booktitle={Proceedings of the IEEE/CVF Conference on Computer Vision and Pattern Recognition},
  pages={15120--15130},
  year={2024}
}

@article{sima2023drivelm,
  title={Drivelm: Driving with graph visual question answering},
  author={Sima, Chonghao and Renz, Katrin and Chitta, Kashyap and Chen, Li and Zhang, Hanxue and Xie, Chengen and Luo, Ping and Geiger, Andreas and Li, Hongyang},
  journal={arXiv preprint arXiv:2312.14150},
  year={2023}
}

@article{team2023gemini,
  title={Gemini: a family of highly capable multimodal models},
  author={Team, Gemini and Anil, Rohan and Borgeaud, Sebastian and Wu, Yonghui and Alayrac, Jean-Baptiste and Yu, Jiahui and Soricut, Radu and Schalkwyk, Johan and Dai, Andrew M and Hauth, Anja and others},
  journal={arXiv preprint arXiv:2312.11805},
  year={2023}
}

@article{tian2024drivevlm,
  title={Drivevlm: The convergence of autonomous driving and large vision-language models},
  author={Tian, Xiaoyu and Gu, Junru and Li, Bailin and Liu, Yicheng and Hu, Chenxu and Wang, Yang and Zhan, Kun and Jia, Peng and Lang, Xianpeng and Zhao, Hang},
  journal={arXiv preprint arXiv:2402.12289},
  year={2024}
}

@article{touvron2023llama,
  title={Llama: Open and efficient foundation language models},
  author={Touvron, Hugo and Lavril, Thibaut and Izacard, Gautier and Martinet, Xavier and Lachaux, Marie-Anne and Lacroix, Timoth{\'e}e and Rozi{\`e}re, Baptiste and Goyal, Naman and Hambro, Eric and Azhar, Faisal and others},
  journal={arXiv preprint arXiv:2302.13971},
  year={2023}
}

@article{touvron2023llama2,
  title={Llama 2: Open foundation and fine-tuned chat models},
  author={Touvron, Hugo and Martin, Louis and Stone, Kevin and Albert, Peter and Almahairi, Amjad and Babaei, Yasmine and Bashlykov, Nikolay and Batra, Soumya and Bhargava, Prajjwal and Bhosale, Shruti and others},
  journal={arXiv preprint arXiv:2307.09288},
  year={2023}
}

@article{wang2024enhancing,
  title={Enhancing Visual-Language Modality Alignment in Large Vision Language Models via Self-Improvement},
  author={Wang, Xiyao and Chen, Jiuhai and Wang, Zhaoyang and Zhou, Yuhang and Zhou, Yiyang and Yao, Huaxiu and Zhou, Tianyi and Goldstein, Tom and Bhatia, Parminder and Huang, Furong and others},
  journal={arXiv preprint arXiv:2405.15973},
  year={2024}
}

@article{wang2024mdpo,
  title={mDPO: Conditional Preference Optimization for Multimodal Large Language Models},
  author={Wang, Fei and Zhou, Wenxuan and Huang, James Y and Xu, Nan and Zhang, Sheng and Poon, Hoifung and Chen, Muhao},
  journal={arXiv preprint arXiv:2406.11839},
  year={2024}
}

@article{wu2024deepseek,
  title={Deepseek-vl2: Mixture-of-experts vision-language models for advanced multimodal understanding},
  author={Wu, Zhiyu and Chen, Xiaokang and Pan, Zizheng and Liu, Xingchao and Liu, Wen and Dai, Damai and Gao, Huazuo and Ma, Yiyang and Wu, Chengyue and Wang, Bingxuan and others},
  journal={arXiv preprint arXiv:2412.10302},
  year={2024}
}

@inproceedings{yu2024attention,
  title={Attention prompting on image for large vision-language models},
  author={Yu, Runpeng and Yu, Weihao and Wang, Xinchao},
  booktitle={European Conference on Computer Vision},
  pages={251--268},
  year={2024},
  organization={Springer}
}

@inproceedings{yu2024rlhf,
  title={Rlhf-v: Towards trustworthy mllms via behavior alignment from fine-grained correctional human feedback},
  author={Yu, Tianyu and Yao, Yuan and Zhang, Haoye and He, Taiwen and Han, Yifeng and Cui, Ganqu and Hu, Jinyi and Liu, Zhiyuan and Zheng, Hai-Tao and Sun, Maosong and others},
  booktitle={Proceedings of the IEEE/CVF Conference on Computer Vision and Pattern Recognition},
  pages={13807--13816},
  year={2024}
}

@article{zhou2024calibrated,
  title={Calibrated self-rewarding vision language models},
  author={Zhou, Yiyang and Fan, Zhiyuan and Cheng, Dongjie and Yang, Sihan and Chen, Zhaorun and Cui, Chenhang and Wang, Xiyao and Li, Yun and Zhang, Linjun and Yao, Huaxiu},
  journal={arXiv preprint arXiv:2405.14622},
  year={2024}
}

@article{zhou2024povid,
  title={Aligning modalities in vision large language models via preference fine-tuning},
  author={Zhou, Yiyang and Cui, Chenhang and Rafailov, Rafael and Finn, Chelsea and Yao, Huaxiu},
  journal={arXiv preprint arXiv:2402.11411},
  year={2024}
}

@article{zhu2024unraveling,
  title={Unraveling cross-modality knowledge conflicts in large vision-language models},
  author={Zhu, Tinghui and Liu, Qin and Wang, Fei and Tu, Zhengzhong and Chen, Muhao},
  journal={arXiv preprint arXiv:2410.03659},
  year={2024}
}

@article{ziegler2019fine,
  title={Fine-tuning language models from human preferences},
  author={Ziegler, Daniel M and Stiennon, Nisan and Wu, Jeffrey and Brown, Tom B and Radford, Alec and Amodei, Dario and Christiano, Paul and Irving, Geoffrey},
  journal={arXiv preprint arXiv:1909.08593},
  year={2019}
}

