@incollection{bourlard1996hybrid,
  title={Hybrid connectionist models for continuous speech recognition},
  author={Bourlard, Herv{\'e} and Morgan, Nelson},
  booktitle={Automatic Speech and Speaker Recognition: Advanced Topics},
  pages={259--283},
  year={1996},
  publisher={Springer}
}

@article{chan2015listen,
  title={Listen, attend and spell},
  author={Chan, William and Jaitly, Navdeep and Le, Quoc V and Vinyals, Oriol},
  journal={arXiv preprint arXiv:1508.01211},
  year={2015}
}

@INPROCEEDINGS{chen2022factorized,
  author={Chen, Xie and Meng, Zhong and Parthasarathy, Sarangarajan and Li, Jinyu},
  booktitle={ICASSP 2022 - 2022 IEEE International Conference on Acoustics, Speech and Signal Processing (ICASSP)}, 
  title={Factorized Neural Transducer for Efficient Language Model Adaptation}, 
  year={2022},
  volume={},
  number={},
  pages={8132-8136},
}

@article{chorowski2015attention-based,
  title={Attention-based models for speech recognition},
  author={Chorowski, Jan K and Bahdanau, Dzmitry and Serdyuk, Dmitriy and Cho, Kyunghyun and Bengio, Yoshua},
  journal={Advances in neural information processing systems},
  volume={28},
  year={2015}
}

@article{deng2023label-synchronous,
  title={Label-synchronous neural transducer for end-to-end ASR},
  author={Deng, Keqi and Woodland, Philip C},
  journal={arXiv preprint arXiv:2307.03088},
  year={2023}
}

@misc{dong2020cif,
      title={CIF: Continuous Integrate-and-Fire for End-to-End Speech Recognition}, 
      author={Linhao Dong and Bo Xu},
      year={2020},
      eprint={1905.11235},
      archivePrefix={arXiv},
      primaryClass={cs.CL}
}

@inproceedings{graves2006connectionist,
  title={Connectionist temporal classification: labelling unsegmented sequence data with recurrent neural networks},
  author={Graves, Alex and Fern{\'a}ndez, Santiago and Gomez, Faustino and Schmidhuber, J{\"u}rgen},
  booktitle={Proceedings of the 23rd international conference on Machine learning},
  pages={369--376},
  year={2006}
}

@article{graves2012sequence,
  title={Sequence transduction with recurrent neural networks},
  author={Graves, Alex},
  journal={arXiv preprint arXiv:1211.3711},
  year={2012}
}

@misc{kuang2022pruned,
      title={Pruned RNN-T for fast, memory-efficient ASR training}, 
      author={Fangjun Kuang and Liyong Guo and Wei Kang and Long Lin and Mingshuang Luo and Zengwei Yao and Daniel Povey},
      year={2022},
      eprint={2206.13236},
      archivePrefix={arXiv},
      primaryClass={eess.AS}
}

@inproceedings{meng2023modular,
  title={Modular hybrid autoregressive transducer},
  author={Meng, Zhong and Chen, Tongzhou and Prabhavalkar, Rohit and Zhang, Yu and Wang, Gary and Audhkhasi, Kartik and Emond, Jesse and Strohman, Trevor and Ramabhadran, Bhuvana and Huang, W Ronny and others},
  booktitle={2022 IEEE Spoken Language Technology Workshop (SLT)},
  pages={197--204},
  year={2023},
  organization={IEEE}
}

@INPROCEEDINGS{monotonicrnnt,
  author={Tripathi, Anshuman and Lu, Han and Sak, Hasim and Soltau, Hagen},
  booktitle={2019 IEEE Automatic Speech Recognition and Understanding Workshop (ASRU)}, 
  title={Monotonic Recurrent Neural Network Transducer and Decoding Strategies}, 
  year={2019},
  volume={},
  number={},
  pages={944-948},
  keywords={Decoding;Computational modeling;Standards;Training;Recurrent neural networks;Speech recognition;Transducers},
  doi={10.1109/ASRU46091.2019.9003822}}

@inproceedings{prabhavalkar2024extreme,
  title={Extreme encoder output frame rate reduction: Improving computational latencies of large end-to-end models},
  author={Prabhavalkar, Rohit and Meng, Zhong and Wang, Weiran and Stooke, Adam and Cai, Xingyu and He, Yanzhang and Narayanan, Arun and Hwang, Dongseong and Sainath, Tara N and Moreno, Pedro J},
  booktitle={ICASSP 2024-2024 IEEE International Conference on Acoustics, Speech and Signal Processing (ICASSP)},
  pages={11816--11820},
  year={2024},
  organization={IEEE}
}

@misc{raffel2017online,
      title={Online and Linear-Time Attention by Enforcing Monotonic Alignments}, 
      author={Colin Raffel and Minh-Thang Luong and Peter J. Liu and Ron J. Weiss and Douglas Eck},
      year={2017},
      eprint={1704.00784},
      archivePrefix={arXiv},
      primaryClass={cs.LG}
}

@inproceedings{tang-etal-2023-hybrid,
    title = "Hybrid Transducer and Attention based Encoder-Decoder Modeling for Speech-to-Text Tasks",
    author = "Tang, Yun  and
      Sun, Anna  and
      Inaguma, Hirofumi  and
      Chen, Xinyue  and
      Dong, Ning  and
      Ma, Xutai  and
      Tomasello, Paden  and
      Pino, Juan",
    editor = "Rogers, Anna  and
      Boyd-Graber, Jordan  and
      Okazaki, Naoaki",
    booktitle = "Proceedings of the 61st Annual Meeting of the Association for Computational Linguistics (Volume 1: Long Papers)",
    month = jul,
    year = "2023",
    pages = "12441--12455",
}

@article{tian2022bayes,
  title={Bayes risk ctc: Controllable ctc alignment in sequence-to-sequence tasks},
  author={Tian, Jinchuan and Yan, Brian and Yu, Jianwei and Weng, Chao and Yu, Dong and Watanabe, Shinji},
  journal={arXiv preprint arXiv:2210.07499},
  year={2022}
}

@article{tian2023bayes,
  title={Bayes Risk Transducer: Transducer with Controllable Alignment Prediction},
  author={Tian, Jinchuan and Yu, Jianwei and Chen, Hangting and Yan, Brian and Weng, Chao and Yu, Dong and Watanabe, Shinji},
  journal={arXiv preprint arXiv:2308.10107},
  year={2023}
}

@inproceedings{variani2020hybrid,
  title={Hybrid autoregressive transducer (hat)},
  author={Variani, Ehsan and Rybach, David and Allauzen, Cyril and Riley, Michael},
  booktitle={ICASSP 2020-2020 IEEE International Conference on Acoustics, Speech and Signal Processing (ICASSP)},
  pages={6139--6143},
  year={2020},
  organization={IEEE}
}

@misc{wang2023massive,
      title={Massive End-to-end Models for Short Search Queries}, 
      author={Weiran Wang and Rohit Prabhavalkar and Dongseong Hwang and Qiujia Li and Khe Chai Sim and Bo Li and James Qin and Xingyu Cai and Adam Stooke and Zhong Meng and CJ Zheng and Yanzhang He and Tara Sainath and Pedro Moreno Mengibar},
      year={2023},
      eprint={2309.12963},
      archivePrefix={arXiv},
      primaryClass={eess.AS}
}

@article{watanabe2017hybrid,
  title={Hybrid CTC/attention architecture for end-to-end speech recognition},
  author={Watanabe, Shinji and Hori, Takaaki and Kim, Suyoun and Hershey, John R and Hayashi, Tomoki},
  journal={IEEE Journal of Selected Topics in Signal Processing},
  volume={11},
  number={8},
  pages={1240--1253},
  year={2017},
  publisher={IEEE}
}

@INPROCEEDINGS{zhang24cif-t,
  author={Zhang, Tian-Hao and Zhou, Dinghao and Zhong, Guiping and Zhou, Jiaming and Li, Baoxiang},
  booktitle={ICASSP 2024 - 2024 IEEE International Conference on Acoustics, Speech and Signal Processing (ICASSP)}, 
  title={CIF-T: A Novel CIF-Based Transducer Architecture for Automatic Speech Recognition}, 
  year={2024},
  pages={10531-10535},
  }

