@inproceedings{agat2000transforming,
  title={Transforming out timing leaks},
  author={Agat, Johan},
  booktitle={Proceedings of the 27th ACM SIGPLAN-SIGACT symposium on Principles of programming languages},
  pages={40--53},
  year={2000}
}

@inproceedings{almeida2013certified,
  title={Certified computer-aided cryptography: efficient provably secure machine code from high-level implementations},
  author={Almeida, Jos{\'e} Bacelar and Barbosa, Manuel and Barthe, Gilles and Dupressoir, Fran{\c{c}}ois},
  booktitle={Proceedings of the 2013 ACM SIGSAC conference on Computer \& communications security},
  pages={1217--1230},
  year={2013}
}

@article{almeida2013formal,
  title={Formal verification of side-channel countermeasures using self-composition},
  author={Almeida, J Bacelar and Barbosa, Manuel and Pinto, Jorge S and Vieira, B{\'a}rbara},
  journal={Science of Computer Programming},
  volume={78},
  number={7},
  pages={796--812},
  year={2013},
  publisher={Elsevier}
}

@inproceedings{almeida2016verifiable,
  title={Verifiable side-channel security of cryptographic implementations: constant-time MEE-CBC},
  author={Almeida, Jos{\'e} Bacelar and Barbosa, Manuel and Barthe, Gilles and Dupressoir, Fran{\c{c}}ois},
  booktitle={International Conference on Fast Software Encryption},
  pages={163--184},
  year={2016},
  organization={Springer}
}

@inproceedings{almeida2016verifying,
  title={Verifying Constant-Time Implementations},
  author={Almeida, Jos{\'e} Bacelar and Barbosa, Manuel and Barthe, Gilles and Dupressoir, Fran{\c{c}}ois and Emmi, Michael},
  booktitle={25th USENIX Security Symposium (USENIX Security 16)},
  pages={53--70},
  year={2016}
}

@inproceedings{almeida2017jasmin,
  title={Jasmin: High-assurance and high-speed cryptography},
  author={Almeida, Jos{\'e} Bacelar and Barbosa, Manuel and Barthe, Gilles and Blot, Arthur and Gr{\'e}goire, Benjamin and Laporte, Vincent and Oliveira, Tiago and Pacheco, Hugo and Schmidt, Benedikt and Strub, Pierre-Yves},
  booktitle={Proceedings of the 2017 ACM SIGSAC Conference on Computer and Communications Security},
  pages={1807--1823},
  year={2017}
}

@inproceedings{antonopoulos2017decomposition,
  title={Decomposition instead of self-composition for proving the absence of timing channels},
  author={Antonopoulos, Timos and Gazzillo, Paul and Hicks, Michael and Koskinen, Eric and Terauchi, Tachio and Wei, Shiyi},
  booktitle={Proceedings of the 38th ACM SIGPLAN Conference on Programming Language Design and Implementation},
  pages={362--375},
  year={2017}
}

@inproceedings{aranha2020ladderleak,
  title={Ladderleak: Breaking ecdsa with less than one bit of nonce leakage},
  author={Aranha, Diego F and Novaes, Felipe Rodrigues and Takahashi, Akira and Tibouchi, Mehdi and Yarom, Yuval},
  booktitle={Proceedings of the 2020 ACM SIGSAC Conference on Computer and Communications Security},
  pages={225--242},
  year={2020}
}

@article{barthe2006preventing,
  title={Preventing timing leaks through transactional branching instructions},
  author={Barthe, Gilles and Rezk, Tamara and Warnier, Martijn},
  journal={Electronic Notes in Theoretical Computer Science},
  volume={153},
  number={2},
  pages={33--55},
  year={2006},
  publisher={Elsevier}
}

@inproceedings{barthe2014system,
  title={System-level non-interference for constant-time cryptography},
  author={Barthe, Gilles and Betarte, Gustavo and Campo, Juan and Luna, Carlos and Pichardie, David},
  booktitle={Proceedings of the 2014 ACM SIGSAC Conference on Computer and Communications Security},
  pages={1267--1279},
  year={2014}
}

@article{barthe2020formal,
  title={Formal verification of a constant-time preserving C compiler},
  author={Barthe, Gilles and Blazy, Sandrine and Gr{\'e}goire, Benjamin and Hutin, R{\'e}mi and Laporte, Vincent and Pichardie, David and Trieu, Alix},
  journal={Proceedings of the ACM on Programming Languages},
  volume={4},
  number={POPL},
  pages={1--30},
  year={2020}
}

@article{blazy2019verifying,
  title={Verifying constant-time implementations by abstract interpretation},
  author={Blazy, Sandrine and Pichardie, David and Trieu, Alix},
  journal={Journal of Computer Security},
  volume={27},
  number={1},
  pages={137--163},
  year={2019},
  publisher={IOS Press}
}

@inproceedings{bond2017vale,
  title={Vale: Verifying High-Performance Cryptographic Assembly Code},
  author={Bond, Barry and Hawblitzel, Chris and Kapritsos, Manos and Leino, K Rustan M and Lorch, Jacob R and Parno, Bryan and Rane, Ashay and Setty, Srinath and Thompson, Laure},
  booktitle={26th USENIX security symposium (USENIX security 17)},
  pages={917--934},
  year={2017}
}

@inproceedings{borrello2021constantine,
  title={Constantine: Automatic side-channel resistance using efficient control and data flow linearization},
  author={Borrello, Pietro and D'Elia, Daniele Cono and Querzoni, Leonardo and Giuffrida, Cristiano},
  booktitle={Proceedings of the 2021 ACM SIGSAC Conference on Computer and Communications Security},
  pages={715--733},
  year={2021}
}

@inproceedings{cauligi2019fact,
  title={Fact: a DSL for timing-sensitive computation},
  author={Cauligi, Sunjay and Soeller, Gary and Johannesmeyer, Brian and Brown, Fraser and Wahby, Riad S and Renner, John and Gr{\'e}goire, Benjamin and Barthe, Gilles and Jhala, Ranjit and Stefan, Deian},
  booktitle={Proceedings of the 40th ACM SIGPLAN Conference on Programming Language Design and Implementation},
  pages={174--189},
  year={2019}
}

@inproceedings{chen2017precise,
  title={Precise detection of side-channel vulnerabilities using quantitative cartesian hoare logic},
  author={Chen, Jia and Feng, Yu and Dillig, Isil},
  booktitle={Proceedings of the 2017 ACM SIGSAC Conference on Computer and Communications Security},
  pages={875--890},
  year={2017}
}

@inproceedings{coppens2009practical,
  title={Practical mitigations for timing-based side-channel attacks on modern x86 processors},
  author={Coppens, Bart and Verbauwhede, Ingrid and De Bosschere, Koen and De Sutter, Bjorn},
  booktitle={2009 30th IEEE Symposium on Security and Privacy},
  pages={45--60},
  year={2009},
  organization={IEEE}
}

@inproceedings{daniel2020binsec,
  title={Binsec/rel: Efficient relational symbolic execution for constant-time at binary-level},
  author={Daniel, Lesly-Ann and Bardin, S{\'e}bastien and Rezk, Tamara},
  booktitle={2020 IEEE Symposium on Security and Privacy (SP)},
  pages={1021--1038},
  year={2020},
  organization={IEEE}
}

@inproceedings{dehesa2017verifying,
  title={Verifying and synthesizing constant-resource implementations with types},
  author={Dehesa-Azuara, Mario and Fredrikson, Matthew and Hoffmann, Jan and others},
  booktitle={2017 IEEE Symposium on Security and Privacy (SP)},
  pages={710--728},
  year={2017},
  organization={IEEE}
}

@inproceedings{deng2023cipherh,
  title={CipherH: Automated Detection of Ciphertext Side-channel Vulnerabilities in Cryptographic Implementations},
  author={Deng, Sen and Li, Mengyuan and Tang, Yining and Wang, Shuai and Yan, Shoumeng and Zhang, Yinqian},
  booktitle={32nd USENIX Security Symposium (USENIX Security 23)},
  pages={6843--6860},
  year={2023}
}

@article{kopf2007transformational,
  title={Transformational typing and unification for automatically correcting insecure programs},
  author={K{\"o}pf, Boris and Mantel, Heiko},
  journal={International Journal of Information Security},
  volume={6},
  number={2},
  pages={107--131},
  year={2007},
  publisher={Springer}
}

@inproceedings{leroy2006formal,
  title={Formal certification of a compiler back-end or: programming a compiler with a proof assistant},
  author={Leroy, Xavier},
  booktitle={Conference record of the 33rd ACM SIGPLAN-SIGACT Symposium on Principles of Programming Languages},
  pages={42--54},
  year={2006}
}

@inproceedings{li2021cipherleaks,
  title={CIPHERLEAKS: Breaking Constant-time Cryptography on AMD SEV via the Ciphertext Side Channel.},
  author={Li, Mengyuan and Zhang, Yinqian and Wang, Huibo and Li, Kang and Cheng, Yueqiang},
  booktitle={USENIX Security Symposium},
  pages={717--732},
  year={2021}
}

@inproceedings{li2022systematic,
  title={A Systematic Look at Ciphertext Side Channels on AMD SEV-SNP},
  author={Li, Mengyuan and Wilke, Luca and Wichelmann, Jan and Eisenbarth, Thomas and Teodorescu, Radu and Zhang, Yinqian},
  booktitle={2022 IEEE Symposium on Security and Privacy (SP)},
  pages={337--351},
  year={2022},
  organization={IEEE}
}

@inproceedings{liu2015last,
  title={Last-level cache side-channel attacks are practical},
  author={Liu, Fangfei and Yarom, Yuval and Ge, Qian and Heiser, Gernot and Lee, Ruby B},
  booktitle={2015 IEEE symposium on security and privacy},
  pages={605--622},
  year={2015},
  organization={IEEE}
}

@inproceedings{mantel2015transforming,
  title={Transforming out timing leaks, more or less},
  author={Mantel, Heiko and Starostin, Artem},
  booktitle={European Symposium on Research in Computer Security},
  pages={447--467},
  year={2015},
  organization={Springer}
}

@inproceedings{molnar2005program,
  title={The program counter security model: Automatic detection and removal of control-flow side channel attacks},
  author={Molnar, David and Piotrowski, Matt and Schultz, David and Wagner, David},
  booktitle={International Conference on Information Security and Cryptology},
  pages={156--168},
  year={2005},
  organization={Springer}
}

@inproceedings{osvik2006cache,
  title={Cache attacks and countermeasures: the case of AES},
  author={Osvik, Dag Arne and Shamir, Adi and Tromer, Eran},
  booktitle={Cryptographers' track at the RSA conference},
  pages={1--20},
  year={2006},
  organization={Springer}
}

@misc{percival2005cache,
  title={Cache missing for fun and profit},
  author={Percival, Colin},
  year={2005},
  publisher={BSDCan Ottawa}
}

@inproceedings{rodrigues2016sparse,
  title={Sparse representation of implicit flows with applications to side-channel detection},
  author={Rodrigues, Bruno and Quint{\~a}o Pereira, Fernando Magno and Aranha, Diego F},
  booktitle={Proceedings of the 25th International Conference on Compiler Construction},
  pages={110--120},
  year={2016}
}

@article{ryan2019return,
  title={Return of the Hidden Number Problem.},
  author={Ryan, Keegan},
  journal={IACR Transactions on Cryptographic Hardware and Embedded Systems},
  pages={146--168},
  year={2019}
}

@inproceedings{soares2021memory,
  title={Memory-safe elimination of side channels},
  author={Soares, Luigi and Pereira, Fernando Magno Quint{\~a}n},
  booktitle={2021 IEEE/ACM International Symposium on Code Generation and Optimization (CGO)},
  pages={200--210},
  year={2021},
  organization={IEEE}
}

@inproceedings{swamy2016dependent,
  title={Dependent types and multi-monadic effects in F},
  author={Swamy, Nikhil and Hri{\c{t}}cu, C{\u{a}}t{\u{a}}lin and Keller, Chantal and Rastogi, Aseem and Delignat-Lavaud, Antoine and Forest, Simon and Bhargavan, Karthikeyan and Fournet, C{\'e}dric and Strub, Pierre-Yves and Kohlweiss, Markulf and others},
  booktitle={Proceedings of the 43rd annual ACM SIGPLAN-SIGACT Symposium on Principles of Programming Languages},
  pages={256--270},
  year={2016}
}

@inproceedings{wu2018eliminating,
  title={Eliminating timing side-channel leaks using program repair},
  author={Wu, Meng and Guo, Shengjian and Schaumont, Patrick and Wang, Chao},
  booktitle={Proceedings of the 27th ACM SIGSOFT International Symposium on Software Testing and Analysis},
  pages={15--26},
  year={2018}
}

@inproceedings{yang2018lazy,
  title={Lazy self-composition for security verification},
  author={Yang, Weikun and Vizel, Yakir and Subramanyan, Pramod and Gupta, Aarti and Malik, Sharad},
  booktitle={International Conference on Computer Aided Verification},
  pages={136--156},
  year={2018},
  organization={Springer}
}

@inproceedings{yarom2014flush,
  title={FLUSH+ RELOAD: A high resolution, low noise, L3 cache side-channel attack},
  author={Yarom, Yuval and Falkner, Katrina},
  booktitle={23rd USENIX Security Symposium (USENIX Security 14)},
  pages={719--732},
  year={2014}
}

@article{yarom2014recovering,
  title={Recovering OpenSSL ECDSA Nonces Using the FLUSH+ RELOAD Cache Side-channel Attack.},
  author={Yarom, Yuval and Benger, Naomi},
  journal={IACR Cryptol. ePrint Arch.},
  volume={2014},
  pages={140},
  year={2014},
  publisher={Citeseer}
}

@inproceedings{zhang2012cross,
  title={Cross-VM side channels and their use to extract private keys},
  author={Zhang, Yinqian and Juels, Ari and Reiter, Michael K and Ristenpart, Thomas},
  booktitle={Proceedings of the 2012 ACM conference on Computer and communications security},
  pages={305--316},
  year={2012}
}

@inproceedings{zinzindohoue2016verified,
  title={A verified extensible library of elliptic curves},
  author={Zinzindohoue, Jean Karim and Bartzia, Evmorfia-Iro and Bhargavan, Karthikeyan},
  booktitle={2016 IEEE 29th Computer Security Foundations Symposium (CSF)},
  pages={296--309},
  year={2016},
  organization={IEEE}
}

@inproceedings{zinzindohoue2017hacl,
  title={HACL*: A verified modern cryptographic library},
  author={Zinzindohou{\'e}, Jean-Karim and Bhargavan, Karthikeyan and Protzenko, Jonathan and Beurdouche, Benjamin},
  booktitle={Proceedings of the 2017 ACM SIGSAC Conference on Computer and Communications Security},
  pages={1789--1806},
  year={2017}
}

