@article{brunotte2023privacy,
  title={Privacy explanations--A means to end-user trust},
  author={Brunotte, Wasja and Specht, Alexander and Chazette, Larissa and Schneider, Kurt},
  journal={JSS},
  volume={195},
  year={2023},
  publisher={Elsevier}
}

@inproceedings{buiten2023vision,
  title={A Vision on What Explanations of Autonomous Systems are of Interest to Lawyers},
  author={Buiten, Miriam C and Dennis, Louise A and Schwammberger, Maike},
  booktitle={REW},
  year={2023},
  organization={IEEE}
}

@article{chazette2020explainability,
  title={Explainability as a non-functional requirement: challenges and recommendations},
  author={Chazette, Larissa and Schneider, Kurt},
  journal={REJ},
  volume={25},
  number={4},
  year={2020},
  publisher={Springer}
}

@inproceedings{chazette2021exploring,
  title={Exploring explainability: a definition, a model, and a knowledge catalogue},
  author={Chazette, Larissa and Brunotte, Wasja and Speith, Timo},
  booktitle={RE},
  year={2021},
  organization={IEEE}
}

@inproceedings{deters2023expl,
  author={Deters, Hannah and Droste, Jakob and Schneider, Kurt},
  title={A Means to what End? Evaluating the Explainability of Software Systems using Goal Oriented Heuristics},
  booktitle={EASE'23},
}

@inproceedings{deters2023ondemand,
  title={Explanations on Demand-a Technique for Eliciting the Actual Need for Explanations},
  author={Deters, Hannah and Droste, Jakob and Fechner, Mathis and Kl{\"u}nder, Jil},
  booktitle={REW},
  year={2023},
  organization={IEEE}
}

@InProceedings{deters2024qualitymodel,
  author="Deters, Hannah
  and Droste, Jakob
  and Obaidi, Martin
  and Schneider, Kurt",
  title={How Explainable Is Your System? Towards a Quality Model for Explainability},
  booktitle={REFSQ'24},
  year={2024},
  isbn={978-3-031-57327-9}
}

@INPROCEEDINGS{droste2024explanations,
  author={Droste, Jakob and Deters, Hannah and Obaidi, Martin and Schneider, Kurt},
  booktitle={RE'24}, 
  title={Explanations in Everyday Software Systems: Towards a Taxonomy for Explainability Needs}, 
}

@inproceedings{droste2024peeking,
  title={Peeking Outside the Black-Box: AI Explainability Requirements beyond Interpretability},
  author={Droste, Jakob and Deters, Hannah and Fuchs, Ronja and Schneider, Kurt},
  booktitle={RE4AI'24},
}

@inproceedings{kastner2021relation,
  title={On the relation of trust and explainability: Why to engineer for trustworthiness},
  author={K{\"a}stner, Lena and Langer, Markus and Lazar, Veronika and Schom{\"a}cker, Astrid and Speith, Timo and Sterz, Sarah},
  series={REW'21},
}

@INPROCEEDINGS{kohl2019explainability,
  author={Köhl, Maximilian A. and Baum, Kevin and Langer, Markus and Oster, Daniel and Speith, Timo and Bohlender, Dimitri},
  booktitle={RE'19}, 
  title={Explainability as a Non-Functional Requirement}, 
}

@inproceedings{obaidi2025automatingexplanationneedmanagement,
  author = {Obaidi, Martin and Voß, Nicolas and Droste, Jakob and Deters, Hannah and Herrmann, Marc and Fischbach, Jannik and Schneider, Kurt},
  title = {Automating Explanation Need Management in App Reviews: A Case Study from the Navigation App Industry},
  year = {2025},
  location = {Ottawa, Canada},
  series = {ICSE-SEIP'25}
}

@InProceedings{obaidi2025mood,
author="Obaidi, Martin and Droste, Jakob and  Deters, Hannah and Herrmann, Marc and Kl{\"u}nder, Jil and Schneider, Kurt",
title="Do Users' Explainability Needs in Software Change with Mood?",
booktitle="REFSQ'25",
year="2025",
}

@inproceedings{ramos2021modeling,
  title={Modeling and evaluating personas with software explainability requirements},
  author={Ramos, Henrique and Fonseca, Mateus and Ponciano, Lesandro},
  booktitle={HCI-COLLAB'21},
  organization={Springer}
}

@inproceedings{sadeghi2024explanation,
  author={Sadeghi, Mersedeh and P\"{o}ttgen, Daniel and Ebel, Patrick and Vogelsang, Andreas},
  title={Explaining the Unexplainable: The Impact of Misleading Explanations on Trust in Unreliable Predictions for Hardly Assessable Tasks},
  publisher={Association for Computing Machinery},
  booktitle={UMAP '24},
}

@inproceedings{unterbusch2023explanation,
  title={Explanation Needs in App Reviews: Taxonomy and Automated Detection},
  author={Unterbusch, Max and Sadeghi, Mersedeh and Fischbach, Jannik and Obaidi, Martin and Vogelsang, Andreas},
  booktitle={REW},
  year={2023},
  organization={IEEE}
}

