@article{AnthropicAI2023,
  author = {AnthropicAI},
  title = {Introducing Claude},
  year = 2023,
  URL = {https://www.anthropic.com/index/introducing-claude},
  note = {Retrieved from https://www.anthropic.com/index/introducing-claude}
}

@article{achiam2023gpt,
  title={Gpt-4 technical report},
  author={Achiam, Josh and others},
  journal={arXiv preprint arXiv:2303.08774},
  year={2023}
}

@article{amini2013pseudo,
  title={Pseudo-likelihood methods for community detection in large sparse networks},
  author={Amini, Arash A and Chen, Aiyou and Bickel, Peter J and Levina, Elizaveta},
  year={2013}
}

@article{bilot2023graph,
  title={Graph neural networks for intrusion detection: A survey},
  author={Bilot, Tristan and El Madhoun, Nour and Al Agha, Khaldoun and Zouaoui, Anis},
  journal={IEEE Access},
  volume={11},
  pages={49114--49139},
  year={2023},
  publisher={IEEE}
}

@article{blondel2008fast,
  title={Fast unfolding of communities in large networks},
  author={Blondel, Vincent D and Guillaume, Jean-Loup and Lambiotte, Renaud and Lefebvre, Etienne},
  journal={Journal of statistical mechanics: theory and experiment},
  volume={2008},
  number={10},
  pages={P10008},
  year={2008},
  publisher={IOP Publishing}
}

@article{boettcher2002optimization,
  title={Optimization with extremal dynamics},
  author={Boettcher, Stefan and Percus, Allon G},
  journal={complexity},
  volume={8},
  number={2},
  pages={57--62},
  year={2002},
  publisher={Wiley Online Library}
}

@article{chikwendu2023comprehensive,
  title={A comprehensive survey on deep graph representation learning methods},
  author={Chikwendu, Ijeoma Amuche and others},
  journal={Journal of Artificial Intelligence Research},
  volume={78},
  pages={287--356},
  year={2023}
}

@article{fang2020survey,
  title={A survey of community search over big graphs},
  author={Fang, Yixiang and Huang, Xin and Qin, Lu and Zhang, Ying and Zhang, Wenjie and Cheng, Reynold and Lin, Xuemin},
  journal={The VLDB Journal},
  volume={29},
  pages={353--392},
  year={2020},
  publisher={Springer}
}

@article{ge2024unsupervised,
  title={Unsupervised social network embedding via adaptive specific mappings},
  author={Ge, Youming and Huang, Cong and Liu, Yubao and Zhang, Sen and Kong, Weiyang},
  journal={Frontiers of Computer Science},
  volume={18},
  number={3},
  pages={183310},
  year={2024},
  publisher={Springer}
}

@article{guo2024large,
  title={Large language model based multi-agents: A survey of progress and challenges},
  author={Guo, Taicheng and Chen, Xiuying and Wang, Yaqi and Chang, Ruidi and Pei, Shichao and Chawla, Nitesh V and Wiest, Olaf and Zhang, Xiangliang},
  journal={arXiv preprint arXiv:2402.01680},
  year={2024}
}

@article{khoshraftar2024survey,
  title={A survey on graph representation learning methods},
  author={Khoshraftar, Shima and An, Aijun},
  journal={ACM Transactions on Intelligent Systems and Technology},
  volume={15},
  number={1},
  pages={1--55},
  year={2024},
  publisher={ACM New York, NY}
}

@article{kirkpatrick1983optimization,
  title={Optimization by simulated annealing},
  author={Kirkpatrick, Scott and Gelatt Jr, C Daniel and Vecchi, Mario P},
  journal={science},
  volume={220},
  number={4598},
  pages={671--680},
  year={1983},
  publisher={American association for the advancement of science}
}

@article{lamichhane2024anomaly,
  title={Anomaly Detection in Graph Structured Data: A Survey},
  author={Lamichhane, Prabin B and Eberle, William},
  journal={arXiv preprint arXiv:2405.06172},
  year={2024}
}

@article{lecun2015deep,
  title={Deep learning},
  author={LeCun, Yann and Bengio, Yoshua and Hinton, Geoffrey},
  journal={nature},
  volume={521},
  number={7553},
  pages={436--444},
  year={2015},
  publisher={Nature Publishing Group UK London}
}

@article{ma2021comprehensive,
  title={A comprehensive survey on graph anomaly detection with deep learning},
  author={Ma, Xiaoxiao and Wu, Jia and Xue, Shan and Yang, Jian and Zhou, Chuan and Sheng, Quan Z and Xiong, Hui and Akoglu, Leman},
  journal={IEEE Transactions on Knowledge and Data Engineering},
  volume={35},
  number={12},
  pages={12012--12038},
  year={2021},
  publisher={IEEE}
}

@article{newman2013spectral,
  title={Spectral methods for community detection and graph partitioning},
  author={Newman, Mark EJ},
  journal={Physical Review Eâ€”Statistical, Nonlinear, and Soft Matter Physics},
  volume={88},
  number={4},
  pages={042822},
  year={2013},
  publisher={APS}
}

@article{pan2021multi,
  title={Multi-view contrastive graph clustering},
  author={Pan, Erlin and Kang, Zhao},
  journal={Advances in neural information processing systems},
  volume={34},
  pages={2148--2159},
  year={2021}
}

@article{pan2024identification,
  title={Identification of dynamic networks community by fusing deep learning and evolutionary clustering},
  author={Pan, Yu and Yao, Feng and Liu, Xin and Zhang, Lei and Li, Wei and Wang, Pei},
  year={2024}
}

@inproceedings{roy2024gad,
  title={Gad-nr: Graph anomaly detection via neighborhood reconstruction},
  author={Roy, Amit and Shu, Juan and Li, Jia and Yang, Carl and Elshocht, Olivier and Smeets, Jeroen and Li, Pan},
  booktitle={Proceedings of the 17th ACM International Conference on Web Search and Data Mining},
  pages={576--585},
  year={2024}
}

@article{shao2024distributed,
  title={Distributed graph neural network training: A survey},
  author={Shao, Yingxia and Li, Hongzheng and Gu, Xizhi and Yin, Hongbo and Li, Yawen and Miao, Xupeng and Zhang, Wentao and Cui, Bin and Chen, Lei},
  journal={ACM Computing Surveys},
  volume={56},
  number={8},
  pages={1--39},
  year={2024},
  publisher={ACM New York, NY}
}

@article{su2022comprehensive,
  title={A comprehensive survey on community detection with deep learning},
  author={Su, Xing and Xue, Shan and Liu, Fanzhen and Wu, Jia and Yang, Jian and Zhou, Chuan and Hu, Wenbin and Paris, Cecile and Nepal, Surya and Jin, Di and others},
  journal={IEEE Transactions on Neural Networks and Learning Systems},
  year={2022},
  publisher={IEEE}
}

@article{team2023gemini,
  title={Gemini: a family of highly capable multimodal models},
  author={Team, Gemini and others},
  journal={arXiv preprint arXiv:2312.11805},
  year={2023}
}

@article{tsitsulin2023graph,
  title={Graph clustering with graph neural networks},
  author={Tsitsulin, Anton and Palowitch, John and Perozzi, Bryan and M{\"u}ller, Emmanuel},
  journal={Journal of Machine Learning Research},
  volume={24},
  number={127},
  pages={1--21},
  year={2023}
}

@article{wang2023overview,
  title={An overview of advanced deep graph node clustering},
  author={Wang, Shiping and Yang, Jinbin and Yao, Jie and Bai, Yang and Zhu, William},
  journal={IEEE Transactions on Computational Social Systems},
  volume={11},
  number={1},
  pages={1302--1314},
  year={2023},
  publisher={IEEE}
}

@article{wu2020deep,
  title={Deep learning techniques for community detection in social networks},
  author={Wu, Ling and Zhang, Qishan and Chen, Chi-Hua and Guo, Kun and Wang, Deqin},
  journal={IEEE Access},
  volume={8},
  pages={96016--96026},
  year={2020},
  publisher={IEEE}
}

@inproceedings{xiang2023semi,
  title={Semi-supervised credit card fraud detection via attribute-driven graph representation},
  author={Xiang, Sheng and others},
  booktitle={Proceedings of the AAAI Conference on Artificial Intelligence},
  volume={37},
  number={12},
  pages={14557--14565},
  year={2023}
}

@article{yu2016survey,
  title={A survey on social media anomaly detection},
  author={Yu, Rose and Qiu, Huida and Wen, Zhen and Lin, ChingYung and Liu, Yan},
  journal={ACM SIGKDD Explorations Newsletter},
  volume={18},
  number={1},
  pages={1--14},
  year={2016},
  publisher={ACM New York, NY, USA}
}

