@article{mcpherson2001birds,
  title={Birds of a feather: Homophily in social networks},
  author={McPherson, Miller and Smith-Lovin, Lynn and Cook, James M},
  journal={Annual review of sociology},
  volume={27},
  number={1},
  pages={415--444},
  year={2001},
  publisher={Annual Reviews 4139 El Camino Way, PO Box 10139, Palo Alto, CA 94303-0139, USA}
}

@article{jin2021survey,
  title={A survey of community detection approaches: From statistical modeling to deep learning},
  author={Jin, Di and Yu, Zhizhi and Jiao, Pengfei and Pan, Shirui and He, Dongxiao and Wu, Jia and Philip, S Yu and Zhang, Weixiong},
  journal={IEEE Transactions on Knowledge and Data Engineering},
  volume={35},
  number={2},
  pages={1149--1170},
  year={2021},
  publisher={IEEE}
}

@article{su2022comprehensive,
  title={A comprehensive survey on community detection with deep learning},
  author={Su, Xing and Xue, Shan and Liu, Fanzhen and Wu, Jia and Yang, Jian and Zhou, Chuan and Hu, Wenbin and Paris, Cecile and Nepal, Surya and Jin, Di and others},
  journal={IEEE Transactions on Neural Networks and Learning Systems},
  year={2022},
  publisher={IEEE}
}

@inproceedings{du2007community,
  title={Community detection in large-scale social networks},
  author={Du, Nan and Wu, Bin and Pei, Xin and Wang, Bai and Xu, Liutong},
  booktitle={Proceedings of the 9th WebKDD and 1st SNA-KDD 2007 workshop on Web mining and social network analysis},
  pages={16--25},
  year={2007}
}

@article{umrawal2023community,
  title={A community-aware framework for social influence maximization},
  author={Umrawal, Abhishek K and Quinn, Christopher J and Aggarwal, Vaneet},
  journal={IEEE Transactions on Emerging Topics in Computational Intelligence},
  volume={7},
  number={4},
  pages={1253--1262},
  year={2023},
  publisher={IEEE}
}

@misc{meijers2021globalxr,
  author       = {A. Meijers},
  title        = {{Global XR Conference: The Largest Global XR Community Event in the World}},
  year         = {2021},
  note         = {Accessed: 2022-12-15},
  howpublished = {\url{https://techcommunity.microsoft.com/t5/mixed-reality-blog/global-xr-conference-the-largest-global-xr-community-event-in/ba-p/3043539}}
}

@misc{meta2023workrooms,
  author       = {{Meta}},
  title        = {Workrooms},
  year         = {2023},
  note         = {Accessed: 2021-11-03},
  howpublished = {\url{https://www.oculus.com/workrooms/?utm_medium=referral&utm_source=xr4work.com}}
}

@article{strobel2024exploring,
  title={Exploring generative artificial intelligence: A taxonomy and types},
  author={Strobel, Gero and Banh, Leonardo and M{\"o}ller, Frederik and Schoormann, Thorsten},
  year={2024}
}

@article{wang2024survey,
  title={A survey on large language model based autonomous agents},
  author={Wang, Lei and Ma, Chen and Feng, Xueyang and Zhang, Zeyu and Yang, Hao and Zhang, Jingsen and Chen, Zhiyuan and Tang, Jiakai and Chen, Xu and Lin, Yankai and others},
  journal={Frontiers of Computer Science},
  volume={18},
  number={6},
  pages={186345},
  year={2024},
  publisher={Springer}
}

@article{xi2023rise,
  title={The rise and potential of large language model based agents: A survey},
  author={Xi, Zhiheng and others},
  journal={arXiv preprint arXiv:2309.07864},
  year={2023}
}

@misc{theconversation_virtual_2024,
    title = {Virtual influencers: meet the {AI}-generated figures posing as your new online friends as they try to sell you stuff},
    author = {The Conversation},
    year = {2024},
    month = {jul},
    howpublished = {https://reurl.cc/Wx67oy},
    note = {Accessed: 2024-07-10}
}

@misc{techcrunch_meta_2024,
    title = {Meta plans to bring generative {AI} to metaverse games},
    author = {{TechCrunch}},
    year = {2024},
    month = {jul},
    howpublished = {https://reurl.cc/r9yAXZ},
    note = {Accessed: 2024-07-10}
}

@misc{nomiAI2024,
  author = {Nomi AI},
  title = {I have a group chat with three {AI} friends, thanks to Nomi AI — they’re getting too smart},
  howpublished = {https://reurl.cc/MOeN3m},
  year = {2024},
  note = {Accessed: 2024-07-06}
}

@misc{engage2023,
  author       = {{ENGAGE}},
  title        = {{ENGAGE}},
  year         = {2023},
  note         = {Accessed: 2023-01-15},
  howpublished = {\url{https://engagevr.io/}}
}

@misc{hubs2023mozilla,
  author       = {{Hubs}},
  title        = {Hubs Mozilla},
  year         = {2023},
  note         = {Accessed: 2021-11-03},
  howpublished = {\url{https://hubs.mozilla.com/?utm_medium=referral&utm_source=xr4work.com}}
}

@article{ma2021comprehensive,
  title={A comprehensive survey on graph anomaly detection with deep learning},
  author={Ma, Xiaoxiao and Wu, Jia and Xue, Shan and Yang, Jian and Zhou, Chuan and Sheng, Quan Z and Xiong, Hui and Akoglu, Leman},
  journal={IEEE Transactions on Knowledge and Data Engineering},
  volume={35},
  number={12},
  pages={12012--12038},
  year={2021},
  publisher={IEEE}
}

@article{minaee2024large,
  title={Large language models: A survey},
  author={Minaee, Shervin and others},
  journal={arXiv preprint arXiv:2402.06196},
  year={2024}
}

@article{guo2024large,
  title={Large language model based multi-agents: A survey of progress and challenges},
  author={Guo, Taicheng and Chen, Xiuying and Wang, Yaqi and Chang, Ruidi and Pei, Shichao and Chawla, Nitesh V and Wiest, Olaf and Zhang, Xiangliang},
  journal={arXiv preprint arXiv:2402.01680},
  year={2024}
}

@article{amini2013pseudo,
  title={Pseudo-likelihood methods for community detection in large sparse networks},
  author={Amini, Arash A and Chen, Aiyou and Bickel, Peter J and Levina, Elizaveta},
  year={2013}
}

@article{blondel2008fast,
  title={Fast unfolding of communities in large networks},
  author={Blondel, Vincent D and Guillaume, Jean-Loup and Lambiotte, Renaud and Lefebvre, Etienne},
  journal={Journal of statistical mechanics: theory and experiment},
  volume={2008},
  number={10},
  pages={P10008},
  year={2008},
  publisher={IOP Publishing}
}

@article{kirkpatrick1983optimization,
  title={Optimization by simulated annealing},
  author={Kirkpatrick, Scott and Gelatt Jr, C Daniel and Vecchi, Mario P},
  journal={science},
  volume={220},
  number={4598},
  pages={671--680},
  year={1983},
  publisher={American association for the advancement of science}
}

@article{boettcher2002optimization,
  title={Optimization with extremal dynamics},
  author={Boettcher, Stefan and Percus, Allon G},
  journal={complexity},
  volume={8},
  number={2},
  pages={57--62},
  year={2002},
  publisher={Wiley Online Library}
}

@article{newman2013spectral,
  title={Spectral methods for community detection and graph partitioning},
  author={Newman, Mark EJ},
  journal={Physical Review E—Statistical, Nonlinear, and Soft Matter Physics},
  volume={88},
  number={4},
  pages={042822},
  year={2013},
  publisher={APS}
}

@article{lecun2015deep,
  title={Deep learning},
  author={LeCun, Yann and Bengio, Yoshua and Hinton, Geoffrey},
  journal={nature},
  volume={521},
  number={7553},
  pages={436--444},
  year={2015},
  publisher={Nature Publishing Group UK London}
}

@article{khoshraftar2024survey,
  title={A survey on graph representation learning methods},
  author={Khoshraftar, Shima and An, Aijun},
  journal={ACM Transactions on Intelligent Systems and Technology},
  volume={15},
  number={1},
  pages={1--55},
  year={2024},
  publisher={ACM New York, NY}
}

@article{tsitsulin2023graph,
  title={Graph clustering with graph neural networks},
  author={Tsitsulin, Anton and Palowitch, John and Perozzi, Bryan and M{\"u}ller, Emmanuel},
  journal={Journal of Machine Learning Research},
  volume={24},
  number={127},
  pages={1--21},
  year={2023}
}

@article{ge2024unsupervised,
  title={Unsupervised social network embedding via adaptive specific mappings},
  author={Ge, Youming and Huang, Cong and Liu, Yubao and Zhang, Sen and Kong, Weiyang},
  journal={Frontiers of Computer Science},
  volume={18},
  number={3},
  pages={183310},
  year={2024},
  publisher={Springer}
}

@article{chikwendu2023comprehensive,
  title={A comprehensive survey on deep graph representation learning methods},
  author={Chikwendu, Ijeoma Amuche and others},
  journal={Journal of Artificial Intelligence Research},
  volume={78},
  pages={287--356},
  year={2023}
}

@article{wang2023overview,
  title={An overview of advanced deep graph node clustering},
  author={Wang, Shiping and Yang, Jinbin and Yao, Jie and Bai, Yang and Zhu, William},
  journal={IEEE Transactions on Computational Social Systems},
  volume={11},
  number={1},
  pages={1302--1314},
  year={2023},
  publisher={IEEE}
}

@article{pan2021multi,
  title={Multi-view contrastive graph clustering},
  author={Pan, Erlin and Kang, Zhao},
  journal={Advances in neural information processing systems},
  volume={34},
  pages={2148--2159},
  year={2021}
}

@article{fang2020survey,
  title={A survey of community search over big graphs},
  author={Fang, Yixiang and Huang, Xin and Qin, Lu and Zhang, Ying and Zhang, Wenjie and Cheng, Reynold and Lin, Xuemin},
  journal={The VLDB Journal},
  volume={29},
  pages={353--392},
  year={2020},
  publisher={Springer}
}

@article{wu2020deep,
  title={Deep learning techniques for community detection in social networks},
  author={Wu, Ling and Zhang, Qishan and Chen, Chi-Hua and Guo, Kun and Wang, Deqin},
  journal={IEEE Access},
  volume={8},
  pages={96016--96026},
  year={2020},
  publisher={IEEE}
}

@article{shao2024distributed,
  title={Distributed graph neural network training: A survey},
  author={Shao, Yingxia and Li, Hongzheng and Gu, Xizhi and Yin, Hongbo and Li, Yawen and Miao, Xupeng and Zhang, Wentao and Cui, Bin and Chen, Lei},
  journal={ACM Computing Surveys},
  volume={56},
  number={8},
  pages={1--39},
  year={2024},
  publisher={ACM New York, NY}
}

@article{pan2024identification,
  title={Identification of dynamic networks community by fusing deep learning and evolutionary clustering},
  author={Pan, Yu and Yao, Feng and Liu, Xin and Zhang, Lei and Li, Wei and Wang, Pei},
  year={2024}
}

@article{lamichhane2024anomaly,
  title={Anomaly Detection in Graph Structured Data: A Survey},
  author={Lamichhane, Prabin B and Eberle, William},
  journal={arXiv preprint arXiv:2405.06172},
  year={2024}
}

@article{bilot2023graph,
  title={Graph neural networks for intrusion detection: A survey},
  author={Bilot, Tristan and El Madhoun, Nour and Al Agha, Khaldoun and Zouaoui, Anis},
  journal={IEEE Access},
  volume={11},
  pages={49114--49139},
  year={2023},
  publisher={IEEE}
}

@inproceedings{xiang2023semi,
  title={Semi-supervised credit card fraud detection via attribute-driven graph representation},
  author={Xiang, Sheng and others},
  booktitle={Proceedings of the AAAI Conference on Artificial Intelligence},
  volume={37},
  number={12},
  pages={14557--14565},
  year={2023}
}

@article{yu2016survey,
  title={A survey on social media anomaly detection},
  author={Yu, Rose and Qiu, Huida and Wen, Zhen and Lin, ChingYung and Liu, Yan},
  journal={ACM SIGKDD Explorations Newsletter},
  volume={18},
  number={1},
  pages={1--14},
  year={2016},
  publisher={ACM New York, NY, USA}
}

@inproceedings{roy2024gad,
  title={Gad-nr: Graph anomaly detection via neighborhood reconstruction},
  author={Roy, Amit and Shu, Juan and Li, Jia and Yang, Carl and Elshocht, Olivier and Smeets, Jeroen and Li, Pan},
  booktitle={Proceedings of the 17th ACM International Conference on Web Search and Data Mining},
  pages={576--585},
  year={2024}
}

@article{achiam2023gpt,
  title={Gpt-4 technical report},
  author={Achiam, Josh and others},
  journal={arXiv preprint arXiv:2303.08774},
  year={2023}
}

@article{team2023gemini,
  title={Gemini: a family of highly capable multimodal models},
  author={Team, Gemini and others},
  journal={arXiv preprint arXiv:2312.11805},
  year={2023}
}

@article{newman2004finding,
  title={Finding and evaluating community structure in networks},
  author={Newman, Mark EJ and Girvan, Michelle},
  journal={Physical review E},
  volume={69},
  number={2},
  pages={026113},
  year={2004},
  publisher={APS}
}

@article{AnthropicAI2023,
  author = {AnthropicAI},
  title = {Introducing Claude},
  year = 2023,
  URL = {https://www.anthropic.com/index/introducing-claude},
  note = {Retrieved from https://www.anthropic.com/index/introducing-claude}
}

@article{freeman2002centrality,
  title={Centrality in social networks: Conceptual clarification},
  author={Freeman, Linton C and others},
  journal={Social network: critical concepts in sociology. Londres: Routledge},
  volume={1},
  pages={238--263},
  year={2002}
}

@article{brandes2001faster,
  title={A faster algorithm for betweenness centrality},
  author={Brandes, Ulrik},
  journal={Journal of mathematical sociology},
  volume={25},
  number={2},
  pages={163--177},
  year={2001},
  publisher={Taylor \& Francis}
}

@article{watts1998collective,
  title={Collective dynamics of ‘small-world’networks},
  author={Watts, Duncan J and Strogatz, Steven H},
  journal={nature},
  volume={393},
  number={6684},
  pages={440--442},
  year={1998},
  publisher={Nature Publishing Group}
}

@article{sen2008collective,
  title={Collective classification in network data},
  author={Sen, Prithviraj and others},
  journal={AI magazine},
  volume={29},
  number={3},
  pages={93--93},
  year={2008}
}

@article{arrar2024comprehensive,
  title={A comprehensive survey of link prediction methods},
  author={Arrar, Djihad and others},
  volume={80},
  number={3},
  pages={3902--3942},
  year={2024},
  publisher={Springer}
}

@article{daud2020applications,
  title={Applications of link prediction in social networks: A review},
  author={Daud, Nur Nasuha and Ab Hamid, Siti Hafizah and Saadoon, Muntadher and Sahran, Firdaus and Anuar, Nor Badrul},
  journal={Journal of Network and Computer Applications},
  volume={166},
  pages={102716},
  year={2020},
  publisher={Elsevier}
}

@article{fettal2022efficient,
  title={Efficient graph convolution for joint node representation learning and clustering},
  author={Fettal, Chakib and Labiod, Lazhar and Nadif, Mohamed},
  journal={Proceedings of the fifteenth ACM International conference on web search and data mining (WSDM)},
  pages={289--297},
  year={2022}
}

@article{sun2024lsenet,
  title={LSEnet: Lorentz Structural Entropy Neural Network for Deep Graph Clustering},
  author={Sun, Li and Huang, Zhenhao and Peng, Hao and Wang, Yujie and Liu, Chunyang and Yu, Philip S},
  journal={Proceedings of the 41 st International Conference on Machine Learning (ICML)},
  year={2024}
}

@inproceedings{wang2021decoupling,
  title={Decoupling representation learning and classification for gnn-based anomaly detection},
  author={Wang, Yanling and others},
  booktitle={Proceedings of the 44th international ACM SIGIR conference on research and development in information retrieval},
  pages={1239--1248},
  year={2021}
}

@inproceedings{yang2012defining,
  title={Defining and evaluating network communities based on ground-truth},
  author={Yang, Jaewon and Leskovec, Jure},
  booktitle={Proceedings of the ACM SIGKDD workshop on mining data semantics},
  pages={1--8},
  year={2012}
}

@article{erdds1959random,
  title={On random graphs I},
  author={ERDdS, P and R\&wi, A},
  journal={Publ. math. debrecen},
  volume={6},
  number={290-297},
  pages={18},
  year={1959}
}

@article{zhang2022new,
  title={A new approach for evaluating node importance in complex networks via deep learning methods},
  author={Zhang, Min and Wang, Xiaojuan and Jin, Lei and Song, Mei and Li, Ziyang},
  journal={Neurocomputing},
  volume={497},
  pages={13--27},
  year={2022},
  publisher={Elsevier}
}

@article{de2021centrality,
  title={Centrality measures for node-weighted networks via line graphs and the matrix exponential},
  author={De la Cruz Cabrera, Omar and Matar, Mona and Reichel, Lothar},
  journal={Numerical Algorithms},
  volume={88},
  pages={583--614},
  year={2021},
  publisher={Springer}
}

@inproceedings{chen2022user,
  title={User recommendation in social metaverse with VR},
  author={Chen, Bing-Jyue and Yang, De-Nian},
  booktitle={Proceedings of the 31st ACM International Conference on Information \& Knowledge Management},
  pages={148--158},
  year={2022}
}

@article{zhang2024better,
  title={The better angels of machine personality: How personality relates to llm safety},
  author={Zhang, Jie and Liu, Dongrui and Qian, Chen and Gan, Ziyue and Liu, Yong and Qiao, Yu and Shao, Jing},
  journal={arXiv preprint arXiv:2407.12344},
  year={2024}
}

@article{skjuve2021my,
  title={My chatbot companion-a study of human-chatbot relationships},
  author={Skjuve, Marita and F{\o}lstad, Asbj{\o}rn and Fostervold, Knut Inge and Brandtzaeg, Petter Bae},
  journal={International Journal of Human-Computer Studies},
  volume={149},
  pages={102601},
  year={2021},
  publisher={Elsevier}
}

@article{loveys2019reducing,
  title={Reducing patient loneliness with artificial agents: design insights from evolutionary neuropsychiatry},
  author={Loveys, Kate and others},
  journal={Journal of medical Internet research},
  volume={21},
  number={7},
  pages={e13664},
  year={2019},
  publisher={JMIR Publications Toronto, Canada}
}