@article{abu2014maximum,
  title={Maximum common induced subgraph parameterized by vertex cover},
  author={Abu-Khzam, Faisal N},
  journal={Information Processing Letters},
  volume={114},
  number={3},
  pages={99--103},
  year={2014},
  publisher={Elsevier}
}

@article{arai2023gup,
  title={GuP: Fast Subgraph Matching by Guard-based Pruning},
  author={Arai, Junya and Fujiwara, Yasuhiro and Onizuka, Makoto},
  journal={Proceedings of the ACM on Management of Data},
  volume={1},
  number={2},
  pages={1--26},
  year={2023},
  publisher={ACM New York, NY, USA}
}

@inproceedings{bai2021glsearch,
  title={Glsearch: Maximum common subgraph detection via learning to search},
  author={Bai, Yunsheng and Xu, Derek and Sun, Yizhou and Wang, Wei},
  booktitle={International Conference on Machine Learning},
  pages={588--598},
  year={2021},
  organization={PMLR}
}

@inproceedings{bhattarai2019ceci,
  title={Ceci: Compact embedding cluster index for scalable subgraph matching},
  author={Bhattarai, Bibek and Liu, Hang and Huang, H Howie},
  booktitle={Proceedings of the 2019 International Conference on Management of Data},
  pages={1447--1462},
  year={2019}
}

@inproceedings{bi2016efficient,
  title={Efficient subgraph matching by postponing cartesian products},
  author={Bi, Fei and Chang, Lijun and Lin, Xuemin and Qin, Lu and Zhang, Wenjie},
  booktitle={Proceedings of the 2016 International Conference on Management of Data},
  pages={1199--1214},
  year={2016}
}

@inproceedings{choi2012efficient,
  title={An efficient genetic algorithm for subgraph isomorphism},
  author={Choi, Jaeun and Yoon, Yourim and Moon, Byung-Ro},
  booktitle={Proceedings of the 14th annual conference on Genetic and evolutionary computation},
  pages={361--368},
  year={2012}
}

@article{cordella2004sub,
  title={A (sub) graph isomorphism algorithm for matching large graphs},
  author={Cordella, Luigi P and Foggia, Pasquale and Sansone, Carlo and Vento, Mario},
  journal={IEEE transactions on pattern analysis and machine intelligence},
  volume={26},
  number={10},
  pages={1367--1372},
  year={2004},
  publisher={IEEE}
}

@inproceedings{han2013turboiso,
  title={Turboiso: towards ultrafast and robust subgraph isomorphism search in large graph databases},
  author={Han, Wook-Shin and Lee, Jinsoo and Lee, Jeong-Hoon},
  booktitle={Proceedings of the 2013 ACM SIGMOD International Conference on Management of Data},
  pages={337--348},
  year={2013}
}

@inproceedings{han2019efficient,
  title={Efficient subgraph matching: Harmonizing dynamic programming, adaptive matching order, and failing set together},
  author={Han, Myoungji and Kim, Hyunjoon and Gu, Geonmo and Park, Kunsoo and Han, Wook-Shin},
  booktitle={Proceedings of the 2019 International Conference on Management of Data},
  pages={1429--1446},
  year={2019}
}

@article{jin2023circinus,
  title={Circinus: Fast redundancy-reduced subgraph matching},
  author={Jin, Tatiana and Li, Boyang and Li, Yichao and Zhou, Qihui and Ma, Qianli and Zhao, Yunjian and Chen, Hongzhi and Cheng, James},
  journal={Proceedings of the ACM on Management of Data},
  volume={1},
  number={1},
  pages={1--26},
  year={2023},
  publisher={ACM New York, NY, USA}
}

@article{kim2023fast,
  title={Fast subgraph query processing and subgraph matching via static and dynamic equivalences},
  author={Kim, Hyunjoon and Choi, Yunyoung and Park, Kunsoo and Lin, Xuemin and Hong, Seok-Hee and Han, Wook-Shin},
  journal={The VLDB journal},
  volume={32},
  number={2},
  pages={343--368},
  year={2023},
  publisher={Springer}
}

@article{krissinel2004common,
  title={Common subgraph isomorphism detection by backtracking search},
  author={Krissinel, Evgeny B and Henrick, Kim},
  journal={Software: Practice and Experience},
  volume={34},
  number={6},
  pages={591--607},
  year={2004},
  publisher={Wiley Online Library}
}

@article{levi1973note,
  title={A note on the derivation of maximal common subgraphs of two directed or undirected graphs},
  author={Levi, Giorgio},
  journal={Calcolo},
  volume={9},
  number={4},
  pages={341--352},
  year={1973},
  publisher={Springer}
}

@inproceedings{liu2020learning,
  title={A learning based branch and bound for maximum common subgraph related problems},
  author={Liu, Yanli and Li, Chu-Min and Jiang, Hua and He, Kun},
  booktitle={Proceedings of the AAAI Conference on Artificial Intelligence},
  volume={34},
  number={03},
  pages={2392--2399},
  year={2020}
}

@inproceedings{liu2023hybrid,
  title={Hybrid learning with new value function for the maximum common induced subgraph problem},
  author={Liu, Yanli and Zhao, Jiming and Li, Chu-Min and Jiang, Hua and He, Kun},
  booktitle={Proceedings of the AAAI Conference on Artificial Intelligence},
  volume={37},
  number={4},
  pages={4044--4051},
  year={2023}
}

@inproceedings{mccreesh2016clique,
  title={Clique and constraint models for maximum common (connected) subgraph problems},
  author={McCreesh, Ciaran and Ndiaye, Samba Ndojh and Prosser, Patrick and Solnon, Christine},
  booktitle={International Conference on Principles and Practice of Constraint Programming},
  pages={350--368},
  year={2016},
  organization={Springer}
}

@inproceedings{mccreesh2017partitioning,
  title={A partitioning algorithm for maximum common subgraph problems},
  author={McCreesh, Ciaran and Prosser, Patrick and Trimble, James},
  booktitle={Proceedings of the 26th International Joint Conference on Artificial Intelligence},
  pages={712--719},
  year={2017}
}

@article{mcgregor1982backtrack,
  title={Backtrack search algorithms and the maximal common subgraph problem},
  author={McGregor, James J},
  journal={Software: Practice and Experience},
  volume={12},
  number={1},
  pages={23--34},
  year={1982},
  publisher={Wiley Online Library}
}

@inproceedings{rutgers2010approximate,
  title={An approximate maximum common subgraph algorithm for large digital circuits},
  author={Rutgers, Jochem H and Wolkotte, Pascal T and H{\"o}lzenspies, Philip KF and Kuper, Jan and Smit, Gerard JM},
  booktitle={2010 13th Euromicro Conference on Digital System Design: Architectures, Methods and Tools},
  pages={699--705},
  year={2010},
  organization={IEEE}
}

@article{shang2008taming,
  title={Taming verification hardness: an efficient algorithm for testing subgraph isomorphism},
  author={Shang, Haichuan and Zhang, Ying and Lin, Xuemin and Yu, Jeffrey Xu},
  journal={Proceedings of the VLDB Endowment},
  volume={1},
  number={1},
  pages={364--375},
  year={2008},
  publisher={VLDB Endowment}
}

@article{sun2020rapidmatch,
  title={Rapidmatch: A holistic approach to subgraph query processing},
  author={Sun, Shixuan and Sun, Xibo and Che, Yulin and Luo, Qiong and He, Bingsheng},
  journal={Proceedings of the VLDB Endowment},
  volume={14},
  number={2},
  pages={176--188},
  year={2020},
  publisher={VLDB Endowment}
}

@article{sun2020subgraph,
  title={Subgraph matching with effective matching order and indexing},
  author={Sun, Shixuan and Luo, Qiong},
  journal={IEEE Transactions on Knowledge and Data Engineering},
  volume={34},
  number={1},
  pages={491--505},
  year={2020},
  publisher={IEEE}
}

@article{sun2023efficient,
  title={Efficient GPU-Accelerated Subgraph Matching},
  author={Sun, Xibo and Luo, Qiong},
  journal={Proceedings of the ACM on Management of Data},
  volume={1},
  number={2},
  pages={1--26},
  year={2023},
  publisher={ACM New York, NY, USA}
}

@inproceedings{suters2005new,
  title={A new approach and faster exact methods for the maximum common subgraph problem},
  author={Suters, W Henry and Abu-Khzam, Faisal N and Zhang, Yun and Symons, Christopher T and Samatova, Nagiza F and Langston, Michael A},
  booktitle={Computing and Combinatorics: COCOON 2005},
  pages={717--727},
  year={2005},
  organization={Springer}
}

@article{ullmann1976algorithm,
  title={An algorithm for subgraph isomorphism},
  author={Ullmann, Julian R},
  journal={Journal of the ACM (JACM)},
  volume={23},
  number={1},
  pages={31--42},
  year={1976},
  publisher={ACM New York, NY, USA}
}

@inproceedings{vismara2008finding,
  title={Finding maximum common connected subgraphs using clique detection or constraint satisfaction algorithms},
  author={Vismara, Philippe and Valery, Beno{\^\i}t},
  booktitle={International Conference on Modelling, Computation and Optimization in Information Systems and Management Sciences},
  pages={358--368},
  year={2008},
  organization={Springer}
}

@article{xiao2009generative,
  title={A generative model for graph matching and embedding},
  author={Xiao, Bai and Hancock, Edwin R and Wilson, Richard C},
  journal={Computer Vision and Image Understanding},
  volume={113},
  number={7},
  pages={777--789},
  year={2009},
  publisher={Elsevier}
}

@inproceedings{zanfir2018deep,
  title={Deep learning of graph matching},
  author={Zanfir, Andrei and Sminchisescu, Cristian},
  booktitle={Proceedings of the IEEE conference on computer vision and pattern recognition},
  pages={2684--2693},
  year={2018}
}

@inproceedings{zhoustrengthened,
  title={A Strengthened Branch and Bound Algorithm for the Maximum Common (Connected) Subgraph Problem},
  author={Zhou, Jianrong and He, Kun and Zheng, Jiongzhi and Li, Chu-Min and Liu, Yanli},
  booktitle    = {Proceedings of the Thirty-First International Joint Conference on
                  Artificial Intelligence, {IJCAI} 2022},
  pages        = {1908--1914},
  year         = {2022}
}

