@inproceedings{kann1992approximability,
  title={On the approximability of the maximum common subgraph problem},
  author={Kann, Viggo},
  booktitle={STACS 92: 9th Annual Symposium on Theoretical Aspects of Computer Science Cachan, France, February 13--15, 1992 Proceedings 9},
  pages={375--388},
  year={1992},
  organization={Springer}
}

@article{lewis1983michael,
  title={Michael R. $\Pi$Garey and David S. Johnson. Computers and intractability. A guide to the theory of NP-completeness. WH Freeman and Company, San Francisco1979, x+ 338 pp.},
  author={Lewis, Harry R},
  journal={The Journal of Symbolic Logic},
  volume={48},
  number={2},
  pages={498--500},
  year={1983},
  publisher={Cambridge University Press}
}

@inproceedings{mccreesh2017partitioning,
  title={A partitioning algorithm for maximum common subgraph problems},
  author={McCreesh, Ciaran and Prosser, Patrick and Trimble, James},
  booktitle={Proceedings of the 26th International Joint Conference on Artificial Intelligence},
  pages={712--719},
  year={2017}
}

@inproceedings{bai2021glsearch,
  title={Glsearch: Maximum common subgraph detection via learning to search},
  author={Bai, Yunsheng and Xu, Derek and Sun, Yizhou and Wang, Wei},
  booktitle={International Conference on Machine Learning},
  pages={588--598},
  year={2021},
  organization={PMLR}
}

@inproceedings{liu2020learning,
  title={A learning based branch and bound for maximum common subgraph related problems},
  author={Liu, Yanli and Li, Chu-Min and Jiang, Hua and He, Kun},
  booktitle={Proceedings of the AAAI Conference on Artificial Intelligence},
  volume={34},
  number={03},
  pages={2392--2399},
  year={2020}
}

@inproceedings{zhoustrengthened,
  title={A Strengthened Branch and Bound Algorithm for the Maximum Common (Connected) Subgraph Problem},
  author={Zhou, Jianrong and He, Kun and Zheng, Jiongzhi and Li, Chu-Min and Liu, Yanli},
  booktitle    = {Proceedings of the Thirty-First International Joint Conference on
                  Artificial Intelligence, {IJCAI} 2022},
  pages        = {1908--1914},
  year         = {2022}
}

@inproceedings{liu2023hybrid,
  title={Hybrid learning with new value function for the maximum common induced subgraph problem},
  author={Liu, Yanli and Zhao, Jiming and Li, Chu-Min and Jiang, Hua and He, Kun},
  booktitle={Proceedings of the AAAI Conference on Artificial Intelligence},
  volume={37},
  number={4},
  pages={4044--4051},
  year={2023}
}

@article{mcgregor1982backtrack,
  title={Backtrack search algorithms and the maximal common subgraph problem},
  author={McGregor, James J},
  journal={Software: Practice and Experience},
  volume={12},
  number={1},
  pages={23--34},
  year={1982},
  publisher={Wiley Online Library}
}

@inproceedings{nguyen2019applications,
  title={Applications of structural equivalence to subgraph isomorphism on multichannel multigraphs},
  author={Nguyen, Thien and Yang, Dominic and Ge, Yurun and Li, Hao and Bertozzi, Andrea L},
  booktitle={2019 IEEE International Conference on Big Data (Big Data)},
  pages={4913--4920},
  year={2019},
  organization={IEEE}
}

@article{yang2023structural,
  title={Structural Equivalence in Subgraph Matching},
  author={Yang, Dominic and Ge, Yurun and Nguyen, Thien and Molitor, Denali and Moorman, Jacob D and Bertozzi, Andrea L},
  journal={IEEE Transactions on Network Science and Engineering},
  year={2023},
  publisher={IEEE}
}

@inproceedings{kim2021versatile,
  title={Versatile equivalences: Speeding up subgraph query processing and subgraph matching},
  author={Kim, Hyunjoon and Choi, Yunyoung and Park, Kunsoo and Lin, Xuemin and Hong, Seok-Hee and Han, Wook-Shin},
  booktitle={Proceedings of the 2021 International Conference on Management of Data},
  pages={925--937},
  year={2021}
}

@inproceedings{suters2005new,
  title={A new approach and faster exact methods for the maximum common subgraph problem},
  author={Suters, W Henry and Abu-Khzam, Faisal N and Zhang, Yun and Symons, Christopher T and Samatova, Nagiza F and Langston, Michael A},
  booktitle={Computing and Combinatorics: COCOON 2005},
  pages={717--727},
  year={2005},
  organization={Springer}
}

@article{solnon2015complexity,
  title={On the complexity of submap isomorphism and maximum common submap problems},
  author={Solnon, Christine and Damiand, Guillaume and De La Higuera, Colin and Janodet, Jean-Christophe},
  journal={Pattern Recognition},
  volume={48},
  number={2},
  pages={302--316},
  year={2015},
  publisher={Elsevier}
}

@inproceedings{hoffmann2017between,
  title={Between subgraph isomorphism and maximum common subgraph},
  author={Hoffmann, Ruth and McCreesh, Ciaran and Reilly, Craig},
  booktitle={Proceedings of the AAAI Conference on Artificial Intelligence},
  volume={31},
  number={1},
  year={2017}
}

@article{krissinel2004common,
  title={Common subgraph isomorphism detection by backtracking search},
  author={Krissinel, Evgeny B and Henrick, Kim},
  journal={Software: Practice and Experience},
  volume={34},
  number={6},
  pages={591--607},
  year={2004},
  publisher={Wiley Online Library}
}

@article{levi1973note,
  title={A note on the derivation of maximal common subgraphs of two directed or undirected graphs},
  author={Levi, Giorgio},
  journal={Calcolo},
  volume={9},
  number={4},
  pages={341--352},
  year={1973},
  publisher={Springer}
}

@article{abu2014maximum,
  title={Maximum common induced subgraph parameterized by vertex cover},
  author={Abu-Khzam, Faisal N},
  journal={Information Processing Letters},
  volume={114},
  number={3},
  pages={99--103},
  year={2014},
  publisher={Elsevier}
}

@inproceedings{vismara2008finding,
  title={Finding maximum common connected subgraphs using clique detection or constraint satisfaction algorithms},
  author={Vismara, Philippe and Valery, Beno{\^\i}t},
  booktitle={International Conference on Modelling, Computation and Optimization in Information Systems and Management Sciences},
  pages={358--368},
  year={2008},
  organization={Springer}
}

@inproceedings{mccreesh2016clique,
  title={Clique and constraint models for maximum common (connected) subgraph problems},
  author={McCreesh, Ciaran and Ndiaye, Samba Ndojh and Prosser, Patrick and Solnon, Christine},
  booktitle={International Conference on Principles and Practice of Constraint Programming},
  pages={350--368},
  year={2016},
  organization={Springer}
}

@inproceedings{zanfir2018deep,
  title={Deep learning of graph matching},
  author={Zanfir, Andrei and Sminchisescu, Cristian},
  booktitle={Proceedings of the IEEE conference on computer vision and pattern recognition},
  pages={2684--2693},
  year={2018}
}

@inproceedings{rutgers2010approximate,
  title={An approximate maximum common subgraph algorithm for large digital circuits},
  author={Rutgers, Jochem H and Wolkotte, Pascal T and H{\"o}lzenspies, Philip KF and Kuper, Jan and Smit, Gerard JM},
  booktitle={2010 13th Euromicro Conference on Digital System Design: Architectures, Methods and Tools},
  pages={699--705},
  year={2010},
  organization={IEEE}
}

@inproceedings{choi2012efficient,
  title={An efficient genetic algorithm for subgraph isomorphism},
  author={Choi, Jaeun and Yoon, Yourim and Moon, Byung-Ro},
  booktitle={Proceedings of the 14th annual conference on Genetic and evolutionary computation},
  pages={361--368},
  year={2012}
}

@article{xiao2009generative,
  title={A generative model for graph matching and embedding},
  author={Xiao, Bai and Hancock, Edwin R and Wilson, Richard C},
  journal={Computer Vision and Image Understanding},
  volume={113},
  number={7},
  pages={777--789},
  year={2009},
  publisher={Elsevier}
}





@inproceedings{bi2016efficient,
  title={Efficient subgraph matching by postponing cartesian products},
  author={Bi, Fei and Chang, Lijun and Lin, Xuemin and Qin, Lu and Zhang, Wenjie},
  booktitle={Proceedings of the 2016 International Conference on Management of Data},
  pages={1199--1214},
  year={2016}
}
@article{cordella2004sub,
  title={A (sub) graph isomorphism algorithm for matching large graphs},
  author={Cordella, Luigi P and Foggia, Pasquale and Sansone, Carlo and Vento, Mario},
  journal={IEEE transactions on pattern analysis and machine intelligence},
  volume={26},
  number={10},
  pages={1367--1372},
  year={2004},
  publisher={IEEE}
}
@inproceedings{han2019efficient,
  title={Efficient subgraph matching: Harmonizing dynamic programming, adaptive matching order, and failing set together},
  author={Han, Myoungji and Kim, Hyunjoon and Gu, Geonmo and Park, Kunsoo and Han, Wook-Shin},
  booktitle={Proceedings of the 2019 International Conference on Management of Data},
  pages={1429--1446},
  year={2019}
}
@inproceedings{han2013turboiso,
  title={Turboiso: towards ultrafast and robust subgraph isomorphism search in large graph databases},
  author={Han, Wook-Shin and Lee, Jinsoo and Lee, Jeong-Hoon},
  booktitle={Proceedings of the 2013 ACM SIGMOD International Conference on Management of Data},
  pages={337--348},
  year={2013}
}
@article{kim2023fast,
  title={Fast subgraph query processing and subgraph matching via static and dynamic equivalences},
  author={Kim, Hyunjoon and Choi, Yunyoung and Park, Kunsoo and Lin, Xuemin and Hong, Seok-Hee and Han, Wook-Shin},
  journal={The VLDB journal},
  volume={32},
  number={2},
  pages={343--368},
  year={2023},
  publisher={Springer}
}
@article{shang2008taming,
  title={Taming verification hardness: an efficient algorithm for testing subgraph isomorphism},
  author={Shang, Haichuan and Zhang, Ying and Lin, Xuemin and Yu, Jeffrey Xu},
  journal={Proceedings of the VLDB Endowment},
  volume={1},
  number={1},
  pages={364--375},
  year={2008},
  publisher={VLDB Endowment}
}
@article{sun2020subgraph,
  title={Subgraph matching with effective matching order and indexing},
  author={Sun, Shixuan and Luo, Qiong},
  journal={IEEE Transactions on Knowledge and Data Engineering},
  volume={34},
  number={1},
  pages={491--505},
  year={2020},
  publisher={IEEE}
}
@article{sun2020rapidmatch,
  title={Rapidmatch: A holistic approach to subgraph query processing},
  author={Sun, Shixuan and Sun, Xibo and Che, Yulin and Luo, Qiong and He, Bingsheng},
  journal={Proceedings of the VLDB Endowment},
  volume={14},
  number={2},
  pages={176--188},
  year={2020},
  publisher={VLDB Endowment}
}
@article{ullmann1976algorithm,
  title={An algorithm for subgraph isomorphism},
  author={Ullmann, Julian R},
  journal={Journal of the ACM (JACM)},
  volume={23},
  number={1},
  pages={31--42},
  year={1976},
  publisher={ACM New York, NY, USA}
}
@inproceedings{bhattarai2019ceci,
  title={Ceci: Compact embedding cluster index for scalable subgraph matching},
  author={Bhattarai, Bibek and Liu, Hang and Huang, H Howie},
  booktitle={Proceedings of the 2019 International Conference on Management of Data},
  pages={1447--1462},
  year={2019}
}
@article{arai2023gup,
  title={GuP: Fast Subgraph Matching by Guard-based Pruning},
  author={Arai, Junya and Fujiwara, Yasuhiro and Onizuka, Makoto},
  journal={Proceedings of the ACM on Management of Data},
  volume={1},
  number={2},
  pages={1--26},
  year={2023},
  publisher={ACM New York, NY, USA}
}
@article{jin2023circinus,
  title={Circinus: Fast redundancy-reduced subgraph matching},
  author={Jin, Tatiana and Li, Boyang and Li, Yichao and Zhou, Qihui and Ma, Qianli and Zhao, Yunjian and Chen, Hongzhi and Cheng, James},
  journal={Proceedings of the ACM on Management of Data},
  volume={1},
  number={1},
  pages={1--26},
  year={2023},
  publisher={ACM New York, NY, USA}
}
@article{sun2023efficient,
  title={Efficient GPU-Accelerated Subgraph Matching},
  author={Sun, Xibo and Luo, Qiong},
  journal={Proceedings of the ACM on Management of Data},
  volume={1},
  number={2},
  pages={1--26},
  year={2023},
  publisher={ACM New York, NY, USA}
}

@inproceedings{yan2005substructure,
  title={Substructure similarity search in graph databases},
  author={Yan, Xifeng and Yu, Philip S and Han, Jiawei},
  booktitle={Proceedings of the 2005 ACM SIGMOD international conference on Management of data},
  pages={766--777},
  year={2005}
}

@article{antelo2020maximum,
  title={Maximum common property: a new approach for molecular similarity},
  author={Antelo-Collado, Aurelio and Carrasco-Velar, Ram{\'o}n and Garc{\'\i}a-Pedrajas, Nicol{\'a}s and Cerruela-Garc{\'\i}a, Gonzalo},
  journal={Journal of cheminformatics},
  volume={12},
  pages={1--22},
  year={2020},
  publisher={Springer}
}

@article{schmidt2020disconnected,
  title={Disconnected maximum common substructures under constraints},
  author={Schmidt, Robert and Krull, Florian and Heinzke, Anna Lina and Rarey, Matthias},
  journal={Journal of Chemical Information and Modeling},
  volume={61},
  number={1},
  pages={167--178},
  year={2020},
  publisher={ACS Publications}
}

@article{nirmala2016vertex,
  title={Vertex cover-based binary tree algorithm to detect all maximum common induced subgraphs in large communication networks},
  author={Nirmala, Parisutham and Lekshmi, Ramasubramony Sulochana and Nadarajan, Rethnasamy},
  journal={Knowledge and Information Systems},
  volume={48},
  pages={229--252},
  year={2016},
  publisher={Springer}
}

@inproceedings{park2011deriving,
  title={Deriving common malware behavior through graph clustering},
  author={Park, Younghee and Reeves, Douglas},
  booktitle={Proceedings of the 6th ACM Symposium on Information, Computer and Communications Security},
  pages={497--502},
  year={2011}
}

@article{sun2021effective,
  title={Effective malware detection scheme based on classified behavior graph in IIoT},
  author={Sun, Yi and Bashir, Ali Kashif and Tariq, Usman and Xiao, Fei},
  journal={Ad Hoc Networks},
  volume={120},
  pages={102558},
  year={2021},
  publisher={Elsevier}
}

@article{bonnici2013subgraph,
  title={A subgraph isomorphism algorithm and its application to biochemical data},
  author={Bonnici, Vincenzo and Giugno, Rosalba and Pulvirenti, Alfredo and Shasha, Dennis and Ferro, Alfredo},
  journal={BMC bioinformatics},
  volume={14},
  pages={1--13},
  year={2013},
  publisher={Springer}
}

@article{larsen2017cytomcs,
  title={CytoMCS: a multiple maximum common subgraph detection tool for Cytoscape},
  author={Larsen, Simon J and Baumbach, Jan},
  journal={Journal of integrative bioinformatics},
  volume={14},
  number={2},
  pages={20170014},
  year={2017},
  publisher={De Gruyter}
}

@article{ehrlich2011maximum,
  title={Maximum common subgraph isomorphism algorithms and their applications in molecular science: a review},
  author={Ehrlich, Hans-Christian and Rarey, Matthias},
  journal={Wiley Interdisciplinary Reviews: Computational Molecular Science},
  volume={1},
  number={1},
  pages={68--79},
  year={2011},
  publisher={Wiley Online Library}
}

@inproceedings{hati2016image,
  title={Image co-segmentation using maximum common subgraph matching and region co-growing},
  author={Hati, Avik and Chaudhuri, Subhasis and Velmurugan, Rajbabu},
  booktitle={Computer Vision--ECCV 2016: 14th European Conference, Amsterdam, The Netherlands, October 11-14, 2016, Proceedings, Part VI 14},
  pages={736--752},
  year={2016},
  organization={Springer}
}

@article{chiang2007coverage,
  title={Coverage and error models of protein-protein interaction data by directed graph analysis},
  author={Chiang, Tony and Scholtens, Denise and Sarkar, Deepayan and Gentleman, Robert and Huber, Wolfgang},
  journal={Genome biology},
  volume={8},
  pages={1--14},
  year={2007},
  publisher={Springer}
}

@article{balasundaram2011clique,
  title={Clique relaxations in social network analysis: The maximum k-plex problem},
  author={Balasundaram, Balabhaskar and Butenko, Sergiy and Hicks, Illya V},
  journal={Operations Research},
  volume={59},
  number={1},
  pages={133--142},
  year={2011},
  publisher={INFORMS}
}

@misc{TR,
howpublished = {\url{https://XXXX}},
author ={Anonymous Authors},
Title = {Fast Maximum Common Subgraph Search: A Redundancy-Reduced Backtracking Approach (Technical report)},
year={2024}
}

@article{bunke1997relation,
author = {H. Bunke}, 
  title={On a relation between graph edit distance and maximum common subgraph},
  journal={Pattern recognition letters},
  volume={18},
  number={8},
  pages={689--694},
  year={1997},
  publisher={Elsevier}
}

@article{chen2019efficient,
  title={An efficient algorithm for graph edit distance computation},
  author={Chen, Xiaoyang and Huo, Hongwei and Huan, Jun and Vitter, Jeffrey Scott},
  journal={Knowledge-Based Systems},
  volume={163},
  pages={762--775},
  year={2019},
  publisher={Elsevier}
}

@inproceedings{gouda2016csi_ged,
  title={CSI\_GED: An efficient approach for graph edit similarity computation},
  author={Gouda, Karam and Hassaan, Mosab},
  booktitle={2016 IEEE 32nd International Conference on Data Engineering (ICDE)},
  pages={265--276},
  year={2016},
  organization={IEEE}
}

@article{piao2023computing,
  title={Computing graph edit distance via neural graph matching},
  author={Piao, Chengzhi and Xu, Tingyang and Sun, Xiangguo and Rong, Yu and Zhao, Kangfei and Cheng, Hong},
  journal={Proceedings of the VLDB Endowment},
  volume={16},
  number={8},
  pages={1817--1829},
  year={2023},
  publisher={VLDB Endowment}
}

@inproceedings{chang2020speeding,
  title={Speeding up GED verification for graph similarity search},
  author={Chang, Lijun and Feng, Xing and Lin, Xuemin and Qin, Lu and Zhang, Wenjie and Ouyang, Dian},
  booktitle={2020 IEEE 36th International Conference on Data Engineering (ICDE)},
  pages={793--804},
  year={2020},
  organization={IEEE}
}

@article{kim2023efficient,
  title={Efficient graph edit distance computation using isomorphic vertices},
  author={Kim, Jongik},
  journal={Pattern Recognition Letters},
  volume={168},
  pages={71--78},
  year={2023},
  publisher={Elsevier}
}