@article{aadit2022massively,
  title={Massively parallel probabilistic computing with sparse {I}sing machines},
  author={Aadit, Navid Anjum and Grimaldi, Andrea and Carpentieri, Mario and Theogarajan, Luke and Martinis, John M. and Finocchio, Giovanni and Camsari, Kerem Y.},
  journal={Nat. Electron.},
  volume={5},
  number={7},
  pages={460--468},
  year={2022},
  publisher={Nature Publishing Group UK London},
  doi={10.1038/s41928-022-00774-2}
}

@article{aguirre2024hardware,
  title={Hardware implementation of memristor-based artificial neural networks},
  author={Aguirre, Fernando and Sebastian, Abu and Le Gallo, Manuel and Song, Wenhao and Wang, Tong and Yang, J Joshua and Lu, Wei and Chang, Meng-Fan and Ielmini, Daniele and Yang, Yuchao and others},
  journal={Nature Communications},
  volume={15},
  number={1},
  pages={1974},
  year={2024},
  publisher={Nature Publishing Group UK London},
  url={https://www.nature.com/articles/s41467-024-45670-9}
}

@article{aifer2024_TBI,
  title={Thermodynamic Bayesian Inference},
  author={Aifer, Maxwell and Duffield, Samuel and Donatella, Kaelan and Melanson, Denis and Klett, Phoebe and Belateche, Zach and Crooks, Gavin and Martinez, Antonio J and Coles, Patrick J.},
  journal={arXiv preprint arXiv:2410.01793},
  year={2024},
  url={https://arxiv.org/abs/2410.01793}
}

@article{aifer2024_TLA,
  title={Thermodynamic linear algebra},
  author={Aifer, Maxwell and Donatella, Kaelan and Gordon, Max Hunter and Duffield, Samuel and Ahle, Thomas and Simpson, Daniel and Crooks, Gavin and Coles, Patrick J.},
  journal={npj Unconventional Computing},
  volume={1},
  number={1},
  pages={13},
  year={2024},
  doi = {10.1038/s44335-024-00014-0},
}

@article{amari1998natural,
  title={Natural gradient works efficiently in learning},
  author={Amari, Shun-Ichi},
  journal={Neural computation},
  volume={10},
  number={2},
  pages={251--276},
  year={1998},
  publisher={MIT Press},
  url={http://cognet.mit.edu/journal/10.1162/089976698300017746}
}

@article{ambrogio2018equivalent,
  title={Equivalent-accuracy accelerated neural-network training using analogue memory},
  author={Ambrogio, Stefano and Narayanan, Pritish and Tsai, Hsinyu and Shelby, Robert M and Boybat, Irem and Di Nolfo, Carmelo and Sidler, Severin and Giordano, Massimo and Bodini, Martina and Farinha, Nathan CP and others},
  journal={Nature},
  volume={558},
  number={7708},
  pages={60--67},
  year={2018},
  publisher={Nature Publishing Group UK London},
 url={https://www.nature.com/articles/s41586-018-0180-5}
}

@article{bartosik2024thermodynamic,
  title={Thermodynamic Algorithms for Quadratic Programming},
  author={Bartosik, Patryk-Lipka and Donatella, Kaelan and Aifer, Maxwell and Melanson, Denis and Perarnau-Llobet, Marti and Brunner, Nicolas and Coles, Patrick J.},
  journal={arXiv preprint arXiv:2411.14224},
  year={2024},
  url={https://arxiv.org/abs/2411.14224}
}

@article{bottou2018optimization,
  title={Optimization methods for large-scale machine learning},
  author={Bottou, L{\'e}on and Curtis, Frank E and Nocedal, Jorge},
  journal={SIAM review},
  volume={60},
  number={2},
  pages={223--311},
  year={2018},
  publisher={SIAM},
url={https://epubs.siam.org/doi/10.1137/16M1080173}
}

@article{cristiano2018perspective,
  title={Perspective on training fully connected networks with resistive memories: Device requirements for multiple conductances of varying significance},
  author={Cristiano, Giorgio and Giordano, Massimo and Ambrogio, Stefano and Romero, Louis P. and Cheng, Christina and Narayanan, Pritish and Tsai, Hsinyu and Shelby, Robert M. and Burr, Geoffrey W},
  journal={J. Appl. Phys},
  volume={124},
  number={15},
  year={2018},
  publisher={AIP Publishing},
howpublished={\url{https://research.ibm.com/publications/perspective-on-training-fully-connected-networks-with-resistive-memories-device-requirements-for-multiple-conductances-of-varying-significance}},
  doi = {10.1063/1.5042462}
}

@article{donatella2024thermodynamic,
  title={Thermodynamic Natural Gradient Descent},
  author={Donatella, Kaelan and Duffield, Samuel and Aifer, Maxwell and Melanson, Denis and Crooks, Gavin and Coles, Patrick J.},
  journal={arXiv preprint arXiv:2405.13817},
  year={2024},
  url={https://arxiv.org/abs/2405.13817}
}

@inproceedings{eschenhagen2024kronecker,
 author = {Eschenhagen, Runa and Immer, Alexander and Turner, Richard and Schneider, Frank and Hennig, Philipp},
 booktitle = {Advances in Neural Information Processing Systems},
 title = {Kronecker-Factored Approximate Curvature for Modern Neural Network Architectures},
 url = {https://proceedings.neurips.cc/paper_files/paper/2023/file/6a6679e3d5b9f7d5f09cdb79a5fc3fd8-Paper-Conference.pdf},
 volume = {36},
 year = {2023}
}

@inproceedings{frank2020reversible,
  title={Reversible computing with fast, fully static, fully adiabatic CMOS},
  author={Frank, Michael P and Brocato, Robert W and Tierney, Brian D and Missert, Nancy A and Hsia, Alexander H},
  booktitle={2020 International Conference on Rebooting Computing (ICRC)},
  pages={1--8},
  year={2020},
  organization={IEEE}
}

@inproceedings{ganesh2017thermodynamic,
  author={Ganesh, Natesh},
  booktitle={2017 IEEE International Conference on Rebooting Computing (ICRC)}, 
  title={A Thermodynamic Treatment of Intelligent Systems}, 
  year={2017},
  volume={},
  number={},
  pages={1-4},
  doi={10.1109/ICRC.2017.8123676}
  }

@article{gargiani2020promise,
  title={On the promise of the stochastic generalized Gauss-Newton method for training DNNs},
  author={Gargiani, Matilde and Zanelli, Andrea and Diehl, Moritz and Hutter, Frank},
  journal={arXiv preprint arXiv:2006.02409},
  year={2020},
  url={https://arxiv.org/abs/2006.02409}
}

@article{hylton2020thermodynamic,
  title={Thermodynamic neural network},
  author={Hylton, Todd},
  journal={Entropy},
  volume={22},
  number={3},
  pages={256},
  year={2020},
  publisher={MDPI},
  doi={10.3390/e22030256},
url={https://www.mdpi.com/1099-4300/22/3/256}
}

@inproceedings{kaiser2022life,
  title={Life is probabilisticâ€”why should all our computers be deterministic? Computing with p-bits: Ising Solvers and Beyond},
  author={Kaiser, J. and Datta, S. and Behin-Aein, B.},
  booktitle={2022 International Electron Devices Meeting (IEDM)},
  pages={21--4},
  year={2022},
  organization={IEEE}
}

@inproceedings{kim2017analog,
  title={Analog CMOS-based resistive processing unit for deep neural network training},
  author={Kim, Seyoung and Gokmen, Tayfun and Lee, Hyung-Min and Haensch, Wilfried E},
  booktitle={2017 IEEE 60th International Midwest Symposium on Circuits and Systems (MWSCAS)},
  pages={422--425},
  year={2017},
  organization={IEEE},
url={https://ieeexplore.ieee.org/abstract/document/8052950}
}

@article{lipka2024thermodynamic,
  title={Thermodynamic computing via autonomous quantum thermal machines},
  author={Lipka-Bartosik, Patryk and Perarnau-Llobet, Mart{\'\i} and Brunner, Nicolas},
  journal={Science Advances},
  volume={10},
  number={36},
  pages={eadm8792},
  year={2024},
  publisher={American Association for the Advancement of Science}
}

@inproceedings{martens2015optimizing,
  title={Optimizing neural networks with kronecker-factored approximate curvature},
  author={Martens, James and Grosse, Roger},
  booktitle={International conference on machine learning},
  pages={2408--2417},
  year={2015},
  organization={PMLR},
url={https://proceedings.mlr.press/v37/martens15.html}
}

@inproceedings{martens2018kronecker,
  title={Kronecker-factored curvature approximations for recurrent neural networks},
  author={Martens, James and Ba, Jimmy and Johnson, Matt},
  booktitle={International Conference on Learning Representations},
  year={2018},
url={https://openreview.net/pdf?id=HyMTkQZAb}
}

@article{martens2020new,
  title={New insights and perspectives on the natural gradient method},
  author={Martens, James},
  journal={The Journal of Machine Learning Research},
  volume={21},
  number={1},
  pages={5776--5851},
  year={2020},
  publisher={JMLRORG},
  url = {https://arxiv.org/abs/1412.1193},
}

@article{ren2019efficient,
  title={Efficient subsampled gauss-newton and natural gradient methods for training neural networks},
  author={Ren, Yi and Goldfarb, Donald},
  journal={arXiv preprint arXiv:1906.02353},
  year={2019},
  url={https://arxiv.org/abs/1906.02353}
}

@article{sun2019solving,
  title={Solving matrix equations in one step with cross-point resistive arrays},
  author={Sun, Zhong and Pedretti, Giacomo and Ambrosi, Elia and Bricalli, Alessandro and Wang, Wei and Ielmini, Daniele},
  journal={Proceedings of the National Academy of Sciences},
  volume={116},
  number={10},
  pages={4123--4128},
  year={2019},
  publisher={National Acad Sciences}
}

@article{sun2020time,
  title={Time complexity of in-memory solution of linear systems},
  author={Sun, Zhong and Pedretti, Giacomo and Mannocci, Piergiulio and Ambrosi, Elia and Bricalli, Alessandro and Ielmini, Daniele},
  journal={IEEE Transactions on Electron Devices},
  volume={67},
  number={7},
  pages={2945--2951},
  year={2020},
  publisher={IEEE}
}

@article{whitelam2024thermodynamic,
  title={Thermodynamic computing out of equilibrium},
  author={Whitelam, Stephen and Casert, Corneel},
  journal={arXiv preprint arXiv:2412.17183},
  year={2024},
  url={https://arxiv.org/abs/2412.17183}
}

@article{zhang2019algorithmic,
  title={Which algorithmic choices matter at which batch sizes? insights from a noisy quadratic model},
  author={Zhang, Guodong and Li, Lala and Nado, Zachary and Martens, James and Sachdeva, Sushant and Dahl, George and Shallue, Chris and Grosse, Roger B},
  journal={Advances in neural information processing systems},
  volume={32},
  year={2019}
}

