@article{yang2024cogvideox,
  title={Cogvideox: Text-to-video diffusion models with an expert transformer},
  author={Yang, Zhuoyi and Teng, Jiayan and Zheng, Wendi and Ding, Ming and Huang, Shiyu and Xu, Jiazheng and Yang, Yuanming and Hong, Wenyi and Zhang, Xiaohan and Feng, Guanyu and others},
  journal={arXiv preprint arXiv:2408.06072},
  year={2024}
}
@software{opensora,
  author = {Zangwei Zheng and Xiangyu Peng and Tianji Yang and Chenhui Shen and Shenggui Li and Hongxin Liu and Yukun Zhou and Tianyi Li and Yang You},
  title = {Open-Sora: Democratizing Efficient Video Production for All},
  month = {March},
  year = {2024},
  url = {https://github.com/hpcaitech/Open-Sora}
}
@article{ho2022video,
  title={Video diffusion models},
  author={Ho, Jonathan and Salimans, Tim and Gritsenko, Alexey and Chan, William and Norouzi, Mohammad and Fleet, David J},
  journal={Advances in Neural Information Processing Systems},
  volume={35},
  pages={8633--8646},
  year={2022}
}
@article{singer2022make,
  title={Make-a-video: Text-to-video generation without text-video data},
  author={Singer, Uriel and Polyak, Adam and Hayes, Thomas and Yin, Xi and An, Jie and Zhang, Songyang and Hu, Qiyuan and Yang, Harry and Ashual, Oron and Gafni, Oran and others},
  journal={arXiv preprint arXiv:2209.14792},
  year={2022}
}
@article{zhou2022magicvideo,
  title={Magicvideo: Efficient video generation with latent diffusion models},
  author={Zhou, Daquan and Wang, Weimin and Yan, Hanshu and Lv, Weiwei and Zhu, Yizhe and Feng, Jiashi},
  journal={arXiv preprint arXiv:2211.11018},
  year={2022}
}
@article{tu2024stableanimator,
  title={StableAnimator: High-Quality Identity-Preserving Human Image Animation},
  author={Tu, Shuyuan and Xing, Zhen and Han, Xintong and Cheng, Zhi-Qi and Dai, Qi and Luo, Chong and Wu, Zuxuan},
  journal={arXiv preprint arXiv:2411.17697},
  year={2024}
}
@inproceedings{zhu2025champ,
  title={Champ: Controllable and consistent human image animation with 3d parametric guidance},
  author={Zhu, Shenhao and Chen, Junming Leo and Dai, Zuozhuo and Dong, Zilong and Xu, Yinghui and Cao, Xun and Yao, Yao and Zhu, Hao and Zhu, Siyu},
  booktitle={European Conference on Computer Vision},
  pages={145--162},
  year={2025},
  organization={Springer}
}
@inproceedings{yang2024direct,
  title={Direct-a-video: Customized video generation with user-directed camera movement and object motion},
  author={Yang, Shiyuan and Hou, Liang and Huang, Haibin and Ma, Chongyang and Wan, Pengfei and Zhang, Di and Chen, Xiaodong and Liao, Jing},
  booktitle={ACM SIGGRAPH 2024 Conference Papers},
  pages={1--12},
  year={2024}
}
@inproceedings{wang2024motionctrl,
  title={Motionctrl: A unified and flexible motion controller for video generation},
  author={Wang, Zhouxia and Yuan, Ziyang and Wang, Xintao and Li, Yaowei and Chen, Tianshui and Xia, Menghan and Luo, Ping and Shan, Ying},
  booktitle={ACM SIGGRAPH 2024 Conference Papers},
  pages={1--11},
  year={2024}
}
@article{liu2024stablev2v,
  title={StableV2V: Stablizing Shape Consistency in Video-to-Video Editing},
  author={Liu, Chang and Li, Rui and Zhang, Kaidong and Lan, Yunwei and Liu, Dong},
  journal={arXiv preprint arXiv:2411.11045},
  year={2024}
}
@article{xing2024make,
  title={Make-your-video: Customized video generation using textual and structural guidance},
  author={Xing, Jinbo and Xia, Menghan and Liu, Yuxin and Zhang, Yuechen and Zhang, Yong and He, Yingqing and Liu, Hanyuan and Chen, Haoxin and Cun, Xiaodong and Wang, Xintao and others},
  journal={IEEE Transactions on Visualization and Computer Graphics},
  year={2024},
  publisher={IEEE}
}
@inproceedings{tulyakov2018mocogan,
  title={Mocogan: Decomposing motion and content for video generation},
  author={Tulyakov, Sergey and Liu, Ming-Yu and Yang, Xiaodong and Kautz, Jan},
  booktitle={Proceedings of the IEEE conference on computer vision and pattern recognition},
  pages={1526--1535},
  year={2018}
}
@article{tian2021good,
  title={A good image generator is what you need for high-resolution video synthesis},
  author={Tian, Yu and Ren, Jian and Chai, Menglei and Olszewski, Kyle and Peng, Xi and Metaxas, Dimitris N and Tulyakov, Sergey},
  journal={arXiv preprint arXiv:2104.15069},
  year={2021}
}
@article{yu2022generating,
  title={Generating videos with dynamics-aware implicit generative adversarial networks},
  author={Yu, Sihyun and Tack, Jihoon and Mo, Sangwoo and Kim, Hyunsu and Kim, Junho and Ha, Jung-Woo and Shin, Jinwoo},
  journal={arXiv preprint arXiv:2202.10571},
  year={2022}
}
@inproceedings{skorokhodov2022stylegan,
  title={Stylegan-v: A continuous video generator with the price, image quality and perks of stylegan2},
  author={Skorokhodov, Ivan and Tulyakov, Sergey and Elhoseiny, Mohamed},
  booktitle={Proceedings of the IEEE/CVF conference on computer vision and pattern recognition},
  pages={3626--3636},
  year={2022}
}
@article{zhang2025moonshot,
  title={MoonShot: Towards Controllable Video Generation and Editing with Motion-Aware Multimodal Conditions},
  author={Zhang, David Junhao and Li, Dongxu and Le, Hung and Shou, Mike Zheng and Xiong, Caiming and Sahoo, Doyen},
  journal={International Journal of Computer Vision},
  pages={1--16},
  year={2025},
  publisher={Springer}
}
@inproceedings{wei2024dreamvideo,
  title={Dreamvideo: Composing your dream videos with customized subject and motion},
  author={Wei, Yujie and Zhang, Shiwei and Qing, Zhiwu and Yuan, Hangjie and Liu, Zhiheng and Liu, Yu and Zhang, Yingya and Zhou, Jingren and Shan, Hongming},
  booktitle={Proceedings of the IEEE/CVF Conference on Computer Vision and Pattern Recognition},
  pages={6537--6549},
  year={2024}
}
@article{shen2023mostganv,
  author    = {Xiaoqian Shen and Xiang Li and Mohamed Elhoseiny},
  title     = {MoStGAN-V: Video Generation with Temporal Motion Styles},
  journal   = {arXiv preprint arXiv:2304.02777},
  year      = {2023},
}
@inproceedings{fei2024dysen,
  title={Dysen-VDM: Empowering Dynamics-aware Text-to-Video Diffusion with LLMs},
  author={Fei, Hao and Wu, Shengqiong and Ji, Wei and Zhang, Hanwang and Chua, Tat-Seng},
  booktitle={Proceedings of the IEEE/CVF Conference on Computer Vision and Pattern Recognition},
  pages={7641--7653},
  year={2024}
}
@article{lin2023videodirectorgpt,
  title={Videodirectorgpt: Consistent multi-scene video generation via llm-guided planning},
  author={Lin, Han and Zala, Abhay and Cho, Jaemin and Bansal, Mohit},
  journal={arXiv preprint arXiv:2309.15091},
  year={2023}
}
@article{kong2023partial,
  title={Partial identifiability for domain adaptation},
  author={Kong, Lingjing and Xie, Shaoan and Yao, Weiran and Zheng, Yujia and Chen, Guangyi and Stojanov, Petar and Akinwande, Victor and Zhang, Kun},
  journal={arXiv preprint arXiv:2306.06510},
  year={2023}
}
@article{yao2022temporally,
  title={Temporally disentangled representation learning},
  author={Yao, Weiran and Chen, Guangyi and Zhang, Kun},
  journal={Advances in Neural Information Processing Systems},
  volume={35},
  pages={26492--26503},
  year={2022}
}
@article{chen2024caring,
  title={CaRiNG: Learning Temporal Causal Representation under Non-Invertible Generation Process},
  author={Chen, Guangyi and Shen, Yifan and Chen, Zhenhao and Song, Xiangchen and Sun, Yuewen and Yao, Weiran and Liu, Xiao and Zhang, Kun},
  journal={arXiv preprint arXiv:2401.14535},
  year={2024}
}
@article{li2024subspace,
  title={Subspace identification for multi-source domain adaptation},
  author={Li, Zijian and Cai, Ruichu and Chen, Guangyi and Sun, Boyang and Hao, Zhifeng and Zhang, Kun},
  journal={Advances in Neural Information Processing Systems},
  volume={36},
  year={2024}
}
@inproceedings{Karras2020ada,
  title     = {Training Generative Adversarial Networks with Limited Data},
  author    = {Tero Karras and Miika Aittala and Janne Hellsten and Samuli Laine and Jaakko Lehtinen and Timo Aila},
  booktitle = {Proc. NeurIPS},
  year      = {2020}
}
@article{unterthiner2019fvd,
  title={FVD: A new metric for video generation},
  author={Unterthiner, Thomas and van Steenkiste, Sjoerd and Kurach, Karol and Marinier, Rapha{\"e}l and Michalski, Marcin and Gelly, Sylvain},
  year={2019}
}
@inproceedings{khemakhem2020variational,
  title={Variational autoencoders and nonlinear ica: A unifying framework},
  author={Khemakhem, Ilyes and Kingma, Diederik and Monti, Ricardo and Hyvarinen, Aapo},
  booktitle={International conference on artificial intelligence and statistics},
  pages={2207--2217},
  year={2020},
  organization={PMLR}
}
@inproceedings{hyvarinen2017nonlinear,
  title={Nonlinear ICA of temporally dependent stationary sources},
  author={Hyvarinen, Aapo and Morioka, Hiroshi},
  booktitle={Artificial Intelligence and Statistics},
  pages={460--469},
  year={2017},
  organization={PMLR}
}
@article{hyvarinen2023nonlinear,
  title={Nonlinear independent component analysis for principled disentanglement in unsupervised deep learning},
  author={Hyv{\"a}rinen, Aapo and Khemakhem, Ilyes and Morioka, Hiroshi},
  journal={Patterns},
  volume={4},
  number={10},
  year={2023},
  publisher={Elsevier}
}
@article{von2021self,
  title={Self-supervised learning with data augmentations provably isolates content from style},
  author={Von K{\"u}gelgen, Julius and Sharma, Yash and Gresele, Luigi and Brendel, Wieland and Sch{\"o}lkopf, Bernhard and Besserve, Michel and Locatello, Francesco},
  journal={Advances in neural information processing systems},
  volume={34},
  pages={16451--16467},
  year={2021}
}
@article{hyvarinen2000independent,
  title={Independent component analysis: algorithms and applications},
  author={Hyv{\"a}rinen, Aapo and Oja, Erkki},
  journal={Neural networks},
  volume={13},
  number={4-5},
  pages={411--430},
  year={2000},
  publisher={Elsevier}
}
@techreport{openai2024video,
  title = {Video Generation Models as World Simulators},
  author = {OpenAI},
  year = {2024},
  institution = {OpenAI},
  url = {https://openai.com/sora/},
}
@article{wang2022internvideo,
  title={Internvideo: General video foundation models via generative and discriminative learning},
  author={Wang, Yi and Li, Kunchang and Li, Yizhuo and He, Yinan and Huang, Bingkun and Zhao, Zhiyu and Zhang, Hongjie and Xu, Jilan and Liu, Yi and Wang, Zun and others},
  journal={arXiv preprint arXiv:2212.03191},
  year={2022}
}
@inproceedings{li2024endora,
  title={Endora: Video generation models as endoscopy simulators},
  author={Li, Chenxin and Liu, Hengyu and Liu, Yifan and Feng, Brandon Y and Li, Wuyang and Liu, Xinyu and Chen, Zhen and Shao, Jing and Yuan, Yixuan},
  booktitle={International Conference on Medical Image Computing and Computer-Assisted Intervention},
  pages={230--240},
  year={2024},
  organization={Springer}
}
@article{cao2024medical,
  title={Medical video generation for disease progression simulation},
  author={Cao, Xu and Liang, Kaizhao and Liao, Kuei-Da and Gao, Tianren and Ye, Wenqian and Chen, Jintai and Ding, Zhiguang and Cao, Jianguo and Rehg, James M and Sun, Jimeng},
  journal={arXiv preprint arXiv:2411.11943},
  year={2024}
}
@article{wang2023drivedreamer,
  title={Drivedreamer: Towards real-world-driven world models for autonomous driving},
  author={Wang, Xiaofeng and Zhu, Zheng and Huang, Guan and Chen, Xinze and Zhu, Jiagang and Lu, Jiwen},
  journal={arXiv preprint arXiv:2309.09777},
  year={2023}
}
@inproceedings{wen2024panacea,
  title={Panacea: Panoramic and controllable video generation for autonomous driving},
  author={Wen, Yuqing and Zhao, Yucheng and Liu, Yingfei and Jia, Fan and Wang, Yanhui and Luo, Chong and Zhang, Chi and Wang, Tiancai and Sun, Xiaoyan and Zhang, Xiangyu},
  booktitle={Proceedings of the IEEE/CVF Conference on Computer Vision and Pattern Recognition},
  pages={6902--6912},
  year={2024}
}
@article{vondrick2016generating,
  title={Generating videos with scene dynamics},
  author={Vondrick, Carl and Pirsiavash, Hamed and Torralba, Antonio},
  journal={Advances in neural information processing systems},
  volume={29},
  year={2016}
}
@article{yan2021videogpt,
  title={Videogpt: Video generation using vq-vae and transformers},
  author={Yan, Wilson and Zhang, Yunzhi and Abbeel, Pieter and Srinivas, Aravind},
  journal={arXiv preprint arXiv:2104.10157},
  year={2021}
}
@article{hyvarinen2016unsupervised,
  title={Unsupervised feature extraction by time-contrastive learning and nonlinear ica},
  author={Hyvarinen, Aapo and Morioka, Hiroshi},
  journal={Advances in neural information processing systems},
  volume={29},
  year={2016}
}
@inproceedings{rezende2015variational,
  title={Variational inference with normalizing flows},
  author={Rezende, Danilo and Mohamed, Shakir},
  booktitle={International conference on machine learning},
  pages={1530--1538},
  year={2015},
  organization={PMLR}
}
@article{yao2021learning,
  title={Learning temporally causal latent processes from general temporal data},
  author={Yao, Weiran and Sun, Yuewen and Ho, Alex and Sun, Changyin and Zhang, Kun},
  journal={arXiv preprint arXiv:2110.05428},
  year={2021}
}
@inproceedings{lippe2022citris,
   title        = {{CITRIS}: Causal Identifiability from Temporal Intervened Sequences},
   author       = {Lippe, Phillip and Magliacane, Sara and L{\"o}we, Sindy and Asano, Yuki M and Cohen, Taco and Gavves, Stratis},
   year         = {2022},
   month        = {17--23 Jul},
   booktitle    = {Proceedings of the 39th International Conference on Machine Learning},
   publisher    = {PMLR},
   series       = {Proceedings of Machine Learning Research},
   volume       = {162},
   pages        = {13557--13603},
   url          = {https://proceedings.mlr.press/v162/lippe22a.html},
   editor       = {Chaudhuri, Kamalika and Jegelka, Stefanie and Song, Le and Szepesvari, Csaba and Niu, Gang and Sabato, Sivan}
}
@inproceedings{lippe2023causal,
    title        = {Causal Representation Learning for Instantaneous and Temporal Effects in Interactive Systems},
    author       = {Phillip Lippe and Sara Magliacane and Sindy L{\"o}we and Yuki M Asano and Taco Cohen and Efstratios Gavves},
    year         = 2023,
    booktitle    = {The Eleventh International Conference on Learning Representations},
    url          = {https://openreview.net/forum?id=itZ6ggvMnzS}
}
@article{li2024identification,
  title={On the identification of temporally causal representation with instantaneous dependence},
  author={Li, Zijian and Shen, Yifan and Zheng, Kaitao and Cai, Ruichu and Song, Xiangchen and Gong, Mingming and Zhu, Zhengmao and Chen, Guangyi and Zhang, Kun},
  journal={arXiv preprint arXiv:2405.15325},
  year={2024}
}
@article{unterthiner2018towards,
  title={Towards accurate generative models of video: A new metric \& challenges},
  author={Unterthiner, Thomas and Van Steenkiste, Sjoerd and Kurach, Karol and Marinier, Raphael and Michalski, Marcin and Gelly, Sylvain},
  journal={arXiv preprint arXiv:1812.01717},
  year={2018}
}
@article{rossler2018faceforensics,
  title={Faceforensics: A large-scale video dataset for forgery detection in human faces},
  author={R{\"o}ssler, Andreas and Cozzolino, Davide and Verdoliva, Luisa and Riess, Christian and Thies, Justus and Nie{\ss}ner, Matthias},
  journal={arXiv preprint arXiv:1803.09179},
  year={2018}
}

@inproceedings{xiong2018learning,
  title={Learning to generate time-lapse videos using multi-stage dynamic generative adversarial networks},
  author={Xiong, Wei and Luo, Wenhan and Ma, Lin and Liu, Wei and Luo, Jiebo},
  booktitle={Proceedings of the IEEE Conference on Computer Vision and Pattern Recognition},
  pages={2364--2373},
  year={2018}
}
@article{zhou2018stereo,
  title={Stereo magnification: Learning view synthesis using multiplane images},
  author={Zhou, Tinghui and Tucker, Richard and Flynn, John and Fyffe, Graham and Snavely, Noah},
  journal={arXiv preprint arXiv:1805.09817},
  year={2018}
}

@Manual{blender,
   title = {Blender - a 3D modelling and rendering package},
   author = {Blender Online Community},
   organization = {Blender Foundation},
   address = {Stichting Blender Foundation, Amsterdam},
   year = {2018},
   url = {http://www.blender.org},
 }
@article{lin1997factorizing,
  title={Factorizing multivariate function classes},
  author={Lin, Juan},
  journal={Advances in neural information processing systems},
  volume={10},
  year={1997}
}
@article{chung2014empirical,
  title={Empirical evaluation of gated recurrent neural networks on sequence modeling},
  author={Chung, Junyoung and Gulcehre, Caglar and Cho, KyungHyun and Bengio, Yoshua},
  journal={arXiv preprint arXiv:1412.3555},
  year={2014}
}
@inproceedings{huang2018neural,
  title={Neural autoregressive flows},
  author={Huang, Chin-Wei and Krueger, David and Lacoste, Alexandre and Courville, Aaron},
  booktitle={International conference on machine learning},
  pages={2078--2087},
  year={2018},
  organization={PMLR}
}
@article{hu2012nonparametric,
  title={Nonparametric identification of dynamic models with unobserved state variables},
  author={Hu, Yingyao and Shum, Matthew},
  journal={Journal of Econometrics},
  volume={171},
  number={1},
  pages={32--44},
  year={2012},
  publisher={Elsevier}
}
@article{hu2008instrumental,
  title={Instrumental variable treatment of nonclassical measurement error models},
  author={Hu, Yingyao and Schennach, Susanne M},
  journal={Econometrica},
  volume={76},
  number={1},
  pages={195--216},
  year={2008},
  publisher={Wiley Online Library}
}
@article{fu2025identification,
  title={Identification of Nonparametric Dynamic Causal Structure and Latent Process in Climate System},
  author={Fu, Minghao and Huang, Biwei and Li, Zijian and Zheng, Yujia and Ng, Ignavier and Hu, Yingyao and Zhang, Kun},
  journal={arXiv preprint arXiv:2501.12500},
  year={2025}
}
@article{chen2016infogan,
  title={Infogan: Interpretable representation learning by information maximizing generative adversarial nets},
  author={Chen, Xi and Duan, Yan and Houthooft, Rein and Schulman, John and Sutskever, Ilya and Abbeel, Pieter},
  journal={Advances in neural information processing systems},
  volume={29},
  year={2016}
}