@article{chen2024caring,
  title={CaRiNG: Learning Temporal Causal Representation under Non-Invertible Generation Process},
  author={Chen, Guangyi and Shen, Yifan and Chen, Zhenhao and Song, Xiangchen and Sun, Yuewen and Yao, Weiran and Liu, Xiao and Zhang, Kun},
  journal={arXiv preprint arXiv:2401.14535},
  year={2024}
}

@article{ho2022video,
  title={Video diffusion models},
  author={Ho, Jonathan and Salimans, Tim and Gritsenko, Alexey and Chan, William and Norouzi, Mohammad and Fleet, David J},
  journal={Advances in Neural Information Processing Systems},
  volume={35},
  pages={8633--8646},
  year={2022}
}

@article{hyvarinen2016unsupervised,
  title={Unsupervised feature extraction by time-contrastive learning and nonlinear ica},
  author={Hyvarinen, Aapo and Morioka, Hiroshi},
  journal={Advances in neural information processing systems},
  volume={29},
  year={2016}
}

@inproceedings{hyvarinen2017nonlinear,
  title={Nonlinear ICA of temporally dependent stationary sources},
  author={Hyvarinen, Aapo and Morioka, Hiroshi},
  booktitle={Artificial Intelligence and Statistics},
  pages={460--469},
  year={2017},
  organization={PMLR}
}

@inproceedings{khemakhem2020variational,
  title={Variational autoencoders and nonlinear ica: A unifying framework},
  author={Khemakhem, Ilyes and Kingma, Diederik and Monti, Ricardo and Hyvarinen, Aapo},
  booktitle={International conference on artificial intelligence and statistics},
  pages={2207--2217},
  year={2020},
  organization={PMLR}
}

@article{li2024identification,
  title={On the identification of temporally causal representation with instantaneous dependence},
  author={Li, Zijian and Shen, Yifan and Zheng, Kaitao and Cai, Ruichu and Song, Xiangchen and Gong, Mingming and Zhu, Zhengmao and Chen, Guangyi and Zhang, Kun},
  journal={arXiv preprint arXiv:2405.15325},
  year={2024}
}

@inproceedings{lippe2022citris,
   title        = {{CITRIS}: Causal Identifiability from Temporal Intervened Sequences},
   author       = {Lippe, Phillip and Magliacane, Sara and L{\"o}we, Sindy and Asano, Yuki M and Cohen, Taco and Gavves, Stratis},
   year         = {2022},
   month        = {17--23 Jul},
   booktitle    = {Proceedings of the 39th International Conference on Machine Learning},
   publisher    = {PMLR},
   series       = {Proceedings of Machine Learning Research},
   volume       = {162},
   pages        = {13557--13603},
   url          = {https://proceedings.mlr.press/v162/lippe22a.html},
   editor       = {Chaudhuri, Kamalika and Jegelka, Stefanie and Song, Le and Szepesvari, Csaba and Niu, Gang and Sabato, Sivan}
}

@inproceedings{lippe2023causal,
    title        = {Causal Representation Learning for Instantaneous and Temporal Effects in Interactive Systems},
    author       = {Phillip Lippe and Sara Magliacane and Sindy L{\"o}we and Yuki M Asano and Taco Cohen and Efstratios Gavves},
    year         = 2023,
    booktitle    = {The Eleventh International Conference on Learning Representations},
    url          = {https://openreview.net/forum?id=itZ6ggvMnzS}
}

@article{liu2024stablev2v,
  title={StableV2V: Stablizing Shape Consistency in Video-to-Video Editing},
  author={Liu, Chang and Li, Rui and Zhang, Kaidong and Lan, Yunwei and Liu, Dong},
  journal={arXiv preprint arXiv:2411.11045},
  year={2024}
}

@software{opensora,
  author = {Zangwei Zheng and Xiangyu Peng and Tianji Yang and Chenhui Shen and Shenggui Li and Hongxin Liu and Yukun Zhou and Tianyi Li and Yang You},
  title = {Open-Sora: Democratizing Efficient Video Production for All},
  month = {March},
  year = {2024},
  url = {https://github.com/hpcaitech/Open-Sora}
}

@article{singer2022make,
  title={Make-a-video: Text-to-video generation without text-video data},
  author={Singer, Uriel and Polyak, Adam and Hayes, Thomas and Yin, Xi and An, Jie and Zhang, Songyang and Hu, Qiyuan and Yang, Harry and Ashual, Oron and Gafni, Oran and others},
  journal={arXiv preprint arXiv:2209.14792},
  year={2022}
}

@article{tu2024stableanimator,
  title={StableAnimator: High-Quality Identity-Preserving Human Image Animation},
  author={Tu, Shuyuan and Xing, Zhen and Han, Xintong and Cheng, Zhi-Qi and Dai, Qi and Luo, Chong and Wu, Zuxuan},
  journal={arXiv preprint arXiv:2411.17697},
  year={2024}
}

@inproceedings{wang2024motionctrl,
  title={Motionctrl: A unified and flexible motion controller for video generation},
  author={Wang, Zhouxia and Yuan, Ziyang and Wang, Xintao and Li, Yaowei and Chen, Tianshui and Xia, Menghan and Luo, Ping and Shan, Ying},
  booktitle={ACM SIGGRAPH 2024 Conference Papers},
  pages={1--11},
  year={2024}
}

@article{xing2024make,
  title={Make-your-video: Customized video generation using textual and structural guidance},
  author={Xing, Jinbo and Xia, Menghan and Liu, Yuxin and Zhang, Yuechen and Zhang, Yong and He, Yingqing and Liu, Hanyuan and Chen, Haoxin and Cun, Xiaodong and Wang, Xintao and others},
  journal={IEEE Transactions on Visualization and Computer Graphics},
  year={2024},
  publisher={IEEE}
}

@article{yang2024cogvideox,
  title={Cogvideox: Text-to-video diffusion models with an expert transformer},
  author={Yang, Zhuoyi and Teng, Jiayan and Zheng, Wendi and Ding, Ming and Huang, Shiyu and Xu, Jiazheng and Yang, Yuanming and Hong, Wenyi and Zhang, Xiaohan and Feng, Guanyu and others},
  journal={arXiv preprint arXiv:2408.06072},
  year={2024}
}

@inproceedings{yang2024direct,
  title={Direct-a-video: Customized video generation with user-directed camera movement and object motion},
  author={Yang, Shiyuan and Hou, Liang and Huang, Haibin and Ma, Chongyang and Wan, Pengfei and Zhang, Di and Chen, Xiaodong and Liao, Jing},
  booktitle={ACM SIGGRAPH 2024 Conference Papers},
  pages={1--12},
  year={2024}
}

@article{yao2021learning,
  title={Learning temporally causal latent processes from general temporal data},
  author={Yao, Weiran and Sun, Yuewen and Ho, Alex and Sun, Changyin and Zhang, Kun},
  journal={arXiv preprint arXiv:2110.05428},
  year={2021}
}

@article{yao2022temporally,
  title={Temporally disentangled representation learning},
  author={Yao, Weiran and Chen, Guangyi and Zhang, Kun},
  journal={Advances in Neural Information Processing Systems},
  volume={35},
  pages={26492--26503},
  year={2022}
}

@article{zhou2022magicvideo,
  title={Magicvideo: Efficient video generation with latent diffusion models},
  author={Zhou, Daquan and Wang, Weimin and Yan, Hanshu and Lv, Weiwei and Zhu, Yizhe and Feng, Jiashi},
  journal={arXiv preprint arXiv:2211.11018},
  year={2022}
}

@inproceedings{zhu2025champ,
  title={Champ: Controllable and consistent human image animation with 3d parametric guidance},
  author={Zhu, Shenhao and Chen, Junming Leo and Dai, Zuozhuo and Dong, Zilong and Xu, Yinghui and Cao, Xun and Yao, Yao and Zhu, Hao and Zhu, Siyu},
  booktitle={European Conference on Computer Vision},
  pages={145--162},
  year={2025},
  organization={Springer}
}

