@article{akiki2016,
    author = {Akiki, Pierre and Bandara, Arosha and Yu, Yijun},
    year = {2016},
    month = {12},
    pages = {1118–1147},
    title = {Engineering Adaptive Model-Driven User Interfaces},
    volume = {42},
    number={12},
    journal = {IEEE Transactions on Software Engineering},
    doi = {10.1109/TSE.2016.2553035}
}

@article{bendaly2018,
    author = {Yousra, Bendaly and Zouhaier, Lamia and Ben Ayed, Leila},
    year = {2018},
    month = {11},
    pages = {},
    title = {Model driven approach for adapting user interfaces to the context of accessibility: case of visually impaired users},
    volume = {13},
    journal = {Journal on Multimodal User Interfaces},
    doi = {10.1007/s12193-018-0277-z}
}

@book{brambilla2014,
    author = {Brambilla, Marco and Fraternali, Piero},
    title = {Interaction Flow Modeling Language: Model-Driven UI Engineering of Web and Mobile Apps with IFML},
    year = {2014},
    isbn = {978-0-12-800108-0},
    publisher = {Morgan Kaufmann Publishers Inc.},
    address = {San Francisco, CA, USA},
    edition = {1st}
}

@article{calvary2002,
    title={The CAMELEON reference framework},
    author={Calvary, Ga{\"e}lle and Coutaz, Jo{\"e}lle and Bouillon, Laurent and Florins, M and Limbourg, Quentin and Marucci, L and Paterno, Fabio and Santoro, C and Souchon, N and Thevenin, David and others},
    journal={Deliverable D1},
    volume={1},
    year={2002}
}

@article{minon2015,
    author = {Miñón, Raúl and Paternò, Fabio and Arrue, Myriam and Abascal, Julio},
    year = {2015},
    month = {01},
    pages = {153–168},
    title = {Integrating adaptation rules for people with special needs in model-based UI development process},
    volume = {15},
    number={1},
    journal = {Universal Access in the Information Society},
    doi = {10.1007/s10209-015-0406-3}
}

@article{yigitbas2020,
    author = {Yigitbas, Enes and Jovanovikj, Ivan and Biermeier, Kai and Sauer, Stefan and Engels, Gregor},
    year = {2020},
    month = {09},
    pages = {1-25},
    title = {Integrated model-driven development of self-adaptive user interfaces},
    volume = {19},
    number= {5},
    journal = {Software and Systems Modeling},
    doi = {10.1007/s10270-020-00777-7}
}

