@INPROCEEDINGS{wickramathilaka2023,
  author={Wickramathilaka, Shavindra and Mueller, Ingo},
  booktitle={2023 IEEE/ACM 16th International Conference on Cooperative and Human Aspects of Software Engineering (CHASE)}, 
  title={Addressing Age-Related Accessibility Needs of Senior Users Through Model-Driven Engineering}, 
  year={2023},
  volume={},
  number={},
  pages={121-126},
  keywords={Adaptation models;Sociology;User interfaces;Software;Model driven engineering;User experience;Statistics;seniors;software accessibility;adaptive user interfaces;model-driven engineering},
  doi={10.1109/CHASE58964.2023.00021}}

@misc{who2022,
    title={Ageing and health},
    author={world health organization},
    year={2022},
    month={Oct},
    publisher={world health organization},
    howpublished = {\url{https://www.who.int/news-room/fact-sheets/detail/ageing-and-health}},
    url={https://www.who.int/news-room/fact-sheets/detail/ageing-and-health},
    note = {Last accessed 21 February 2024}
}

@misc{who,
	author = {world health organization},
	title = {{A}geing and health --- who.int},
	howpublished = {\url{https://www.who.int/news-room/fact-sheets/detail/ageing-and-health}},
	year = {},
	note = {[Accessed 22-08-2024]},
}

@misc{flutter,
	author = {},
	title = {{F}lutter - {B}uild apps for any screen --- flutter.dev},
	howpublished = {\url{https://flutter.dev/}},
	year = {},
	note = {[Accessed 22-08-2024]},
}

@misc{atag,
    title={Authoring Tool Accessibility Guidelines (ATAG) 2.0},
    url={https://www.w3.org/TR/ATAG20/}, 
    author={w3c web accessibility initiative (WAI)},
    year={2015}, 
    month={Sep},
    note = {Last accessed 4 February 2025}
} 

@misc{wcag,
    title={Web content accessibility guidelines (WCAG) 2.2},
    url={https://www.w3.org/TR/WCAG22/}, 
    author={w3c web accessibility initiative (WAI)}, 
    year={2024}, 
    month={Dec},
    note = {Last accessed 4 February 2025}
} 

@article{calvary2002,
    title={The CAMELEON reference framework},
    author={Calvary, Ga{\"e}lle and Coutaz, Jo{\"e}lle and Bouillon, Laurent and Florins, M and Limbourg, Quentin and Marucci, L and Paterno, Fabio and Santoro, C and Souchon, N and Thevenin, David and others},
    journal={Deliverable D1},
    volume={1},
    year={2002}
}

@book{brambilla2017, 
    edition={2}, 
    title={Model-Driven Software Engineering in practice: Second edition}, 
    publisher={Springer Cham}, 
    author={Brambilla, Marco and Cabot, Jordi and Wimmer, Manuel}, 
    year={2017},
    month={May},
    doi = {10.1007/978-3-031-02549-5},
    isbn = {978-3-031-02549-5}
} 

@inproceedings{bacha2011,
    author={Bacha, Firas and Oliveira, Kathia and Abed, Mourad},
    booktitle={2011 FIFTH INTERNATIONAL CONFERENCE ON RESEARCH CHALLENGES IN INFORMATION SCIENCE}, 
    title={A model driven architecture approach for user interface generation focused on content personalization}, 
    year={2011},
    volume={},
    number={},
    pages={1-6},
    doi={10.1109/RCIS.2011.6006839}
}

@inproceedings{park2015,
    author={Park, Kibeom and Lee, Seok-Won},
    editor={Liu, Lin and Aoyama, Mikio},
    title={Model-Based Approach for Engineering Adaptive User Interface Requirements},
    booktitle={Requirements Engineering in the Big Data Era},
    year={2015},
    publisher={Springer Berlin Heidelberg},
    address={Berlin, Heidelberg},
    pages={18--32},
    doi={10.1007/978-3-662-48634-4\_2}
}

@article{bendaly2018,
    author = {Yousra, Bendaly and Zouhaier, Lamia and Ben Ayed, Leila},
    year = {2018},
    month = {11},
    pages = {},
    title = {Model driven approach for adapting user interfaces to the context of accessibility: case of visually impaired users},
    volume = {13},
    journal = {Journal on Multimodal User Interfaces},
    doi = {10.1007/s12193-018-0277-z}
}

@inproceedings{braham2022,
    author={Braham, Amani and Khemaja, Maha and Buend{\'i}a, F{\'e}lix and Gargouri, Faiez},
    editor={Novais, Paulo and Carneiro, Joao and Chamoso, Pablo},
    title={Towards a Model-Driven Ontology-Based Architecture for Generating Adaptive User Interfaces},
    booktitle={Ambient Intelligence -- Software and Applications -- 12th International Symposium on Ambient Intelligence},
    year={2022},
    publisher={Springer International Publishing},
    pages={139--148},
    doi= {10.1007/978-3-031-06894-2\_13}
}

@InProceedings{bongratz2012,
    author={Bongartz, Sara and Jin, Yucheng and Patern{\`o}, Fabio and Rett, Joerg and Santoro, Carmen and Spano, Lucio Davide},
    editor={Patern{\`o}, Fabio and de Ruyter, Boris and Markopoulos, Panos and Santoro, Carmen and van Loenen, Evert and Luyten, Kris},
    title={Adaptive User Interfaces for Smart Environments with the Support of Model-Based Languages},
    booktitle={Ambient Intelligence},
    year={2012},
    publisher={Springer Berlin Heidelberg},
    address={Berlin, Heidelberg},
    pages={33--48},
    doi= {10.1007/978-3-642-34898-3\_3}
}

@article{Paterno2009,
    author = {Paternò, Fabio and Santoro, Carmen and Spano, Lucio},
    year = {2009},
    month = {11},
    pages = {},
    title = {MARIA: A universal, declarative, multiple abstraction-level language for service-oriented applications in ubiquitous environments},
    volume = {16},
    number={4},
    journal = {ACM Trans. Comput.-Hum. Interact.},
    doi = {10.1145/1614390.1614394}
}

@article{minon2015,
    author = {Miñón, Raúl and Paternò, Fabio and Arrue, Myriam and Abascal, Julio},
    year = {2015},
    month = {01},
    pages = {153–168},
    title = {Integrating adaptation rules for people with special needs in model-based UI development process},
    volume = {15},
    number={1},
    journal = {Universal Access in the Information Society},
    doi = {10.1007/s10209-015-0406-3}
}

@inproceedings{ghaibi2017,
    author = {Ghaibi, Nadia and D\^{a}assi, Olfa and Ayed, Leila Jemni Ben},
    title = {A Tool Support for the Adaptation of User Interfaces Based on a Business Rules Management System},
    year = {2017},
    isbn = {9781450353793},
    publisher = {Association for Computing Machinery},
    address = {New York, NY, USA},
    url = {https://doi.org/10.1145/3152771.3152789},
    doi = {10.1145/3152771.3152789},
    booktitle = {Proceedings of the 29th Australian Conference on Computer-Human Interaction},
    pages = {162–169},
    numpages = {8},
    keywords = {model-driven approach, user interface, accessibility, adaptation, context of use, drools},
    location = {Brisbane, Queensland, Australia},
    series = {OZCHI '17}
}

@article{akiki2016,
    author = {Akiki, Pierre and Bandara, Arosha and Yu, Yijun},
    year = {2016},
    month = {12},
    pages = {1118–1147},
    title = {Engineering Adaptive Model-Driven User Interfaces},
    volume = {42},
    number={12},
    journal = {IEEE Transactions on Software Engineering},
    doi = {10.1109/TSE.2016.2553035}
}

@article{Ferraiolo2001,
    author = {Ferraiolo, David F. and Sandhu, Ravi and Gavrila, Serban and Kuhn, D. Richard and Chandramouli, Ramaswamy},
    title = {Proposed NIST Standard for Role-Based Access Control},
    year = {2001},
    issue_date = {August 2001},
    publisher = {Association for Computing Machinery},
    address = {New York, NY, USA},
    volume = {4},
    number = {3},
    issn = {1094-9224},
    doi = {10.1145/501978.501980},
    journal = {ACM Trans. Inf. Syst. Secur.},
    month = {aug},
    pages = {224–274}
}

@article{akiki2017,
    author = {Akiki, Pierre},
    year = {2017},
    month = {10},
    pages = {165–190},
    title = {CHAIN: Developing Model-Driven Contextual Help for Adaptive User Interfaces},
    volume = {135},
    journal = {Journal of Systems and Software},
    doi = {10.1016/j.jss.2017.10.017}
}

@article{yigitbas2020,
    author = {Yigitbas, Enes and Jovanovikj, Ivan and Biermeier, Kai and Sauer, Stefan and Engels, Gregor},
    year = {2020},
    month = {09},
    pages = {1-25},
    title = {Integrated model-driven development of self-adaptive user interfaces},
    volume = {19},
    number= {5},
    journal = {Software and Systems Modeling},
    doi = {10.1007/s10270-020-00777-7}
}

@book{brambilla2014,
    author = {Brambilla, Marco and Fraternali, Piero},
    title = {Interaction Flow Modeling Language: Model-Driven UI Engineering of Web and Mobile Apps with IFML},
    year = {2014},
    isbn = {978-0-12-800108-0},
    publisher = {Morgan Kaufmann Publishers Inc.},
    address = {San Francisco, CA, USA},
    edition = {1st}
}

@article{connor2017,
    title={Designing user interfaces for the elderly: a systematic literature review},
    author={Dodd, Connor and Athauda, Rukshan and Adam, Marc},
    year={2017},
    journal={Australasian Conference on Information Systems},
    location = {Hobart, Australia},
}

@article{akiki2014,
    title={Adaptive model-driven user interface development systems},
    author={Akiki, Pierre A and Bandara, Arosha K and Yu, Yijun},
    journal={ACM Computing Surveys (CSUR)},
    volume={47},
    number={1},
    pages={1--33},
    year={2014},
    publisher={ACM New York, NY, USA}
}

@article{bossini2014,
    title={Accessibility to mobile interfaces for older people},
    author={D{\'\i}az-Bossini, Jos{\'e}-Manuel and Moreno, Lourdes},
    journal={Procedia Computer Science},
    volume={27},
    pages={57--66},
    year={2014},
    publisher={Elsevier}
}

@inproceedings{Paez2019,
    title={Elderly users and their main challenges usability with mobile applications: a systematic review},
    author={Elguera Paez, Lesly and Zapata Del R{\'\i}o, Claudia},
    booktitle={International Conference on Human-Computer Interaction},
    pages={423--438},
    year={2019},
    organization={Springer}
}

@article{Iwarsson2003,
    title={Accessibility, usability and universal design—positioning and definition of concepts describing person-environment relationships},
    author={Iwarsson, Susanne and St{\aa}hl, Agneta},
    journal={Disability and rehabilitation},
    volume={25},
    number={2},
    pages={57--66},
    year={2003},
    publisher={Taylor \& Francis}
}

@inproceedings{grundy2021,
    title={Addressing the influence of end user human aspects on software engineering},
    author={Grundy, John and Mueller, Ingo and Madugalla, Anuradha and Khalajzadeh, Hourieh and Obie, Humphrey and McIntosh, Jennifer and Kanij, Tanjila},
    booktitle={International Conference on Evaluation of Novel Approaches to Software Engineering},
    pages={241--264},
    year={2021},
    organization={Springer}
}

@book{Stephanidis2000,
    series = {Human factors and ergonomics},
    volume = {1},
    publisher = {CRC Press},
    booktitle = {User Interfaces for All},
    isbn = {9780805829679},
    year = {2001},
    title = {User Interfaces for All: Concepts, Methods, and Tools},
    edition = {1},
    copyright = {2001 Lawrence Erlbaum Associates, Inc.},
    language = {eng},
    address = {Boca Raton},
    author = {Stephanidis, Constantine and Akoumianakis, Demosthenes and Antona, Margherita and Bannon, Liam},
    keywords = {Human Computer Interaction ; Product Design ; User interfaces (Computer systems)},
}

@article{czaja2007,
    title={The impact of aging on access to technology},
    author={Czaja, Sara J and Lee, Chin Chin},
    journal={Universal access in the information society},
    volume={5},
    pages={341--349},
    year={2007},
    publisher={Springer}
}

@misc{u3a2014,
    title={U3A Network Victoria},
    author={u3a network Victoria},
    year={2014},
    howpublished = {\url{https://u3avictoria.org.au/for-people}},
    url={https://u3avictoria.org.au/for-people},
    note = {Last accessed 30 January 2023}
}

@article{hoda2021,
    title={Socio-technical grounded theory for software engineering},
    author={Hoda, Rashina},
    journal={IEEE Transactions on Software Engineering},
    volume={48},
    number={10},
    pages={3808--3832},
    year={2021},
    publisher={IEEE}
}

@inproceedings{adam2019,
    title={Enterprise Information Systems in Academia and Practice-Lessons learned from a MBSE Project.},
    author={Adam, Kai and Michael, Judith and Netz, Lukas and Rumpe, Bernhard and Varga, Simon},
    booktitle={EMISA Forum: Vol. 39, No. 1},
    year={2019},
    organization={De Gruyter}
}

 @INPROCEEDINGS{sirius,
    author={Viyović, Vladimir and Maksimović, Mirjam and Perisić, Branko},
    booktitle={IEEE 18th International Conference on Intelligent Engineering Systems INES 2014}, 
    title={Sirius: A rapid development of DSM graphical editor}, 
    year={2014},
    volume={},
    number={},
    pages={233-238},
    doi={10.1109/INES.2014.6909375}
}

@book{emf,
    title={EMF: eclipse modeling framework},
    author={Steinberg, Dave and Budinsky, Frank and Merks, Ed and Paternostro, Marcelo},
    year={2008},
    publisher={Pearson Education}
}

@misc{acceleo,
    title={Acceleo},
    howpublished = {\url{https://www.eclipse.org/acceleo/}},
    url={https://www.eclipse.org/acceleo/}, 
    note = {Last accessed 30 January 2023},
    abstractNote={The Eclipse Foundation - home to a global community, the Eclipse IDE, Jakarta EE and over 350 open source projects, including runtimes, tools and frameworks}
}

@book{xtend,
    title={Implementing domain-specific languages with Xtext and Xtend},
    author={Bettini, Lorenzo},
    year={2016},
    publisher={Packt Publishing Ltd}
}

@INPROCEEDINGS{redeap,
  author={Ahmad, Bilal and Richardson, Ita and Beecham, Sarah},
  booktitle={2020 IEEE First International Workshop on Requirements Engineering for Well-Being, Aging, and Health (REWBAH)}, 
  title={A Multi-method Approach for Requirements Elicitation for the Design and Development of Smartphone Applications for Older Adults}, 
  year={2020},
  volume={},
  number={},
  pages={25-34},
  keywords={Guidelines;Social network services;Bibliographies;Aging;Usability;Interviews;Older adults;usable;accessible;recommendations;smartphone applications;social engagement;mixed methods},
  doi={10.1109/REWBAH51211.2020.00010}}




@article{shamsujjoha2024developer,
  title={Developer and End-User Perspectives on Addressing Human Aspects in Mobile eHealth Apps},
  author={Shamsujjoha, Md and Grundy, John and Khalajzadeh, Hourieh and Lu, Qinghua and Li, Li},
  journal={Information and Software Technology},
  volume={166},
  pages={107353},
  year={2024},
  publisher={Elsevier}
}

@inproceedings{wickramathilaka2023addressing,
  title={Addressing Age-Related Accessibility Needs of Senior Users Through Model-Driven Engineering},
  author={Wickramathilaka, Shavindra and Mueller, Ingo},
  booktitle={2023 IEEE/ACM 16th International Conference on Cooperative and Human Aspects of Software Engineering (CHASE)},
  pages={121--126},
  year={2023},
  organization={IEEE}
}

@book{johnson2017designing,
  title={Designing user interfaces for an aging population: Towards universal design},
  author={Johnson, Jeff and Finn, Kate},
  year={2017},
  publisher={Morgan Kaufmann}
}

