@inproceedings{igl2022symphony,
  title={Symphony: Learning realistic and diverse agents for autonomous driving simulation},
  author={Igl, Maximilian and Kim, Daewoo and Kuefler, Alex and Mougin, Paul and Shah, Punit and Shiarlis, Kyriacos and Anguelov, Dragomir and Palatucci, Mark and White, Brandyn and Whiteson, Shimon},
  booktitle={2022 International Conference on Robotics and Automation (ICRA)},
  pages={2445--2451},
  year={2022},
  organization={IEEE}
}

@incollection{visvalingam2017line,
  title={Line generalization by repeated elimination of points},
  author={Visvalingam, Maheswari and Whyatt, James D},
  booktitle={Landmarks in Mapping},
  pages={144--155},
  year={2017},
  publisher={Routledge}
}

@inproceedings{johnson2024understanding,
  title={Understanding biological active sensing behaviors by interpreting learned artificial agent policies},
  author={Johnson-Yu, Sonja and Singh, Satpreet Harcharan and Pedraja, Federico and Turcu, Denis and Sharma, Pratyusha and Saphra, Naomi and Sawtell, Nathaniel and Rajan, Kanaka},
  booktitle={Workshop on Interpretable Policies in Reinforcement Learning@ RLC-2024}
}

@article{aldarondo2024virtual,
  title={A virtual rodent predicts the structure of neural activity across behaviours},
  author={Aldarondo, Diego and Merel, Josh and Marshall, Jesse D and Hasenclever, Leonard and Klibaite, Ugne and Gellis, Amanda and Tassa, Yuval and Wayne, Greg and Botvinick, Matthew and {\"O}lveczky, Bence P},
  journal={Nature},
  volume={632},
  number={8025},
  pages={594--602},
  year={2024},
  publisher={Nature Publishing Group UK London}
}

@article{castro2025discovering,
  title={Discovering Symbolic Cognitive Models from Human and Animal Behavior},
  author={Castro, Pablo Samuel and Tomasev, Nenad and Anand, Ankit and Sharma, Navodita and Mohanta, Rishika and Dev, Aparna and Perlin, Kuba and Jain, Siddhant and Levin, Kyle and {\'E}ltet{\H{o}}, No{\'e}mi and others},
  journal={bioRxiv},
  pages={2025--02},
  year={2025},
  publisher={Cold Spring Harbor Laboratory}
}

@inproceedings{posg04,
author = {Hansen, Eric A. and Bernstein, Daniel S. and Zilberstein, Shlomo},
title = {Dynamic programming for partially observable stochastic games},
year = {2004},
booktitle = {National Conference on Artifical Intelligence},
}

@techreport{flannagan2023establishing,
  title={Establishing a crash rate benchmark using large-scale naturalistic human ridehail data},
  author={Flannagan, Carol and Leslie, Andrew and Kiefer, Raymond and Bogard, Scott and Chi-Johnston, Geoff and Freeman, Laura and Huang, Rayman and Walsh, David and Anthony, Joseph},
  year={2023},
  institution={UMTRI}
}


@techreport{stewart2023overview,
  title={Overview of motor vehicle traffic crashes in 2021},
  author={Stewart, Timothy and others},
  year={2023},
  institution={United States. Department of Transportation. National Highway Traffic Safety~â€¦}
}


@inproceedings{carla17,
  author       = {Alexey Dosovitskiy and
                  Germ{\'{a}}n Ros and
                  Felipe Codevilla and
                  Antonio M. L{\'{o}}pez and
                  Vladlen Koltun},
  title        = {{CARLA:} An Open Urban Driving Simulator},
  booktitle    = {1st Annual Conference on Robot Learning, CoRL 2017, Mountain View,
                  California, USA, November 13-15, 2017, Proceedings},
  series       = {Proceedings of Machine Learning Research},
  volume       = {78},
  pages        = {1--16},
  publisher    = {{PMLR}},
  year         = {2017},
  url          = {http://proceedings.mlr.press/v78/dosovitskiy17a.html},
  timestamp    = {Fri, 28 Aug 2020 10:33:38 +0200},
  biburl       = {https://dblp.org/rec/conf/corl/DosovitskiyRCLK17.bib},
  bibsource    = {dblp computer science bibliography, https://dblp.org}
}


@article{ppoSchulman17,
  author       = {John Schulman and
                  Filip Wolski and
                  Prafulla Dhariwal and
                  Alec Radford and
                  Oleg Klimov},
  title        = {Proximal Policy Optimization Algorithms},
  journal      = {CoRR},
  volume       = {abs/1707.06347},
  year         = {2017},
  url          = {http://arxiv.org/abs/1707.06347},
  eprinttype    = {arXiv},
  eprint       = {1707.06347},
  timestamp    = {Mon, 13 Aug 2018 16:47:34 +0200},
  biburl       = {https://dblp.org/rec/journals/corr/SchulmanWDRK17.bib},
  bibsource    = {dblp computer science bibliography, https://dblp.org}
}



@inproceedings{DBLP:conf/iclr/PhilionPF24,
  author       = {Jonah Philion and
                  Xue Bin Peng and
                  Sanja Fidler},
  title        = {Trajeglish: Traffic Modeling as Next-Token Prediction},
  booktitle    = {The Twelfth International Conference on Learning Representations,
                  {ICLR} 2024, Vienna, Austria, May 7-11, 2024},
  publisher    = {OpenReview.net},
  year         = {2024},
  url          = {https://openreview.net/forum?id=Z59Rb5bPPP},
  timestamp    = {Wed, 07 Aug 2024 17:11:53 +0200},
  biburl       = {https://dblp.org/rec/conf/iclr/PhilionPF24.bib},
  bibsource    = {dblp computer science bibliography, https://dblp.org}
}

@inproceedings{xu2023bits,
  title={Bits: Bi-level imitation for traffic simulation},
  author={Xu, Danfei and Chen, Yuxiao and Ivanovic, Boris and Pavone, Marco},
  booktitle={2023 IEEE International Conference on Robotics and Automation (ICRA)},
  pages={2929--2936},
  year={2023},
  organization={IEEE}
}

@article{aastrom1965optimal,
  title={Optimal control of Markov processes with incomplete state information I},
  author={{\AA}str{\"o}m, Karl Johan},
  journal={Journal of mathematical analysis and applications},
  volume={10},
  pages={174--205},
  year={1965},
  publisher={Elsevier}
}

@book{rajamani2011vehicle,
  title={Vehicle dynamics and control},
  author={Rajamani, Rajesh},
  year={2011},
  publisher={Springer Science \& Business Media}
}

@article{kaelbling1998planning,
  title={Planning and acting in partially observable stochastic domains},
  author={Kaelbling, Leslie Pack and Littman, Michael L and Cassandra, Anthony R},
  journal={Artificial intelligence},
  volume={101},
  number={1-2},
  pages={99--134},
  year={1998},
  publisher={Elsevier}
}

@article{li2022metadrive,
  title={Metadrive: Composing diverse driving scenarios for generalizable reinforcement learning},
  author={Li, Quanyi and Peng, Zhenghao and Feng, Lan and Zhang, Qihang and Xue, Zhenghai and Zhou, Bolei},
  journal={IEEE Transactions on Pattern Analysis and Machine Intelligence},
  year={2022}
}

@inproceedings{aspDrive,
  author       = {Chris Zhang and
                  Sourav Biswas and
                  Kelvin Wong and
                  Kion Fallah and
                  Lunjun Zhang and
                  Dian Chen and
                  Sergio Casas and
                  Raquel Urtasun},
  editor       = {Ales Leonardis and
                  Elisa Ricci and
                  Stefan Roth and
                  Olga Russakovsky and
                  Torsten Sattler and
                  G{\"{u}}l Varol},
  title        = {Learning to Drive via Asymmetric Self-Play},
  booktitle    = {Computer Vision - {ECCV} 2024 - 18th European Conference, Milan, Italy,
                  September 29-October 4, 2024, Proceedings, Part {LXII}},
  series       = {Lecture Notes in Computer Science},
  volume       = {15120},
  pages        = {149--168},
  publisher    = {Springer},
  year         = {2024},
  url          = {https://doi.org/10.1007/978-3-031-73033-7\_9},
  doi          = {10.1007/978-3-031-73033-7\_9},
  timestamp    = {Fri, 08 Nov 2024 20:51:05 +0100},
  biburl       = {https://dblp.org/rec/conf/eccv/ZhangBWFZCCU24.bib},
  bibsource    = {dblp computer science bibliography, https://dblp.org}
}

@inproceedings{closed_loop_v2,
  author       = {Chris Zhang and
                  James Tu and
                  Lunjun Zhang and
                  Kelvin Wong and
                  Simon Suo and
                  Raquel Urtasun},
  editor       = {Jie Tan and
                  Marc Toussaint and
                  Kourosh Darvish},
  title        = {Learning Realistic Traffic Agents in Closed-loop},
  booktitle    = {Conference on Robot Learning, CoRL 2023, 6-9 November 2023, Atlanta,
                  GA, {USA}},
  series       = {Proceedings of Machine Learning Research},
  volume       = {229},
  pages        = {800--821},
  publisher    = {{PMLR}},
  year         = {2023},
  url          = {https://proceedings.mlr.press/v229/zhang23b.html},
  timestamp    = {Thu, 29 Feb 2024 07:25:30 +0100},
  biburl       = {https://dblp.org/rec/conf/corl/ZhangTZWSU23.bib},
  bibsource    = {dblp computer science bibliography, https://dblp.org}
}


@inproceedings{closed_loop_driving,
  author       = {Chris Zhang and
                  Runsheng Guo and
                  Wenyuan Zeng and
                  Yuwen Xiong and
                  Binbin Dai and
                  Rui Hu and
                  Mengye Ren and
                  Raquel Urtasun},
  editor       = {Shai Avidan and
                  Gabriel J. Brostow and
                  Moustapha Ciss{\'{e}} and
                  Giovanni Maria Farinella and
                  Tal Hassner},
  title        = {Rethinking Closed-Loop Training for Autonomous Driving},
  booktitle    = {Computer Vision - {ECCV} 2022 - 17th European Conference, Tel Aviv,
                  Israel, October 23-27, 2022, Proceedings, Part {XXXIX}},
  series       = {Lecture Notes in Computer Science},
  volume       = {13699},
  pages        = {264--282},
  publisher    = {Springer},
  year         = {2022},
  url          = {https://doi.org/10.1007/978-3-031-19842-7\_16},
  doi          = {10.1007/978-3-031-19842-7\_16},
  timestamp    = {Thu, 29 Feb 2024 07:25:30 +0100},
  biburl       = {https://dblp.org/rec/conf/eccv/ZhangGZXDHRU22.bib},
  bibsource    = {dblp computer science bibliography, https://dblp.org}
}

@inproceedings{nocturne,
  author       = {Eugene Vinitsky and
                  Nathan Lichtl{\'{e}} and
                  Xiaomeng Yang and
                  Brandon Amos and
                  Jakob Foerster},
  editor       = {Sanmi Koyejo and
                  S. Mohamed and
                  A. Agarwal and
                  Danielle Belgrave and
                  K. Cho and
                  A. Oh},
  title        = {Nocturne: a scalable driving benchmark for bringing multi-agent learning
                  one step closer to the real world},
  booktitle    = {Advances in Neural Information Processing Systems 35: Annual Conference
                  on Neural Information Processing Systems 2022, NeurIPS 2022, New Orleans,
                  LA, USA, November 28 - December 9, 2022},
  year         = {2022},
  url          = {http://papers.nips.cc/paper\_files/paper/2022/hash/191e9e721a2748a860714fb23aaf7c5d-Abstract-Datasets\_and\_Benchmarks.html},
  timestamp    = {Mon, 08 Jan 2024 16:31:37 +0100},
  biburl       = {https://dblp.org/rec/conf/nips/VinitskyLYAF22.bib},
  bibsource    = {dblp computer science bibliography, https://dblp.org}
}


@inproceedings{copo,
  author       = {Zhenghao Peng and
                  Quanyi Li and
                  Ka{-}Ming Hui and
                  Chunxiao Liu and
                  Bolei Zhou},
  editor       = {Marc'Aurelio Ranzato and
                  Alina Beygelzimer and
                  Yann N. Dauphin and
                  Percy Liang and
                  Jennifer Wortman Vaughan},
  title        = {Learning to Simulate Self-driven Particles System with Coordinated
                  Policy Optimization},
  booktitle    = {Advances in Neural Information Processing Systems 34: Annual Conference
                  on Neural Information Processing Systems 2021, NeurIPS 2021, December
                  6-14, 2021, virtual},
  pages        = {10784--10797},
  year         = {2021},
  url          = {https://proceedings.neurips.cc/paper/2021/hash/594ca7adb3277c51a998252e2d4c906e-Abstract.html},
  timestamp    = {Tue, 03 May 2022 16:20:47 +0200},
  biburl       = {https://dblp.org/rec/conf/nips/PengLHLZ21.bib},
  bibsource    = {dblp computer science bibliography, https://dblp.org}
}

@misc{lavington2024torchdriveenv,
      title={TorchDriveEnv: A Reinforcement Learning Benchmark for Autonomous Driving with Reactive, Realistic, and Diverse Non-Playable Characters}, 
      author={Jonathan Wilder Lavington and Ke Zhang and Vasileios Lioutas and Matthew Niedoba and Yunpeng Liu and Dylan Green and Saeid Naderiparizi and Xiaoxuan Liang and Setareh Dabiri and Adam Åšcibior and Berend Zwartsenberg and Frank Wood},
      year={2024},
      eprint={2405.04491},
      archivePrefix={arXiv},
      primaryClass={cs.AI}
}

@article{onedrive,
  author       = {Yupeng Zheng and
                  Zhongpu Xia and
                  Qichao Zhang and
                  Teng Zhang and
                  Ben Lu and
                  Xiaochuang Huo and
                  Chao Han and
                  Yixian Li and
                  Mengjie Yu and
                  Bu Jin and
                  Pengxuan Yang and
                  Yuhang Zheng and
                  Haifeng Yuan and
                  Ke Jiang and
                  Peng Jia and
                  Xianpeng Lang and
                  Dongbin Zhao},
  title        = {Preliminary Investigation into Data Scaling Laws for Imitation Learning-Based
                  End-to-End Autonomous Driving},
  journal      = {CoRR},
  volume       = {abs/2412.02689},
  year         = {2024},
  url          = {https://doi.org/10.48550/arXiv.2412.02689},
  doi          = {10.48550/ARXIV.2412.02689},
  eprinttype    = {arXiv},
  eprint       = {2412.02689},
  timestamp    = {Mon, 13 Jan 2025 21:28:29 +0100},
  biburl       = {https://dblp.org/rec/journals/corr/abs-2412-02689.bib},
  bibsource    = {dblp computer science bibliography, https://dblp.org}
}

@article{gtsophy,
  author       = {Peter R. Wurman and
                  Samuel Barrett and
                  Kenta Kawamoto and
                  James MacGlashan and
                  Kaushik Subramanian and
                  Thomas J. Walsh and
                  Roberto Capobianco and
                  Alisa Devlic and
                  Franziska Eckert and
                  Florian Fuchs and
                  Leilani Gilpin and
                  Piyush Khandelwal and
                  Varun Raj Kompella and
                  HaoChih Lin and
                  Patrick MacAlpine and
                  Declan Oller and
                  Takuma Seno and
                  Craig Sherstan and
                  Michael D. Thomure and
                  Houmehr Aghabozorgi and
                  Leon Barrett and
                  Rory Douglas and
                  Dion Whitehead and
                  Peter D{\"{u}}rr and
                  Peter Stone and
                  Michael Spranger and
                  Hiroaki Kitano},
  title        = {Outracing champion Gran Turismo drivers with deep reinforcement learning},
  journal      = {Nat.},
  volume       = {602},
  number       = {7896},
  pages        = {223--228},
  year         = {2022},
  url          = {https://doi.org/10.1038/s41586-021-04357-7},
  doi          = {10.1038/S41586-021-04357-7},
  timestamp    = {Tue, 19 Nov 2024 15:59:17 +0100},
  biburl       = {https://dblp.org/rec/journals/nature/WurmanBKMS0CDE022.bib},
  bibsource    = {dblp computer science bibliography, https://dblp.org}
}

@article{starcraft,
  author       = {Oriol Vinyals and
                  Igor Babuschkin and
                  Wojciech M. Czarnecki and
                  Micha{\"{e}}l Mathieu and
                  Andrew Dudzik and
                  Junyoung Chung and
                  David H. Choi and
                  Richard Powell and
                  Timo Ewalds and
                  Petko Georgiev and
                  Junhyuk Oh and
                  Dan Horgan and
                  Manuel Kroiss and
                  Ivo Danihelka and
                  Aja Huang and
                  Laurent Sifre and
                  Trevor Cai and
                  John P. Agapiou and
                  Max Jaderberg and
                  Alexander Sasha Vezhnevets and
                  R{\'{e}}mi Leblond and
                  Tobias Pohlen and
                  Valentin Dalibard and
                  David Budden and
                  Yury Sulsky and
                  James Molloy and
                  Tom Le Paine and
                  {\c{C}}aglar G{\"{u}}l{\c{c}}ehre and
                  Ziyu Wang and
                  Tobias Pfaff and
                  Yuhuai Wu and
                  Roman Ring and
                  Dani Yogatama and
                  Dario W{\"{u}}nsch and
                  Katrina McKinney and
                  Oliver Smith and
                  Tom Schaul and
                  Timothy P. Lillicrap and
                  Koray Kavukcuoglu and
                  Demis Hassabis and
                  Chris Apps and
                  David Silver},
  title        = {Grandmaster level in StarCraft {II} using multi-agent reinforcement
                  learning},
  journal      = {Nat.},
  volume       = {575},
  number       = {7782},
  pages        = {350--354},
  year         = {2019},
  url          = {https://doi.org/10.1038/s41586-019-1724-z},
  doi          = {10.1038/S41586-019-1724-Z},
  timestamp    = {Sun, 06 Oct 2024 21:35:39 +0200},
  biburl       = {https://dblp.org/rec/journals/nature/VinyalsBCMDCCPE19.bib},
  bibsource    = {dblp computer science bibliography, https://dblp.org}
}

@article{openai5,
  author       = {Christopher Berner and
                  Greg Brockman and
                  Brooke Chan and
                  Vicki Cheung and
                  Przemyslaw Debiak and
                  Christy Dennison and
                  David Farhi and
                  Quirin Fischer and
                  Shariq Hashme and
                  Christopher Hesse and
                  Rafal J{\'{o}}zefowicz and
                  Scott Gray and
                  Catherine Olsson and
                  Jakub Pachocki and
                  Michael Petrov and
                  Henrique Pond{\'{e}} de Oliveira Pinto and
                  Jonathan Raiman and
                  Tim Salimans and
                  Jeremy Schlatter and
                  Jonas Schneider and
                  Szymon Sidor and
                  Ilya Sutskever and
                  Jie Tang and
                  Filip Wolski and
                  Susan Zhang},
  title        = {Dota 2 with Large Scale Deep Reinforcement Learning},
  journal      = {CoRR},
  volume       = {abs/1912.06680},
  year         = {2019},
  url          = {http://arxiv.org/abs/1912.06680},
  eprinttype    = {arXiv},
  eprint       = {1912.06680},
  timestamp    = {Wed, 03 Jun 2020 10:56:28 +0200},
  biburl       = {https://dblp.org/rec/journals/corr/abs-1912-06680.bib},
  bibsource    = {dblp computer science bibliography, https://dblp.org}
}


@article{montali2024waymo,
  title={The waymo open sim agents challenge},
  author={Montali, Nico and Lambert, John and Mougin, Paul and Kuefler, Alex and Rhinehart, Nicholas and Li, Michelle and Gulino, Cole and Emrich, Tristan and Yang, Zoey and Whiteson, Shimon and others},
  journal={Advances in Neural Information Processing Systems},
  volume={36},
  year={2024}
}

@article{zhou2024behaviorgpt,
  title={BehaviorGPT: Smart Agent Simulation for Autonomous Driving with Next-Patch Prediction},
  author={Zhou, Zikang and Hu, Haibo and Chen, Xinhong and Wang, Jianping and Guan, Nan and Wu, Kui and Li, Yung-Hui and Huang, Yu-Kai and Xue, Chun Jason},
  journal={arXiv preprint arXiv:2405.17372},
  year={2024}
}

@article{engstrom2024modeling,
  title={Modeling road user response timing in naturalistic traffic conflicts: a surprise-based framework},
  author={Engstr{\"o}m, Johan and Liu, Shu-Yuan and DinparastDjadid, Azadeh and Simoiu, Camelia},
  journal={Accident Analysis \& Prevention},
  volume={198},
  pages={107460},
  year={2024},
  publisher={Elsevier}
}

@article{corso2021survey,
  title={A survey of algorithms for black-box safety validation of cyber-physical systems},
  author={Corso, Anthony and Moss, Robert and Koren, Mark and Lee, Ritchie and Kochenderfer, Mykel},
  journal={Journal of Artificial Intelligence Research},
  volume={72},
  pages={377--428},
  year={2021}
}

@article{roelofs2022causalagents,
  title={Causalagents: A robustness benchmark for motion forecasting using causal relationships},
  author={Roelofs, Rebecca and Sun, Liting and Caine, Ben and Refaat, Khaled S and Sapp, Ben and Ettinger, Scott and Chai, Wei},
  journal={arXiv preprint arXiv:2207.03586},
  year={2022}
}

@article{wickens2018designing,
  title={Designing for people: an introduction to human factors engineering},
  author={Wickens, CD and Lee, J and Liu, Y and Gordon-Becker, SE},
  journal={CreateSpace, Charleston},
  year={2018}
}

@article{tesauro1995temporal,
  title={Temporal difference learning and TD-Gammon},
  author={Tesauro, Gerald and others},
  journal={Communications of the ACM},
  volume={38},
  number={3},
  pages={58--68},
  year={1995}
}

@article{perolat2022mastering,
  title={Mastering the game of Stratego with model-free multiagent reinforcement learning},
  author={Perolat, Julien and De Vylder, Bart and Hennes, Daniel and Tarassov, Eugene and Strub, Florian and de Boer, Vincent and Muller, Paul and Connor, Jerome T and Burch, Neil and Anthony, Thomas and others},
  journal={Science},
  volume={378},
  number={6623},
  pages={990--996},
  year={2022},
  publisher={American Association for the Advancement of Science}
}

@inproceedings{DBLP:conf/iclr/Bakhtin0LGJFMB23,
  author       = {Anton Bakhtin and
                  David J. Wu and
                  Adam Lerer and
                  Jonathan Gray and
                  Athul Paul Jacob and
                  Gabriele Farina and
                  Alexander H. Miller and
                  Noam Brown},
  title        = {Mastering the Game of No-Press Diplomacy via Human-Regularized Reinforcement
                  Learning and Planning},
  booktitle    = {The Eleventh International Conference on Learning Representations,
                  {ICLR} 2023, Kigali, Rwanda, May 1-5, 2023},
  publisher    = {OpenReview.net},
  year         = {2023},
  url          = {https://openreview.net/forum?id=F61FwJTZhb},
  timestamp    = {Wed, 24 Jul 2024 16:50:34 +0200},
  biburl       = {https://dblp.org/rec/conf/iclr/Bakhtin0LGJFMB23.bib},
  bibsource    = {dblp computer science bibliography, https://dblp.org}
}

@ARTICLE{5392560,
  author={Samuel, A. L.},
  journal={IBM Journal of Research and Development}, 
  title={Some Studies in Machine Learning Using the Game of Checkers}, 
  year={1959},
  volume={3},
  number={3},
  pages={210-229},
  keywords={},
  doi={10.1147/rd.33.0210}}

@article{silver2018general,
  title={A general reinforcement learning algorithm that masters chess, shogi, and Go through self-play},
  author={Silver, David and Hubert, Thomas and Schrittwieser, Julian and Antonoglou, Ioannis and Lai, Matthew and Guez, Arthur and Lanctot, Marc and Sifre, Laurent and Kumaran, Dharshan and Graepel, Thore and others},
  journal={Science},
  volume={362},
  number={6419},
  pages={1140--1144},
  year={2018},
  publisher={American Association for the Advancement of Science}
}

@article{kazemkhani2024gpudrive,
  title={GPUDrive: Data-driven, multi-agent driving simulation at 1 million FPS},
  author={Kazemkhani, Saman and Pandya, Aarav and Cornelisse, Daphne and Shacklett, Brennan and Vinitsky, Eugene},
  journal={arXiv preprint arXiv:2408.01584},
  year={2024}
}

@inproceedings{DBLP:conf/nips/0001JVBRCL20,
  author       = {Michael Dennis and
                  Natasha Jaques and
                  Eugene Vinitsky and
                  Alexandre M. Bayen and
                  Stuart Russell and
                  Andrew Critch and
                  Sergey Levine},
  editor       = {Hugo Larochelle and
                  Marc'Aurelio Ranzato and
                  Raia Hadsell and
                  Maria{-}Florina Balcan and
                  Hsuan{-}Tien Lin},
  title        = {Emergent Complexity and Zero-shot Transfer via Unsupervised Environment
                  Design},
  booktitle    = {Advances in Neural Information Processing Systems 33: Annual Conference
                  on Neural Information Processing Systems 2020, NeurIPS 2020, December
                  6-12, 2020, virtual},
  year         = {2020},
  url          = {https://proceedings.neurips.cc/paper/2020/hash/985e9a46e10005356bbaf194249f6856-Abstract.html},
  timestamp    = {Mon, 05 Feb 2024 20:27:02 +0100},
  biburl       = {https://dblp.org/rec/conf/nips/0001JVBRCL20.bib},
  bibsource    = {dblp computer science bibliography, https://dblp.org}
}

@article{gulino2024waymax,
  title={Waymax: An accelerated, data-driven simulator for large-scale autonomous driving research},
  author={Gulino, Cole and Fu, Justin and Luo, Wenjie and Tucker, George and Bronstein, Eli and Lu, Yiren and Harb, Jean and Pan, Xinlei and Wang, Yan and Chen, Xiangyu and others},
  journal={Advances in Neural Information Processing Systems},
  volume={36},
  year={2024}
}

@inproceedings{ettinger2021large,
  title={Large scale interactive motion forecasting for autonomous driving: The waymo open motion dataset},
  author={Ettinger, Scott and Cheng, Shuyang and Caine, Benjamin and Liu, Chenxi and Zhao, Hang and Pradhan, Sabeek and Chai, Yuning and Sapp, Ben and Qi, Charles R and Zhou, Yin and others},
  booktitle={Proceedings of the IEEE/CVF International Conference on Computer Vision},
  pages={9710--9719},
  year={2021}
}

@inproceedings{caesar2020nuscenes,
  title={nuscenes: A multimodal dataset for autonomous driving},
  author={Caesar, Holger and Bankiti, Varun and Lang, Alex H and Vora, Sourabh and Liong, Venice Erin and Xu, Qiang and Krishnan, Anush and Pan, Yu and Baldan, Giancarlo and Beijbom, Oscar},
  booktitle={Proceedings of the IEEE/CVF conference on computer vision and pattern recognition},
  pages={11621--11631},
  year={2020}
}

@inproceedings{DBLP:conf/icra/NayakantiAZGRS23,
  author       = {Nigamaa Nayakanti and
                  Rami Al{-}Rfou and
                  Aurick Zhou and
                  Kratarth Goel and
                  Khaled S. Refaat and
                  Benjamin Sapp},
  title        = {Wayformer: Motion Forecasting via Simple {\&} Efficient Attention
                  Networks},
  booktitle    = {{IEEE} International Conference on Robotics and Automation, {ICRA}
                  2023, London, UK, May 29 - June 2, 2023},
  pages        = {2980--2987},
  publisher    = {{IEEE}},
  year         = {2023},
  url          = {https://doi.org/10.1109/ICRA48891.2023.10160609},
  doi          = {10.1109/ICRA48891.2023.10160609},
  timestamp    = {Tue, 08 Aug 2023 10:24:29 +0200},
  biburl       = {https://dblp.org/rec/conf/icra/NayakantiAZGRS23.bib},
  bibsource    = {dblp computer science bibliography, https://dblp.org}
}

@article{liu2024curse,
  title={Curse of rarity for autonomous vehicles},
  author={Liu, Henry X and Feng, Shuo},
  journal={nature communications},
  volume={15},
  number={1},
  pages={4808},
  year={2024},
  publisher={Nature Publishing Group UK London}
}

@article{huang2024versatile,
  title={Versatile Scene-Consistent Traffic Scenario Generation as Optimization with Diffusion},
  author={Huang, Zhiyu and Zhang, Zixu and Vaidya, Ameya and Chen, Yuxiao and Lv, Chen and Fisac, Jaime Fern{\'a}ndez},
  journal={arXiv preprint arXiv:2404.02524},
  year={2024}
}

@article{mahjourian2024unigen,
  title={UniGen: Unified Modeling of Initial Agent States and Trajectories for Generating Autonomous Driving Scenarios},
  author={Mahjourian, Reza and Mu, Rongbing and Likhosherstov, Valerii and Mougin, Paul and Huang, Xiukun and Messias, Joao and Whiteson, Shimon},
  journal={arXiv preprint arXiv:2405.03807},
  year={2024}
}