@INPROCEEDINGS{Alexioue17,

	author={Alexiou, Evangelos and Upenik, Evgeniy and Ebrahimi, Touradj},
	booktitle={2017 IEEE 19th International Workshop on Multimedia Signal Processing (MMSP)}, 
	title={Towards subjective quality assessment of point cloud imaging in augmented reality}, 
	year={2017},
	volume={},
	number={},
	pages={1-6}
}

@INPROCEEDINGS{Alexioue18,
	author={Alexiou, Evangelos and Ebrahimi, Touradj},
	booktitle={2018 Picture Coding Symposium (PCS)}, 
	title={Benchmarking of Objective Quality Metrics for Colorless Point Clouds}, 
	year={2018},
	volume={},
	number={},
	pages={51-55},
	doi={10.1109/PCS.2018.8456252}}

@inproceedings{Alexioue18icme,
	title={Point Cloud Quality Assessment Metric Based on Angular Similarity},
	author={Evangelos Alexiou and Touradj Ebrahimi},
	booktitle={2018 IEEE International Conference on Multimedia and Expo (ICME)},
	pages={1-6},
	year={2018}
}

@INPROCEEDINGS{Alexioue18mex,
	author={Alexiou, Evangelos and Ebrahimi, Touradj and Bernardo, Marco V. and Pereira, Manuela and Pinheiro, Antonio and Da Silva Cruz, Luis A. and Duarte, Carlos and Dmitrovic, Lovorka Gotal and Dumic, Emil and Matkovics, Dragan and Skodras, Athanasios},
	booktitle={2018 Tenth International Conference on Quality of Multimedia Experience (QoMEX)}, 
	title={Point Cloud Subjective Evaluation Methodology based on 2D Rendering}, 
	year={2018},
	volume={},
	number={},
	pages={1-6},
	doi={10.1109/QoMEX.2018.8463406}}

@INPROCEEDINGS{Alexioue19mex,
	author={Alexiou, Evangelos and Ebrahimi, Touradj},
	booktitle={2019 Eleventh International Conference on Quality of Multimedia Experience (QoMEX)}, 
	title={Exploiting user interactivity in quality assessment of point cloud imaging}, 
	year={2019},
	volume={},
	number={},
	pages={1-6},
	doi={10.1109/QoMEX.2019.8743277}}

@INPROCEEDINGS{BASICS2024,
  author={Ak, Ali and Zerman, Emin and Quach, Maurice and Chetouani, Aladine and Smolic, Aljosa and Valenzise, Giuseppe and Le Callet, Patrick},
  journal={IEEE Transactions on Multimedia}, 
  title={BASICS: Broad Quality Assessment of Static Point Clouds in a Compression Scenario}, 
  year={2024},
  volume={26},
  number={},
  pages={6730-6742},
  keywords={Point cloud compression;Three-dimensional displays;Measurement;Solid modeling;Rendering (computer graphics);Quality assessment;Octrees;Point cloud quality;3D models;point cloud compression;subjective quality assessment;dataset},
  doi={10.1109/TMM.2024.3355642}}

@ARTICLE{Chai2024,
  author={Chai, Xiongli and Shao, Feng and Mu, Baoyang and Chen, Hangwei and Jiang, Qiuping and Ho, Yo-Sung},
  journal={IEEE Transactions on Circuits and Systems for Video Technology}, 
  title={Plain-PCQA: No-Reference Point Cloud Quality Assessment by Analysis of Plain Visual and Geometrical Components}, 
  year={2024},
  volume={},
  number={},
  pages={1-1},
  keywords={Visualization;Point cloud compression;Feature extraction;Three-dimensional displays;Distortion;Quality assessment;Encoding;No reference point cloud quality assessment;deep neural network;visual and geometrical components;degraded-reference information;plane-point interaction transformer},
  doi={10.1109/TCSVT.2024.3350180}}

@ARTICLE{Dinizr21,
	author={Diniz, Rafael and Freitas, Pedro Garcia and Farias, Mylène C. Q.},
	journal={IEEE Signal Processing Letters}, 
	title={Color and Geometry Texture Descriptors for Point-Cloud Quality Assessment}, 
	year={2021},
	volume={28},
	number={},
	pages={1150-1154},
	doi={10.1109/LSP.2021.3088059}}

@INPROCEEDINGS{Dumice18,
	author={Dumic, Emil and Duarte, Carlos Rafael and da Silva Cruz, Luis A.},
	booktitle={2018 First International Colloquium on Smart Grid Metrology (SmaGriMet)}, 
	title={Subjective evaluation and objective measures for point clouds- State of the art}, 
	year={2018},
	volume={},
	number={},
	pages={1-5},
	doi={10.23919/SMAGRIMET.2018.8369848}}

@article{Fuzq22,
	title = {Twice Mixing: A rank learning based quality assessment approach for underwater image enhancement},
	journal = {Signal Processing: Image Communication},
	volume = {102},
	pages = {116622},
	year = {2022},
	issn = {0923-5965},
	doi = {https://doi.org/10.1016/j.image.2021.116622},
	author = {Zhenqi Fu and Xueyang Fu and Yue Huang and Xinghao Ding}
}

@ARTICLE{Gaof15,
	author={Gao, Fei and Tao, Dacheng and Gao, Xinbo and Li, Xuelong},
	journal={IEEE Transactions on Neural Networks and Learning Systems}, 
	title={Learning to Rank for Blind Image Quality Assessment}, 
	year={2015},
	volume={26},
	number={10},
	pages={2275-2290},
	doi={10.1109/TNNLS.2014.2377181}}

@inproceedings{Guj19, 
        title={No-reference image quality assessment with reinforcement recursive list-wise ranking},
      author={Gu, Jie and Meng, Gaofeng and Da, Cheng and Xiang, Shiming and Pan, Chunhong},
      booktitle={Proceedings of the AAAI Conference on Artificial Intelligence},
      volume={33},
      number={01},
      pages={8336--8343},
      year={2019}
}

@article{Guojf20,
	title = {A Deep Look into neural ranking models for information retrieval},
	journal = {Information Processing \& Management},
	volume = {57},
	number = {6},
	pages = {102067},
	year = {2020},
	doi = {https://doi.org/10.1016/j.ipm.2019.102067},
	author = {Jiafeng Guo and Yixing Fan and Liang Pang and Liu Yang and Qingyao Ai and Hamed Zamani and Chen Wu and W. Bruce Croft and Xueqi Cheng}
}

@INPROCEEDINGS{Hezy21,
	author={He, Zhouyan and Jiang, Gangyi and Jiang, Zhidi and Yu, Mei},
	booktitle={2021 IEEE International Conference on Image Processing (ICIP)}, 
	title={Towards A Colored Point Cloud Quality Assessment Method Using Colored Texture And Curvature Projection}, 
	year={2021},
	volume={},
	number={},
	pages={1444-1448},
	doi={10.1109/ICIP42928.2021.9506762}}

@ARTICLE{Hual21,
	author={Lei Hua and Mei Yu and Zhouyan He and Renwei Tu and Gangyi Jiang},
	journal={IET Image Processing}, 
	title={CPC-GSCT: Visual quality assessment for coloured point cloud based on geometric segmentation and colour transformation}, 
	year={2021},
	volume={},
	number={},
	pages={1-13},
	doi={DOI: 10.1049/ipr2.12211}}

@INPROCEEDINGS{Hual21cvp,
	author={Hua, Lei and Jiang, Gangyi and Yu, Mei and He, Zhouyan},
	booktitle={2021 IEEE International Symposium on Broadband Multimedia Systems and Broadcasting (BMSB)}, 
	title={BQE-CVP: Blind Quality Evaluator for Colored Point Cloud Based on Visual Perception}, 
	year={2021},
	volume={},
	number={},
	pages={1-6},
	doi={10.1109/BMSB53066.2021.9547070}}

@ARTICLE{Hub19,
	author={Hu, Bo and Li, Leida and Liu, Hantao and Lin, Weisi and Qian, Jiansheng},
	journal={IEEE Transactions on Multimedia}, 
	title={Pairwise-Comparison-Based Rank Learning for Benchmarking Image Restoration Algorithms}, 
	year={2019},
	volume={21},
	number={8},
	pages={2042-2056},
	doi={10.1109/TMM.2019.2894958}}

@INPROCEEDINGS{Javaheria17a,
	author={Alireza Javaheri and Catarina Brites and Fernando Pereira and Jo\~{a}o Ascenso},
	booktitle={2017 IEEE International Conference on Multimedia and Expo Workshops (ICMEW)}, 
	title={Subjective and objective quality evaluation of 3D point cloud denoising algorithms}, 
	year={2017},
	pages={1-6}
}

@article{Javaheria20a,
	title={Mahalanobis based point to distribution metric for point cloud geometry quality evaluation},
	author={Alireza Javaheri and Catarina Brites and Fernando Pereira and Jo{\~a}o Ascenso},
	journal={IEEE Signal Processing Letters},
	volume={27},
	pages={1350-1354},
	year={2020},
}

@article{Lavoueg10,
	title={A Comparison of Perceptually-Based Metrics for Objective Evaluation of Geometry Processing},
	author={Guillaume Lavou{\'e} and Massimiliano Corsini},
	journal={IEEE Transactions on Multimedia}, 
	year={2010},
	volume={12},
	pages={636-649}
}

@book{Liuty11,
	title={Learning to rank for information retrieval},
      author={Liu, Tie-Yan and others},
      journal={Foundations and Trends{\textregistered} in Information Retrieval},
      volume={3},
      number={3},
      pages={225--331},
      year={2009},
      publisher={Now Publishers, Inc.}
}

@inproceedings{Liuxl17,
	title={RankIQA: Learning from rankings for no-reference image quality assessment}, 
	author={Liu, Xialei and Van De Weijer, Joost and Bagdanov, Andrew D},
	booktitle={Proceedings of the IEEE International Conference on Computer Vision (ICCV)},
	pages={1040-1049},
	year={2017}
}

@article{Liuyp22,
        author = {Liu, Yipeng and Yang, Qi and Xu, Yiling and Yang, Le},
        year = {2023},
        number={2s},
        pages = {26-26},
        title = {Point Cloud Quality Assessment: Dataset Construction and Learning-based No-Reference Metric},
        volume = {19},
        journal = {ACM Transactions on Multimedia Computing, Communications, and Applications},
        doi = {10.1145/3550274}
        }

@ARTICLE{Mal16,
	author={Ma, Lin and Xu, Long and Zhang, Yichi and Yan, Yihua and Ngan, King Ngi},
	journal={IEEE Transactions on Multimedia}, 
	title={No-Reference Retargeted Image Quality Assessment Based on Pairwise Rank Learning}, 
	year={2016},
	volume={18},
	number={11},
	pages={2228-2237},
	doi={10.1109/TMM.2016.2614187}}

@article{Mengxd21,
	title = {Siamese CNN-based rank learning for quality assessment of inpainted images},
	journal = {Journal of Visual Communication and Image Representation},
	volume = {78},
	pages = {103176},
	year = {2021},
	doi = {https://doi.org/10.1016/j.jvcir.2021.103176},
	author = {Xiangdong Meng and Wei Ma and Chunhu Li and Qing Mi}
}

@INPROCEEDINGS{Meynetg20,
	author={Meynet, Gabriel and Nehmé, Yana and Digne, Julie and Lavoué, Guillaume},
	booktitle={2020 Twelfth International Conference on Quality of Multimedia Experience (QoMEX)}, 
	title={PCQM: A Full-Reference Quality Metric for Colored 3D Point Clouds}, 
	year={2020},
	volume={},
	number={},
	pages={1-6},
	doi={10.1109/QoMEX48832.2020.9123147}}

@ARTICLE{Shanzy23,
  author={Shan, Ziyu and Yang, Qi and Ye, Rui and Zhang, Yujie and Xu, Yiling and Xu, Xiaozhong and Liu, Shan},
  journal={IEEE Transactions on Visualization and Computer Graphics}, 
  title={GPA-Net:No-Reference Point Cloud Quality Assessment with Multi-task Graph Convolutional Network}, 
  year={2023},
  volume={},
  number={},
  doi={10.1109/TVCG.2023.3282802}}

@inproceedings{Taowx21, 
	author = {Tao, Wen-xu and Jiang, Gang-yi and Jiang, Zhi-di and Yu, Mei}, 
	title = {Point Cloud Projection and Multi-Scale Feature Fusion Network Based Blind Quality Assessment for Colored Point Clouds}, 
	year = {2021}, 
	booktitle = {Proceedings of the 29th ACM International Conference on Multimedia},
	pages = {5266-5272}, 
	numpages = {7} }

@inproceedings{Tiand17,
	title={Geometric distortion metrics for point cloud compression},
	author={Dong Tian and Hideaki Ochimizu and Chen Feng and Robert Cohen and Anthony Vetro},
	booktitle={2017 IEEE International Conference on Image Processing (ICIP)},
	pages={3460-3464},
	year={2017}
}

@INPROCEEDINGS{Violai20,
	author={Viola, Irene and Subramanyam, Shishir and Cesar, Pablo},
	booktitle={2020 Twelfth International Conference on Quality of Multimedia Experience (QoMEX)}, 
	title={A Color-Based Objective Quality Metric for Point Cloud Contents}, 
	year={2020},
	volume={},
	number={},
	pages={1-6},
	doi={10.1109/QoMEX48832.2020.9123089}}

@ARTICLE{Wangxj22,
	author={Wang, Xuejin and Shao, Feng and Jiang, Qiuping and Chai, Xiongli and Meng, Xiangchao and Ho, Yo-Sung},
	journal={IEEE Transactions on Multimedia}, 
	title={List-Wise Rank Learning for Stereoscopic Image Retargeting Quality Assessment}, 
	year={2022},
	volume={24},
	number={},
	pages={1595-1608},
	doi={10.1109/TMM.2021.3068814}}

@ARTICLE{Wujj20,  
	author={Wu, Jinjian and Ma, Jupo and Liang, Fuhu and Dong, Weisheng and Shi, Guangming and Lin, Weisi},  
	journal={IEEE Transactions on Image Processing},   
	title={End-to-End Blind Image Quality Prediction With Cascaded Deep Neural Network},   
	year={2020},  
	volume={29},  
	number={},  
	pages={7414-7426},  
	doi={10.1109/TIP.2020.3002478}}

@InProceedings{Yang_2022_CVPR,
   author    = {Yang, Qi and Liu, Yipeng and Chen, Siheng and Xu, Yiling and Sun, Jun},
   title     = {No-Reference Point Cloud Quality Assessment via Domain Adaptation},
   booktitle = {Proceedings of the IEEE/CVF Conference on Computer Vision and Pattern Recognition (CVPR)},
   month     = {June},
   year      = {2022},
   pages     = {21179-21188}
}

@ARTICLE{Yangq21,
	author={Yang, Qi and Chen, Hao and Ma, Zhan and Xu, Yiling and Tang, Rongjun and Sun, Jun},
	journal={IEEE Transactions on Multimedia}, 
	title={Predicting the Perceptual Quality of Point Cloud: A 3D-to-2D Projection-Based Exploration}, 
	year={2021},
	volume={23},
	number={},
	pages={3877-3891},
	doi={10.1109/TMM.2020.3033117}}

@ARTICLE{Yangq22,
	author={Yang, Qi and Ma, Zhan and Xu, Yiling and Li, Zhu and Sun, Jun},
	journal={IEEE Transactions on Pattern Analysis and Machine Intelligence}, 
	title={Inferring Point Cloud Quality via Graph Similarity}, 
	year={2022},
	volume={44},
	number={6},
	pages={3015-3029},
	doi={10.1109/TPAMI.2020.3047083}}

@article{Zengj20,
	title={3D Point Cloud Denoising Using Graph Laplacian Regularization of a Low Dimensional Manifold Model},
	author={Zeng Jin and Cheung Gene and Ng Michael and Pang Jiahao and Yang Cheng},
	journal={IEEE Transactions on Image Processing},
	volume={29},
	pages={3474-3489},
	year={2020},
}

@article{Zhangdb21,
	title={Pointfilter: Point Cloud Filtering via Encoder-Decoder Modeling}, 
	author={Dongbo Zhang and Xuequan Lu and Hong Qin and Ying He},
	journal={IEEE Transactions on Visualization and Computer Graphics},
	year={2021},
	volume={27},
	number={3},
	pages={2015-2027},
}

@ARTICLE{Zhangzc22,  
	author={Zhang, Zicheng and Sun, Wei and Min, Xiongkuo and Wang, Tao and Lu, Wei and Zhai, Guangtao},  
	journal={IEEE Transactions on Circuits and Systems for Video Technology},   
	title={No-Reference Quality Assessment for 3D Colored Point Cloud and Mesh Models},   
	year={2022},
    volume={32},
    number={11},
    pages={7618-7631}, 
	doi={10.1109/TCSVT.2022.3186894}}

@ARTICLE{liuq21tcsvt, 
	author={Liu, Qi and Yuan, Hui and Su, Honglei and Liu, Hao and Wang, Yu and Yang, Huan and Hou, Junhui},  
	journal={IEEE Transactions on Circuits and Systems for Video Technology},   
	title={PQA-Net: Deep No Reference Point Cloud Quality Assessment via Multi-View Projection},   
	year={2021},  
	volume={31},  
	number={12},  
	pages={4645-4660},  
	doi={10.1109/TCSVT.2021.3100282}}

@ARTICLE{liuq22,
	author={Liu, Qi and Su, Honglei and Duanmu, Zhengfang and Liu, Wentao and Wang, Zhou},
	journal={IEEE Transactions on Visualization and Computer Graphics}, 
	title={Perceptual Quality Assessment of Colored 3D Point Clouds}, 
	year={2023},
    volume={29},
    number={8},
    pages={3642-3655},
	doi={10.1109/TVCG.2022.3167151}}

@ARTICLE{oufz21,
	author={Ou, Fu-Zhao and Wang, Yuan-Gen and Li, Jin and Zhu, Guopu and Kwong, Sam},
	journal={IEEE Transactions on Multimedia}, 
	title={A Novel Rank Learning Based No-Reference Image Quality Assessment Method}, 
	year={2022},
    volume={24},
    number={},
    pages={4197-4211},
	doi={10.1109/TMM.2021.3114551}}

@article{wang2024zoom, 
  title={Zoom to Perceive Better: No-reference Point Cloud Quality Assessment via Exploring Effective Multiscale Feature},
  author={Wang, Jilong and Gao, Wei and Li, Ge},
  journal={IEEE Transactions on Circuits and Systems for Video Technology},
  year={2024},
  publisher={IEEE}
}

@ARTICLE{wuxj21,
	author={Wu, Xinju and Zhang, Yun and Fan, Chunling and Hou, Junhui and Kwong, Sam},
	journal={IEEE Transactions on Circuits and Systems for Video Technology}, 
	title={Subjective Quality Database and Objective Study of Compressed Point Clouds With 6DoF Head-Mounted Display}, 
	year={2021},
	volume={31},
	number={12},
	pages={4630-4644},
	doi={10.1109/TCSVT.2021.3101484}}

