
%----------------------------------
%review

@article{oliva2001modeling,
  title={Modeling the shape of the scene: A holistic representation of the spatial envelope},
  author={Oliva, Aude and Torralba, Antonio},
  journal={International journal of computer vision},
  volume={42},
  pages={145--175},
  year={2001},
  publisher={Springer}
}

@article{diniz2022point,
  title={Point cloud quality assessment based on geometry-aware texture descriptors},
  author={Diniz, Rafael and Freitas, Pedro Garcia and Farias, Mylene CQ},
  journal={Computers \& Graphics},
  volume={103},
  pages={31--44},
  year={2022},
  publisher={Elsevier}
}

@article{wang2024zoom, 
  title={Zoom to Perceive Better: No-reference Point Cloud Quality Assessment via Exploring Effective Multiscale Feature},
  author={Wang, Jilong and Gao, Wei and Li, Ge},
  journal={IEEE Transactions on Circuits and Systems for Video Technology},
  year={2024},
  publisher={IEEE}
}


@ARTICLE{Chai2024,
  author={Chai, Xiongli and Shao, Feng and Mu, Baoyang and Chen, Hangwei and Jiang, Qiuping and Ho, Yo-Sung},
  journal={IEEE Transactions on Circuits and Systems for Video Technology}, 
  title={Plain-PCQA: No-Reference Point Cloud Quality Assessment by Analysis of Plain Visual and Geometrical Components}, 
  year={2024},
  volume={},
  number={},
  pages={1-1},
  keywords={Visualization;Point cloud compression;Feature extraction;Three-dimensional displays;Distortion;Quality assessment;Encoding;No reference point cloud quality assessment;deep neural network;visual and geometrical components;degraded-reference information;plane-point interaction transformer},
  doi={10.1109/TCSVT.2024.3350180}}

@INPROCEEDINGS{BASICS2024,
  author={Ak, Ali and Zerman, Emin and Quach, Maurice and Chetouani, Aladine and Smolic, Aljosa and Valenzise, Giuseppe and Le Callet, Patrick},
  journal={IEEE Transactions on Multimedia}, 
  title={BASICS: Broad Quality Assessment of Static Point Clouds in a Compression Scenario}, 
  year={2024},
  volume={26},
  number={},
  pages={6730-6742},
  keywords={Point cloud compression;Three-dimensional displays;Measurement;Solid modeling;Rendering (computer graphics);Quality assessment;Octrees;Point cloud quality;3D models;point cloud compression;subjective quality assessment;dataset},
  doi={10.1109/TMM.2024.3355642}}

@INPROCEEDINGS{Alexioue18,
	author={Alexiou, Evangelos and Ebrahimi, Touradj},
	booktitle={2018 Picture Coding Symposium (PCS)}, 
	title={Benchmarking of Objective Quality Metrics for Colorless Point Clouds}, 
	year={2018},
	volume={},
	number={},
	pages={51-55},
	doi={10.1109/PCS.2018.8456252}}

@INPROCEEDINGS{Dumice18,
	author={Dumic, Emil and Duarte, Carlos Rafael and da Silva Cruz, Luis A.},
	booktitle={2018 First International Colloquium on Smart Grid Metrology (SmaGriMet)}, 
	title={Subjective evaluation and objective measures for point clouds- State of the art}, 
	year={2018},
	volume={},
	number={},
	pages={1-5},
	doi={10.23919/SMAGRIMET.2018.8369848}}

@INPROCEEDINGS{Fretesh19,
	author={Fretes, Hector and Gomez-Redondo, Marcos and Paiva, Enrique and Rodas, Jorge and Gregor, Raul},
	booktitle={2019 Workshop on Research, Education and Development of Unmanned Aerial Systems (RED UAS)}, 
	title={A Review of Existing Evaluation Methods for Point Clouds Quality}, 
	year={2019},
	volume={},
	number={},
	pages={247-252},
	doi={10.1109/REDUAS47371.2019.8999725}}

@inproceedings{Nehmey19, 
    title={Comparison of subjective methods, with and without explicit reference, for quality assessment of 3D graphics},
      author={Nehm{\'e}, Yana and Farrugia, Jean-Philippe and Dupont, Florent and LeCallet, Patrick and Lavou{\'e}, Guillaume},
      booktitle={ACM Symposium on Applied Perception 2019},
      pages={1--9},
      year={2019}
}

@ARTICLE{niuyz19,
	author={Niu, Yuzhen and Zhong, Yini and Guo, Wenzhong and Shi, Yiqing and Chen, Peikun},
	journal={IEEE Access}, 
	title={2D and 3D Image Quality Assessment: A Survey of Metrics and Challenges}, 
	year={2019},
	volume={7},
	number={},
	pages={782-801},
	doi={10.1109/ACCESS.2018.2885818}}

@article{Guojf20,
	title = {A Deep Look into neural ranking models for information retrieval},
	journal = {Information Processing \& Management},
	volume = {57},
	number = {6},
	pages = {102067},
	year = {2020},
	doi = {https://doi.org/10.1016/j.ipm.2019.102067},
	author = {Jiafeng Guo and Yixing Fan and Liang Pang and Liu Yang and Qingyao Ai and Hamed Zamani and Chen Wu and W. Bruce Croft and Xueqi Cheng}
}

@article{Hub20,
	title = {Subjective and objective quality assessment for image restoration: A critical survey},
	journal = {Signal Processing: Image Communication},
	volume = {85},
	pages = {115839},
	year = {2020},
	doi = {https://doi.org/10.1016/j.image.2020.115839},
	author = {Bo Hu and Leida Li and Jinjian Wu and Jiansheng Qian}
}

@ARTICLE{Zhangxf21,
	author={Zhang, Xinfeng and Lin, Weisi and Huang, Qingming},
	journal={IEEE Transactions on Circuits and Systems for Video Technology}, 
	title={Fine-Grained Image Quality Assessment: A Revisit and Further Thinking}, 
	year={2021},
	volume={},
	number={},
	pages={1-1},
	doi={10.1109/TCSVT.2021.3096528}}

@ARTICLE{dingky21,
	author={Keyan Ding and Kede Ma and Shiqi Wang and Eero P. Simoncelli},
	journal={International Journal of Computer Vision}, 
	title={Comparison of Full-Reference Image Quality Models for Optimization of Image Processing Systems}, 
	year={2021},
	volume={129},
	number={},
	pages={1258-1281},
	doi={10.1007/s11263-020-01419-7}}

@article{Lin22,
	year = {2022},
	volume = {11},
	journal = {APSIPA Transactions on Signal and Information Processing},
	title = {Visual Saliency and Quality Evaluation for 3D Point Clouds and Meshes: An Overview},
	issn = {},
	number = {1},
    pages={e28},
	author = {Weisi Lin and Sanghoon Lee}
}

%----------------------------------
%projection-based methods


@ARTICLE{Yangq21,
	author={Yang, Qi and Chen, Hao and Ma, Zhan and Xu, Yiling and Tang, Rongjun and Sun, Jun},
	journal={IEEE Transactions on Multimedia}, 
	title={Predicting the Perceptual Quality of Point Cloud: A 3D-to-2D Projection-Based Exploration}, 
	year={2021},
	volume={23},
	number={},
	pages={3877-3891},
	doi={10.1109/TMM.2020.3033117}}

@ARTICLE{liuq21tcsvt, 
	author={Liu, Qi and Yuan, Hui and Su, Honglei and Liu, Hao and Wang, Yu and Yang, Huan and Hou, Junhui},  
	journal={IEEE Transactions on Circuits and Systems for Video Technology},   
	title={PQA-Net: Deep No Reference Point Cloud Quality Assessment via Multi-View Projection},   
	year={2021},  
	volume={31},  
	number={12},  
	pages={4645-4660},  
	doi={10.1109/TCSVT.2021.3100282}}


@ARTICLE{liuq21tip,
	author={Liu, Qi and Yuan, Hui and Hamzaoui, Raouf and Su, Honglei and Hou, Junhui and Yang, Huan},
	journal={IEEE Transactions on Image Processing}, 
	title={Reduced Reference Perceptual Quality Model With Application to Rate Control for Video-Based Point Cloud Compression}, 
	year={2021},
	volume={30},
	number={},
	pages={6623-6636},
	doi={10.1109/TIP.2021.3096060}}

@ARTICLE{Zhangzc22,  
	author={Zhang, Zicheng and Sun, Wei and Min, Xiongkuo and Wang, Tao and Lu, Wei and Zhai, Guangtao},  
	journal={IEEE Transactions on Circuits and Systems for Video Technology},   
	title={No-Reference Quality Assessment for 3D Colored Point Cloud and Mesh Models},   
	year={2022},
    volume={32},
    number={11},
    pages={7618-7631}, 
	doi={10.1109/TCSVT.2022.3186894}}


%----------------------------------
%point-based methods


@INPROCEEDINGS{Meynetg20,
	author={Meynet, Gabriel and Nehmé, Yana and Digne, Julie and Lavoué, Guillaume},
	booktitle={2020 Twelfth International Conference on Quality of Multimedia Experience (QoMEX)}, 
	title={PCQM: A Full-Reference Quality Metric for Colored 3D Point Clouds}, 
	year={2020},
	volume={},
	number={},
	pages={1-6},
	doi={10.1109/QoMEX48832.2020.9123147}}

@ARTICLE{Dinizr21,
	author={Diniz, Rafael and Freitas, Pedro Garcia and Farias, Mylène C. Q.},
	journal={IEEE Signal Processing Letters}, 
	title={Color and Geometry Texture Descriptors for Point-Cloud Quality Assessment}, 
	year={2021},
	volume={28},
	number={},
	pages={1150-1154},
	doi={10.1109/LSP.2021.3088059}}

@ARTICLE{Javaheri21,
	author={Javaheri, Alireza and Brites, Catarina and Pereira, Fernando and Ascenso, João},
	journal={IEEE Transactions on Multimedia}, 
	title={Point Cloud Rendering After Coding: Impacts on Subjective and Objective Quality}, 
	year={2021},
	volume={23},
	number={},
	pages={4049-4064},
	doi={10.1109/TMM.2020.3037481}}

@ARTICLE{wuxj21,
	author={Wu, Xinju and Zhang, Yun and Fan, Chunling and Hou, Junhui and Kwong, Sam},
	journal={IEEE Transactions on Circuits and Systems for Video Technology}, 
	title={Subjective Quality Database and Objective Study of Compressed Point Clouds With 6DoF Head-Mounted Display}, 
	year={2021},
	volume={31},
	number={12},
	pages={4630-4644},
	doi={10.1109/TCSVT.2021.3101484}}

@ARTICLE{Hual21,
	author={Lei Hua and Mei Yu and Zhouyan He and Renwei Tu and Gangyi Jiang},
	journal={IET Image Processing}, 
	title={CPC-GSCT: Visual quality assessment for coloured point cloud based on geometric segmentation and colour transformation}, 
	year={2021},
	volume={},
	number={},
	pages={1-13},
	doi={DOI: 10.1049/ipr2.12211}}

@ARTICLE{liuq22,
	author={Liu, Qi and Su, Honglei and Duanmu, Zhengfang and Liu, Wentao and Wang, Zhou},
	journal={IEEE Transactions on Visualization and Computer Graphics}, 
	title={Perceptual Quality Assessment of Colored 3D Point Clouds}, 
	year={2023},
    volume={29},
    number={8},
    pages={3642-3655},
	doi={10.1109/TVCG.2022.3167151}}

@ARTICLE{Freitasxg22,
	author={XPedro Garcia Freitas and Rafael Diniz and Mylene C. Q. Farias },
	journal={The Visual Computer}, 
	title={Point cloud quality assessment: unifying projection, geometry, and texture similarity}, 
	year={2022},
	volume={},
	number={},
	pages={1-1},
	doi={10.1007/s00371-022-02454-w}}

@ARTICLE{Yangq22,
	author={Yang, Qi and Ma, Zhan and Xu, Yiling and Li, Zhu and Sun, Jun},
	journal={IEEE Transactions on Pattern Analysis and Machine Intelligence}, 
	title={Inferring Point Cloud Quality via Graph Similarity}, 
	year={2022},
	volume={44},
	number={6},
	pages={3015-3029},
	doi={10.1109/TPAMI.2020.3047083}}

@article{Liuyp22,
        author = {Liu, Yipeng and Yang, Qi and Xu, Yiling and Yang, Le},
        year = {2023},
        number={2s},
        pages = {26-26},
        title = {Point Cloud Quality Assessment: Dataset Construction and Learning-based No-Reference Metric},
        volume = {19},
        journal = {ACM Transactions on Multimedia Computing, Communications, and Applications},
        doi = {10.1145/3550274}
        }
%----------------------------------
%learning to rank methods
%Rank learning based NR-IQA

@inproceedings{Xiaf08,
	author = {Xia, Fen and Liu, Tie-Yan and Wang, Jue and Zhang, Wensheng and Li, Hang},
	title = {Listwise Approach to Learning to Rank: Theory and Algorithm},
	year = {2008},
	doi = {10.1145/1390156.1390306},
	booktitle = {Proceedings of the 25th International Conference on Machine Learning},
	pages = {1192-1199},
	numpages = {8}
}

@book{Liuty11,
	title={Learning to rank for information retrieval},
      author={Liu, Tie-Yan and others},
      journal={Foundations and Trends{\textregistered} in Information Retrieval},
      volume={3},
      number={3},
      pages={225--331},
      year={2009},
      publisher={Now Publishers, Inc.}
}

@inproceedings{Burgesc05,
	title={Learning to rank using gradient descent},
	author={ Burges, Chris  and  Shaked, Tal  and  Renshaw, Erin  and  Lazier, Ari  and  Deeds, Matt  and  Hamilton, Nicole  and  Hullender, Greg },
	booktitle={International Conference on Machine Learning},
	pages={89-96},
	year={2005}
}

@article{Wangz04,
	title={Image quality assessment: From error visibility to structural similarity},
	author={Wang, Zhou and Bovik, Alan C and Sheikh, Hamid R and Simoncelli, Eero P},
	journal={IEEE Transactions on Image Processing},
	volume={13},
	number={4},
	pages={600-612},
	year={2004}
}

@ARTICLE{Gaof15,
	author={Gao, Fei and Tao, Dacheng and Gao, Xinbo and Li, Xuelong},
	journal={IEEE Transactions on Neural Networks and Learning Systems}, 
	title={Learning to Rank for Blind Image Quality Assessment}, 
	year={2015},
	volume={26},
	number={10},
	pages={2275-2290},
	doi={10.1109/TNNLS.2014.2377181}}

@ARTICLE{Mal16,
	author={Ma, Lin and Xu, Long and Zhang, Yichi and Yan, Yihua and Ngan, King Ngi},
	journal={IEEE Transactions on Multimedia}, 
	title={No-Reference Retargeted Image Quality Assessment Based on Pairwise Rank Learning}, 
	year={2016},
	volume={18},
	number={11},
	pages={2228-2237},
	doi={10.1109/TMM.2016.2614187}}

@ARTICLE{mkd17,
	author={Ma, Kede and Liu, Wentao and Liu, Tongliang and Wang, Zhou and Tao, Dacheng},
	journal={IEEE Transactions on Image Processing}, 
	title={dipIQ: Blind Image Quality Assessment by Learning-to-Rank Discriminable Image Pairs}, 
	year={2017},
	volume={26},
	number={8},
	pages={3951-3964},
	doi={10.1109/TIP.2017.2708503}}

@inproceedings{Liuxl17,
	title={RankIQA: Learning from rankings for no-reference image quality assessment}, 
	author={Liu, Xialei and Van De Weijer, Joost and Bagdanov, Andrew D},
	booktitle={Proceedings of the IEEE International Conference on Computer Vision (ICCV)},
	pages={1040-1049},
	year={2017}
}

@ARTICLE{Hub19,
	author={Hu, Bo and Li, Leida and Liu, Hantao and Lin, Weisi and Qian, Jiansheng},
	journal={IEEE Transactions on Multimedia}, 
	title={Pairwise-Comparison-Based Rank Learning for Benchmarking Image Restoration Algorithms}, 
	year={2019},
	volume={21},
	number={8},
	pages={2042-2056},
	doi={10.1109/TMM.2019.2894958}}

@inproceedings{Guj19, 
        title={No-reference image quality assessment with reinforcement recursive list-wise ranking},
      author={Gu, Jie and Meng, Gaofeng and Da, Cheng and Xiang, Shiming and Pan, Chunhong},
      booktitle={Proceedings of the AAAI Conference on Artificial Intelligence},
      volume={33},
      number={01},
      pages={8336--8343},
      year={2019}
}


@ARTICLE{liuyj20,
	author={Liu, Yong-Jin and Han, Yiheng and Ye, Zipeng and Lai, Yu-Kun},
	journal={IEEE Transactions on Pattern Analysis and Machine Intelligence}, 
	title={Ranking-Preserving Cross-Source Learning for Image Retargeting Quality Assessment}, 
	year={2020},
	volume={42},
	number={7},
	pages={1798-1805},
	doi={10.1109/TPAMI.2019.2923998}}

@ARTICLE{oufz21,
	author={Ou, Fu-Zhao and Wang, Yuan-Gen and Li, Jin and Zhu, Guopu and Kwong, Sam},
	journal={IEEE Transactions on Multimedia}, 
	title={A Novel Rank Learning Based No-Reference Image Quality Assessment Method}, 
	year={2022},
    volume={24},
    number={},
    pages={4197-4211},
	doi={10.1109/TMM.2021.3114551}}

@article{Mengxd21,
	title = {Siamese CNN-based rank learning for quality assessment of inpainted images},
	journal = {Journal of Visual Communication and Image Representation},
	volume = {78},
	pages = {103176},
	year = {2021},
	doi = {https://doi.org/10.1016/j.jvcir.2021.103176},
	author = {Xiangdong Meng and Wei Ma and Chunhu Li and Qing Mi}
}

@ARTICLE{Wangxj22,
	author={Wang, Xuejin and Shao, Feng and Jiang, Qiuping and Chai, Xiongli and Meng, Xiangchao and Ho, Yo-Sung},
	journal={IEEE Transactions on Multimedia}, 
	title={List-Wise Rank Learning for Stereoscopic Image Retargeting Quality Assessment}, 
	year={2022},
	volume={24},
	number={},
	pages={1595-1608},
	doi={10.1109/TMM.2021.3068814}}

@article{Fuzq22,
	title = {Twice Mixing: A rank learning based quality assessment approach for underwater image enhancement},
	journal = {Signal Processing: Image Communication},
	volume = {102},
	pages = {116622},
	year = {2022},
	issn = {0923-5965},
	doi = {https://doi.org/10.1016/j.image.2021.116622},
	author = {Zhenqi Fu and Xueyang Fu and Yue Huang and Xinghao Ding}
}
%------------------------------
%Misc

@article{Siahaane18,
	title = {Semantic-aware blind image quality assessment},
	journal = {Signal Processing: Image Communication},
	volume = {60},
	pages = {237-252},
	year = {2018},
	issn = {0923-5965},
	doi = {https://doi.org/10.1016/j.image.2017.10.009},
	author = {Ernestasia Siahaan and Alan Hanjalic and Judith A. Redi}
}

@inproceedings{qi2017pointnet++,
	title     = {PointNet++: Deep hierarchical feature learning on point sets in a metric space},
	booktitle = {Proceedings of the 31th International Conference on Neural Information Processing Systems},
	author={Qi, Charles Ruizhongtai and Yi, Li and Su, Hao and Guibas, Leonidas J},
	pages={5099-5108},
	year={2017}
}
@inproceedings{qi2017pointnet,
	title={PointNet: Deep learning on point sets for 3d classification and segmentation},
	author={Qi, Charles R and Su, Hao and Mo, Kaichun and Guibas, Leonidas J},
	booktitle={Proceedings of the {IEEE} Conference on Computer Vision and Pattern Recognition (CVPR)},
	pages={652-660},
	year={2017}
}

%------------------------------
%related works

@article{Lavoueg10,
	title={A Comparison of Perceptually-Based Metrics for Objective Evaluation of Geometry Processing},
	author={Guillaume Lavou{\'e} and Massimiliano Corsini},
	journal={IEEE Transactions on Multimedia}, 
	year={2010},
	volume={12},
	pages={636-649}
}

@INPROCEEDINGS{Javaheria17a,
	author={Alireza Javaheri and Catarina Brites and Fernando Pereira and Jo\~{a}o Ascenso},
	booktitle={2017 IEEE International Conference on Multimedia and Expo Workshops (ICMEW)}, 
	title={Subjective and objective quality evaluation of 3D point cloud denoising algorithms}, 
	year={2017},
	pages={1-6}
}

@article{Zengj20,
	title={3D Point Cloud Denoising Using Graph Laplacian Regularization of a Low Dimensional Manifold Model},
	author={Zeng Jin and Cheung Gene and Ng Michael and Pang Jiahao and Yang Cheng},
	journal={IEEE Transactions on Image Processing},
	volume={29},
	pages={3474-3489},
	year={2020},
}

@inproceedings{Tiand17,
	title={Geometric distortion metrics for point cloud compression},
	author={Dong Tian and Hideaki Ochimizu and Chen Feng and Robert Cohen and Anthony Vetro},
	booktitle={2017 IEEE International Conference on Image Processing (ICIP)},
	pages={3460-3464},
	year={2017}
}

@article{Zhangdb21,
	title={Pointfilter: Point Cloud Filtering via Encoder-Decoder Modeling}, 
	author={Dongbo Zhang and Xuequan Lu and Hong Qin and Ying He},
	journal={IEEE Transactions on Visualization and Computer Graphics},
	year={2021},
	volume={27},
	number={3},
	pages={2015-2027},
}

@inproceedings{Alexioue18icme,
	title={Point Cloud Quality Assessment Metric Based on Angular Similarity},
	author={Evangelos Alexiou and Touradj Ebrahimi},
	booktitle={2018 IEEE International Conference on Multimedia and Expo (ICME)},
	pages={1-6},
	year={2018}
}

@article{Javaheria20a,
	title={Mahalanobis based point to distribution metric for point cloud geometry quality evaluation},
	author={Alireza Javaheri and Catarina Brites and Fernando Pereira and Jo{\~a}o Ascenso},
	journal={IEEE Signal Processing Letters},
	volume={27},
	pages={1350-1354},
	year={2020},
}

@INPROCEEDINGS{Violai20,
	author={Viola, Irene and Subramanyam, Shishir and Cesar, Pablo},
	booktitle={2020 Twelfth International Conference on Quality of Multimedia Experience (QoMEX)}, 
	title={A Color-Based Objective Quality Metric for Point Cloud Contents}, 
	year={2020},
	volume={},
	number={},
	pages={1-6},
	doi={10.1109/QoMEX48832.2020.9123089}}

@INPROCEEDINGS{Alexioue20,
	author={Alexiou, Evangelos and Ebrahimi, Touradj},
	booktitle={2020 IEEE International Conference on Multimedia   Expo Workshops (ICMEW)}, 
	title={Towards a Point Cloud Structural Similarity Metric}, 
	year={2020},
	volume={},
	number={},
	pages={1-6},
	doi={10.1109/ICMEW46912.2020.9106005}}

@INPROCEEDINGS{Hual21cvp,
	author={Hua, Lei and Jiang, Gangyi and Yu, Mei and He, Zhouyan},
	booktitle={2021 IEEE International Symposium on Broadband Multimedia Systems and Broadcasting (BMSB)}, 
	title={BQE-CVP: Blind Quality Evaluator for Colored Point Cloud Based on Visual Perception}, 
	year={2021},
	volume={},
	number={},
	pages={1-6},
	doi={10.1109/BMSB53066.2021.9547070}}

@INPROCEEDINGS{Alexioue18mex,
	author={Alexiou, Evangelos and Ebrahimi, Touradj and Bernardo, Marco V. and Pereira, Manuela and Pinheiro, Antonio and Da Silva Cruz, Luis A. and Duarte, Carlos and Dmitrovic, Lovorka Gotal and Dumic, Emil and Matkovics, Dragan and Skodras, Athanasios},
	booktitle={2018 Tenth International Conference on Quality of Multimedia Experience (QoMEX)}, 
	title={Point Cloud Subjective Evaluation Methodology based on 2D Rendering}, 
	year={2018},
	volume={},
	number={},
	pages={1-6},
	doi={10.1109/QoMEX.2018.8463406}}

@INPROCEEDINGS{Hezy21,
	author={He, Zhouyan and Jiang, Gangyi and Jiang, Zhidi and Yu, Mei},
	booktitle={2021 IEEE International Conference on Image Processing (ICIP)}, 
	title={Towards A Colored Point Cloud Quality Assessment Method Using Colored Texture And Curvature Projection}, 
	year={2021},
	volume={},
	number={},
	pages={1444-1448},
	doi={10.1109/ICIP42928.2021.9506762}}

@INPROCEEDINGS{Alexioue19mex,
	author={Alexiou, Evangelos and Ebrahimi, Touradj},
	booktitle={2019 Eleventh International Conference on Quality of Multimedia Experience (QoMEX)}, 
	title={Exploiting user interactivity in quality assessment of point cloud imaging}, 
	year={2019},
	volume={},
	number={},
	pages={1-6},
	doi={10.1109/QoMEX.2019.8743277}}

@inproceedings{Taowx21, 
	author = {Tao, Wen-xu and Jiang, Gang-yi and Jiang, Zhi-di and Yu, Mei}, 
	title = {Point Cloud Projection and Multi-Scale Feature Fusion Network Based Blind Quality Assessment for Colored Point Clouds}, 
	year = {2021}, 
	booktitle = {Proceedings of the 29th ACM International Conference on Multimedia},
	pages = {5266-5272}, 
	numpages = {7} }

%------------------------------
%experiment

@inproceedings{TurkG94, 
	author = {Turk, Greg and Levoy, Marc}, 
	title = {Zippered Polygon Meshes from Range Images}, 
	year = {1994}, 
	booktitle = {Proceedings of the 21st Annual Conference on Computer Graphics and Interactive Techniques}, 
	pages = {311-318}, 
	numpages = {8} }

@INPROCEEDINGS{Wuzr15,

	author={Zhirong Wu and Song, Shuran and Khosla, Aditya and Fisher Yu and Linguang Zhang and Xiaoou Tang and Xiao, Jianxiong},
	booktitle={2015 IEEE Conference on Computer Vision and Pattern Recognition (CVPR)}, 
	title={3D ShapeNets: A deep representation for volumetric shapes}, 
	year={2015},
	volume={},
	number={},
	pages={1912-1920}}

@INPROCEEDINGS{Alexioue17,

	author={Alexiou, Evangelos and Upenik, Evgeniy and Ebrahimi, Touradj},
	booktitle={2017 IEEE 19th International Workshop on Multimedia Signal Processing (MMSP)}, 
	title={Towards subjective quality assessment of point cloud imaging in augmented reality}, 
	year={2017},
	volume={},
	number={},
	pages={1-6}
}

@article {Sedgwicke12,
	author = {Sedgwick, Philip},
	title = {Pearson{\textquoteright}s correlation coefficient},
	volume = {345},
	elocation-id = {e4483},
	year = {2012},
	journal = {BMJ}
}

@ARTICLE{Makd17,

	author={Ma, Kede and Duanmu, Zhengfang and Wu, Qingbo and Wang, Zhou and Yong, Hongwei and Li, Hongliang and Zhang, Lei},
	journal={IEEE Transactions on Image Processing}, 
	title={Waterloo Exploration Database: New Challenges for Image Quality Assessment Models}, 
	year={2017},
	volume={26},
	number={2},
	pages={1004-1016}
}

@article{zhoul22,
	title = {Point cloud denoising review: from classical to deep learning-based approaches},
	journal = {Graphical Models},
	volume = {121},
	pages = {101140},
	year = {2022},
	issn = {1524-0703},
	author = {Lang Zhou and Guoxing Sun and Yong Li and Weiqing Li and Zhiyong Su}
}

@article{Rufaelm16,
	title={Evaluation criteria for PCC (Point Cloud Compression)},
	author={Rufael Mekuria and Zhu Li and Christian Tulvan and Philip A. Chou},
	journal = {ISO/IEC MPEG N16332},
	year={2016}
}

@article{Wangy19,
	author = {Wang, Yue and Sun, Yongbin and Liu, Ziwei and Sarma, Sanjay E. and Bronstein, Michael M. and Solomon, Justin M.},
	title = {Dynamic Graph CNN for Learning on Point Clouds},
	year = {2019},
	volume = {38},
	number = {5},
	issn = {0730-0301},
	doi = {10.1145/3326362},
	journal = {ACM Transactions on Graphics},
	articleno = {146},
	numpages = {12},
}

@ARTICLE{Wujj20,  
	author={Wu, Jinjian and Ma, Jupo and Liang, Fuhu and Dong, Weisheng and Shi, Guangming and Lin, Weisi},  
	journal={IEEE Transactions on Image Processing},   
	title={End-to-End Blind Image Quality Prediction With Cascaded Deep Neural Network},   
	year={2020},  
	volume={29},  
	number={},  
	pages={7414-7426},  
	doi={10.1109/TIP.2020.3002478}}

%---------------------------
%LA
@article{Qint10,
	title={A general approximation framework for direct optimization of information retrieval measures},
	author={Qin, Tao and Liu, Tie-Yan and Li, Hang},
	journal={Information Retrieval},
	volume={13},
	number={4},
	pages={375-397},
	year={2010},
}

@article{ZehlikeM22,
      title={Fairness in ranking, part ii: Learning-to-rank and recommender systems},
      author={Zehlike, Meike and Yang, Ke and Stoyanovich, Julia},
      journal={ACM Computing Surveys},
      volume={55},
      number={6},
      pages={1--41},
      year={2022},
      publisher={ACM New York, NY}
}

@article{  Luo_Hu_2021,  
            title={Score-Based Point Cloud Denoising}, 
            DOI={10.1109/iccv48922.2021.00454}, 
            journal={2021 IEEE/CVF International Conference on Computer Vision (ICCV)}, 
            author={Luo, Shitong and Hu, Wei}, 
            year={2021}, 
            pages={4563-4572}
 }

@article{BlenSor,
author={Gschwandtner, Michael
and Kwitt, Roland
and Uhl, Andreas
and Pree, Wolfgang},
title={BlenSor: Blender Sensor Simulation Toolbox},
journal={Advances in Visual Computing},
year={2011},
pages={199--208},
isbn="978-3-642-24031-7"
}

@InProceedings{Yang_2022_CVPR,
   author    = {Yang, Qi and Liu, Yipeng and Chen, Siheng and Xu, Yiling and Sun, Jun},
   title     = {No-Reference Point Cloud Quality Assessment via Domain Adaptation},
   booktitle = {Proceedings of the IEEE/CVF Conference on Computer Vision and Pattern Recognition (CVPR)},
   month     = {June},
   year      = {2022},
   pages     = {21179-21188}
}

@ARTICLE{Shanzy23,
  author={Shan, Ziyu and Yang, Qi and Ye, Rui and Zhang, Yujie and Xu, Yiling and Xu, Xiaozhong and Liu, Shan},
  journal={IEEE Transactions on Visualization and Computer Graphics}, 
  title={GPA-Net:No-Reference Point Cloud Quality Assessment with Multi-task Graph Convolutional Network}, 
  year={2023},
  volume={},
  number={},
  doi={10.1109/TVCG.2023.3282802}}

@article{Guomh21,
author={Meng-Hao Guo, Jun-Xiong Cai, Zheng-Ning Liu, Tai-Jiang Mu, Ralph R. Martin and Shi-Min Hu},
title={PCT: Point cloud transformer},
journal={Computational Visual Media },
year={2021},
volume={7},
number={2},
pages={187–199}
}

@article{zhang2024gms,
author = {Zhang, Zicheng and Sun, Wei and Wu, Haoning and Zhou, Yingjie and Li, Chunyi and Chen, Zijian and Min, Xiongkuo and Zhai, Guangtao and Lin, Weisi},
title = {GMS-3DQA: Projection-Based Grid Mini-patch Sampling for 3D Model Quality Assessment},
year = {2024},
volume = {20},
number = {6},
url = {https://doi.org/10.1145/3643817},
doi = {10.1145/3643817},
journal = {ACM Trans. Multimedia Comput. Commun. Appl.},
month = {mar},
numpages = {19},
}

@ARTICLE{zhu20243dta,
  author={Zhu, Linxia and Cheng, Jun and Wang, Xu and Su, Honglei and Yang, Huan and Yuan, Hui and Korhonen, Jari},
  journal={IEEE Transactions on Multimedia}, 
  title={3DTA: No-Reference 3D Point Cloud Quality Assessment with Twin Attention}, 
  year={2024},
  volume={},
  number={},
  pages={1-14},
  doi={10.1109/TMM.2024.3407698}}


@inproceedings{xia2008listwise,
  title={Listwise approach to learning to rank: theory and algorithm},
  author={Xia, Fen and Liu, Tie-Yan and Wang, Jue and Zhang, Wensheng and Li, Hang},
  booktitle={Proceedings of the 25th international conference on Machine learning},
  pages={1192--1199},
  year={2008}
}