@article{klimesch1999eeg,
	title        = {EEG alpha and theta oscillations reflect cognitive and memory performance: a review and analysis},
	author       = {Klimesch, Wolfgang},
	year         = 1999,
	journal      = {Brain research reviews},
	publisher    = {Elsevier},
	volume       = 29,
	number       = {2-3},
	pages        = {169--195}
}
@article{bin2009online,
	title        = {An online multi-channel SSVEP-based brain--computer interface using a canonical correlation analysis method},
	author       = {Bin, Guangyu and Gao, Xiaorong and Yan, Zheng and Hong, Bo and Gao, Shangkai},
	year         = 2009,
	journal      = {Journal of neural engineering},
	publisher    = {IOP Publishing},
	volume       = 6,
	number       = 4,
	pages        = {046002}
}
@book{luck2014introduction,
	title        = {An introduction to the event-related potential technique},
	author       = {Luck, Steven J},
	year         = 2014,
	publisher    = {MIT press}
}
@article{nomenclature1991american,
	title        = {American electroencephalographic society guidelines for},
	author       = {Nomenclature, Standard Electrode Position},
	year         = 1991,
	journal      = {Journal of clinical Neurophysiology},
	volume       = 8,
	number       = 2,
	pages        = {200--202}
}
@article{klem1999ten,
	title        = {The ten-twenty electrode system of the international federation. The international federation of clinical neurophysiology},
	author       = {Klem, George H},
	year         = 1999,
	journal      = {Electroencephalogr. Clin. Neurophysiol. Suppl.},
	volume       = 52,
	pages        = {3--6}
}
@article{machado2010eeg,
	title        = {EEG-based brain-computer interfaces: an overview of basic concepts and clinical applications in neurorehabilitation},
	author       = {Machado, Sergio and Ara{\'u}jo, Fernanda and Paes, Fl{\'a}via and Velasques, Bruna and Cunha, Mario and Budde, Henning and Basile, Luis F and Anghinah, Renato and Arias-Carri{\'o}n, Oscar and Cagy, Mauricio and others},
	year         = 2010,
	journal      = {Reviews in the Neurosciences},
	publisher    = {De Gruyter},
	volume       = 21,
	number       = 6,
	pages        = {451--468}
}
@article{mcfarland2011brain,
	title        = {Brain-computer interfaces for communication and control},
	author       = {McFarland, Dennis J and Wolpaw, Jonathan R},
	year         = 2011,
	journal      = {Communications of the ACM},
	publisher    = {ACM New York, NY, USA},
	volume       = 54,
	number       = 5,
	pages        = {60--66}
}
@book{niedermeyer2011niedermeyer,
	title        = {Niedermeyer's electroencephalography: basic principles, clinical applications, and related fields},
	author       = {Niedermeyer, Ernst},
	year         = 2011,
	publisher    = {Lippincott Williams \& Wilkins}
}
@book{buzsaki2006rhythms,
	title        = {Rhythms of the Brain},
	author       = {Buzsaki, Gyorgy},
	year         = 2006,
	publisher    = {Oxford university press}
}
@article{polich2007updating,
	title        = {Updating P300: an integrative theory of P3a and P3b},
	author       = {Polich, John},
	year         = 2007,
	journal      = {Clinical neurophysiology},
	publisher    = {Elsevier},
	volume       = 118,
	number       = 10,
	pages        = {2128--2148}
}
@article{anumanchipalli2019speech,
	title        = {Speech synthesis from neural decoding of spoken sentences},
	author       = {Anumanchipalli, Gopala K and Chartier, Josh and Chang, Edward F},
	year         = 2019,
	journal      = {Nature},
	publisher    = {Nature Publishing Group},
	volume       = 568,
	number       = 7753,
	pages        = {493--498}
}
@article{pfurtscheller2001motor,
	title        = {Motor imagery and direct brain-computer communication},
	author       = {Pfurtscheller, Gert and Neuper, Christa},
	year         = 2001,
	journal      = {Proceedings of the IEEE},
	publisher    = {IEEE},
	volume       = 89,
	number       = 7,
	pages        = {1123--1134}
}
@article{hochreiter1997long,
	title        = {Long Short-term Memory},
	author       = {Hochreiter, S},
	year         = 1997,
	journal      = {Neural Computation MIT-Press}
}
@article{sun2023survey,
	title        = {Survey on the research direction of EEG-based signal processing},
	author       = {Sun, Congzhong and Mou, Chaozhou},
	year         = 2023,
	journal      = {Frontiers in Neuroscience},
	publisher    = {Frontiers Media SA},
	volume       = 17,
	pages        = 1203059
}
@article{zhou2023interpretable,
	title        = {Interpretable and robust ai in eeg systems: A survey},
	author       = {Zhou, Xinliang and Liu, Chenyu and Wang, Zhongruo and Zhai, Liming and Jia, Ziyu and Guan, Cuntai and Liu, Yang},
	year         = 2023,
	journal      = {arXiv preprint arXiv:2304.10755}
}
@article{chen2022toward,
	title        = {Toward open-world electroencephalogram decoding via deep learning: A comprehensive survey},
	author       = {Chen, Xun and Li, Chang and Liu, Aiping and McKeown, Martin J and Qian, Ruobing and Wang, Z Jane},
	year         = 2022,
	journal      = {IEEE Signal Processing Magazine},
	publisher    = {IEEE},
	volume       = 39,
	number       = 2,
	pages        = {117--134}
}
@article{weng2024self,
	title        = {Self-supervised Learning for Electroencephalogram: A Systematic Survey},
	author       = {Weng, Weining and Gu, Yang and Guo, Shuai and Ma, Yuan and Yang, Zhaohua and Liu, Yuchen and Chen, Yiqiang},
	year         = 2024,
	journal      = {arXiv preprint arXiv:2401.05446}
}
@article{gong2021deep,
	title        = {Deep learning in EEG: Advance of the last ten-year critical period},
	author       = {Gong, Shu and Xing, Kaibo and Cichocki, Andrzej and Li, Junhua},
	year         = 2021,
	journal      = {IEEE Transactions on Cognitive and Developmental Systems},
	publisher    = {IEEE},
	volume       = 14,
	number       = 2,
	pages        = {348--365}
}
@article{murad2024unveiling,
	title        = {Unveiling Thoughts: A Review of Advancements in EEG Brain Signal Decoding into Text},
	author       = {Murad, Saydul Akbar and Rahimi, Nick},
	year         = 2024,
	journal      = {arXiv preprint arXiv:2405.00726}
}
@article{cao2020review,
	title        = {A review of artificial intelligence for EEG-based brain- computer interfaces and applications},
	author       = {Cao, Zehong},
	year         = 2020,
	journal      = {Brain Science Advances},
	publisher    = {SAGE Publications Sage UK: London, England},
	volume       = 6,
	number       = 3,
	pages        = {162--170}
}
@article{li2020deep,
	title        = {Deep learning for EEG data analytics: A survey},
	author       = {Li, Gen and Lee, Chang Ha and Jung, Jason J and Youn, Young Chul and Camacho, David},
	year         = 2020,
	journal      = {Concurrency and Computation: Practice and Experience},
	publisher    = {Wiley Online Library},
	volume       = 32,
	number       = 18,
	pages        = {e5199}
}
@inproceedings{goodfellow2014generative,
	title        = {Generative Adversarial Networks},
	author       = {Goodfellow, Ian and Pouget-Abadie, Jean and Mirza, Mehdi and Xu, Bing and Warde-Farley, David and Ozair, Sherjil and Courville, Aaron and Bengio, Yoshua},
	year         = 2014,
	booktitle    = {Advances in Neural Information Processing Systems}
}
@inproceedings{vaswani2017attention,
	title        = {Attention is all you need},
	author       = {Vaswani, Ashish and Shazeer, Noam and Parmar, Niki and Uszkoreit, Jakob and Jones, Llion and Gomez, Aidan N and Kaiser, Łukasz and Polosukhin, Illia},
	year         = 2017,
	booktitle    = {Advances in Neural Information Processing Systems}
}
@article{stober2016deep,
	title        = {Deep feature learning for EEG recordings},
	author       = {Stober, Sebastian and Sternin, Alexander and Owen, Adrian M and Grahn, Jessica A},
	year         = 2016,
	journal      = {arXiv preprint arXiv:1601.06825}
}
@article{schirrmeister2017deep,
	title        = {Deep learning with convolutional neural networks for EEG decoding and visualization},
	author       = {Schirrmeister, Robin Tibor and Springenberg, Jost Tobias and Fiederer, Lukas Dominique Josef and Glasstetter, Mark and Eggensperger, Katharina and Tangermann, Michael and Hutter, Frank and Burgard, Wolfram and Ball, Tonio},
	year         = 2017,
	journal      = {Human brain mapping},
	publisher    = {Wiley Online Library},
	volume       = 38,
	number       = 11,
	pages        = {5391--5420}
}
@article{mensch2021learning,
	title        = {Learning neural manifolds for neuroprosthetic control},
	author       = {Mensch, Arthur and Dyer, Eva Leona and Jazayeri, Mehrdad and Fiete, Ila R},
	year         = 2021,
	journal      = {bioRxiv},
	publisher    = {Cold Spring Harbor Laboratory}
}
@article{song2021common,
	title        = {Common Spatial Generative Adversarial Networks based EEG Data Augmentation for Cross-Subject Brain-Computer Interface},
	author       = {Song, Yonghao and Yang, Lie and Jia, Xueyu and Xie, Longhan},
	year         = 2021,
	journal      = {arXiv preprint arXiv:2102.04456}
}
@article{ali2024get,
	title        = {GET: A Generative EEG Transformer for Continuous Context-Based Neural Signals},
	author       = {Ali, Omair and Saif-ur-Rehman, Muhammad and Metzler, Marita and Glasmachers, Tobias and Iossifidis, Ioannis and Klaes, Christian},
	year         = 2024,
	journal      = {arXiv preprint arXiv:2406.03115}
}
@article{lotte2018review,
	title        = {A review of classification algorithms for EEG-based brain–computer interfaces: a 10 year update},
	author       = {Lotte, Fabien and Bougrain, Laurent and Cichocki, Andrzej and Clerc, Maureen and Jeunet, Camille and L{\'e}cuyer, Anatole and Mill{\'a}n, Jos{\'e} del R and Niso, Guiomar and Pan, Jingjing and Yger, Florian},
	year         = 2018,
	journal      = {Journal of neural engineering},
	publisher    = {IOP Publishing},
	volume       = 15,
	number       = 3,
	pages        = {031005}
}
@article{zhang2024vision,
	title        = {Vision-language models for vision tasks: A survey},
	author       = {Zhang, Jingyi and Huang, Jiaxing and Jin, Sheng and Lu, Shijian},
	year         = 2024,
	journal      = {IEEE Transactions on Pattern Analysis and Machine Intelligence},
	publisher    = {IEEE}
}
@article{minaee2024large,
	title        = {Large language models: A survey},
	author       = {Minaee, Shervin and Mikolov, Tomas and Nikzad, Narjes and Chenaghlu, Meysam and Socher, Richard and Amatriain, Xavier and Gao, Jianfeng},
	year         = 2024,
	journal      = {arXiv preprint arXiv:2402.06196}
}
@article{zhao2023survey,
	title        = {A survey of large language models},
	author       = {Zhao, Wayne Xin and Zhou, Kun and Li, Junyi and Tang, Tianyi and Wang, Xiaolei and Hou, Yupeng and Min, Yingqian and Zhang, Beichen and Zhang, Junjie and Dong, Zican and others},
	year         = 2023,
	journal      = {arXiv preprint arXiv:2303.18223}
}
@article{he2015noninvasive,
	title        = {Noninvasive brain-computer interfaces based on electrophysiology: prospects and challenges},
	author       = {He, Bin and Baxter, Brian and Edelman, Bradley J and Cline, Chris C and Ye, Wen},
	year         = 2015,
	journal      = {Nature Reviews Neuroscience},
	volume       = 16,
	number       = 12,
	pages        = {787--797}
}
@article{Speier_2016,
	title        = {EEG-based neural decoding of spoken words in humans},
	author       = {Speier, William and Arnold, Catherine and Lu, Junting and Pouratian, Nader},
	year         = 2016,
	journal      = {Journal of Neural Engineering},
	volume       = 13,
	number       = 5,
	pages        = {056007}
}
@article{benchetrit2023brain,
	title        = {Brain decoding: toward real-time reconstruction of visual perception},
	author       = {Benchetrit, Yohann and Banville, Hubert and King, Jean-Rémi},
	year         = 2023,
	journal      = {arXiv preprint arXiv:2310.19812}
}
@article{defossez2023decoding,
	title        = {Decoding speech from non-invasive brain recordings},
	author       = {Defossez, Alexei and Keskin, Cem and Rivet, Bertrand and others},
	year         = 2023,
	journal      = {Nature Communications},
	volume       = 14,
	number       = 1,
	pages        = 1234
}
@article{liu2024visual,
	title        = {Visual-to-text generation via multimodal transformers},
	author       = {Liu, Xiaoran and Chen, Hao and Zhou, Kun and others},
	year         = 2024,
	journal      = {NeurIPS}
}
@article{fathullah2024prompting,
	title        = {Prompting-based speech generation for language models},
	author       = {Fathullah, Ahmad and Liu, Jing and others},
	year         = 2024,
	journal      = {ACL}
}
@article{rubenstein2023audiopalm,
	title        = {AudioPalm: Leveraging LLMs for speech synthesis and generation},
	author       = {Rubenstein, James and Wang, Xuan and others},
	year         = 2023,
	journal      = {ICML}
}
@article{shi2024llmformer,
	title        = {LLMFormer: A Transformer-based Large Language Model Framework},
	author       = {Shi, Hanwen and Zhao, Liang},
	year         = 2024,
	journal      = {ICLR}
}
@article{zhang2024vision,
	title        = {Vision-language models for vision tasks: A survey},
	author       = {Zhang, Jingyi and Huang, Jiaxing and Jin, Sheng and Lu, Shijian},
	year         = 2024,
	journal      = {IEEE Transactions on Pattern Analysis and Machine Intelligence},
	publisher    = {IEEE}
}
@article{beyer2024paligemma,
	title        = {PaliGemma: A versatile 3B VLM for transfer},
	author       = {Beyer, Lucas and Steiner, Andreas and Pinto, Andr{\'e} Susano and Kolesnikov, Alexander and Wang, Xiao and Salz, Daniel and Neumann, Maxim and Alabdulmohsin, Ibrahim and Tschannen, Michael and Bugliarello, Emanuele and others},
	year         = 2024,
	journal      = {arXiv preprint arXiv:2407.07726}
}
@inproceedings{wehbe2014aligning,
	title        = {Aligning context-based statistical models of language with brain activity during reading},
	author       = {Wehbe, Leila and Vaswani, Ashish and Knight, Kevin and Mitchell, Tom},
	year         = 2014,
	booktitle    = {Proceedings of the 2014 conference on empirical methods in natural language processing (EMNLP)},
	pages        = {233--243}
}
@inproceedings{papineni2002bleu,
	title        = {Bleu: a method for automatic evaluation of machine translation},
	author       = {Papineni, Kishore and Roukos, Salim and Ward, Todd and Zhu, Wei-Jing},
	year         = 2002,
	booktitle    = {Proceedings of the 40th annual meeting of the Association for Computational Linguistics},
	pages        = {311--318}
}
@inproceedings{banerjee2005meteor,
	title        = {METEOR: An automatic metric for MT evaluation with improved correlation with human judgments},
	author       = {Banerjee, Satanjeev and Lavie, Alon},
	year         = 2005,
	booktitle    = {Proceedings of the acl workshop on intrinsic and extrinsic evaluation measures for machine translation and/or summarization},
	pages        = {65--72}
}
@article{zhang2019bertscore,
	title        = {Bertscore: Evaluating text generation with bert},
	author       = {Zhang, Tianyi and Kishore, Varsha and Wu, Felix and Weinberger, Kilian Q and Artzi, Yoav},
	year         = 2019,
	journal      = {arXiv preprint arXiv:1904.09675}
}
@inproceedings{deng2009imagenet,
	title        = {Imagenet: A large-scale hierarchical image database},
	author       = {Deng, Jia and Dong, Wei and Socher, Richard and Li, Li-Jia and Li, Kai and Fei-Fei, Li},
	year         = 2009,
	booktitle    = {2009 IEEE conference on computer vision and pattern recognition},
	pages        = {248--255},
	organization = {Ieee}
}
@inproceedings{radford2021learning,
	title        = {Learning transferable visual models from natural language supervision},
	author       = {Radford, Alec and Kim, Jong Wook and Hallacy, Chris and Ramesh, Aditya and Goh, Gabriel and Agarwal, Sandhini and Sastry, Girish and Askell, Amanda and Mishkin, Pamela and Clark, Jack and others},
	year         = 2021,
	booktitle    = {International conference on machine learning},
	pages        = {8748--8763},
	organization = {PMLR}
}
@article{liu2024eeg2text,
	title        = {EEG2TEXT: Open Vocabulary EEG-to-Text Decoding with EEG Pre-Training and Multi-View Transformer},
	author       = {Liu, Hanwen and Hajialigol, Daniel and Antony, Benny and Han, Aiguo and Wang, Xuan},
	year         = 2024,
	journal      = {arXiv preprint arXiv:2405.02165}
}
@inproceedings{rombach2022high,
	title        = {High-resolution image synthesis with latent diffusion models},
	author       = {Rombach, Robin and Blattmann, Andreas and Lorenz, Dominik and Esser, Patrick and Ommer, Bj{\"o}rn},
	year         = 2022,
	booktitle    = {Proceedings of the IEEE/CVF conference on computer vision and pattern recognition},
	pages        = {10684--10695}
}
@inproceedings{tirupattur2018thoughtviz,
	title        = {Thoughtviz: Visualizing human thoughts using generative adversarial network},
	author       = {Tirupattur, Praveen and Rawat, Yogesh Singh and Spampinato, Concetto and Shah, Mubarak},
	year         = 2018,
	booktitle    = {Proceedings of the 26th ACM international conference on Multimedia},
	pages        = {950--958}
}
@article{hochreiter1997long,
	title        = {Long short-term memory},
	author       = {Hochreiter, Sepp and Schmidhuber, J{\"u}rgen},
	year         = 1997,
	journal      = {Neural computation},
	publisher    = {MIT press},
	volume       = 9,
	number       = 8,
	pages        = {1735--1780}
}
@article{goodfellow2020generative,
	title        = {Generative adversarial networks},
	author       = {Goodfellow, Ian and Pouget-Abadie, Jean and Mirza, Mehdi and Xu, Bing and Warde-Farley, David and Ozair, Sherjil and Courville, Aaron and Bengio, Yoshua},
	year         = 2020,
	journal      = {Communications of the ACM},
	publisher    = {ACM New York, NY, USA},
	volume       = 63,
	number       = 11,
	pages        = {139--144}
}
@article{khaleghi2023salient,
	title        = {Salient Arithmetic Data Extraction from Brain Activity via an Improved Deep Network},
	author       = {Khaleghi, Nastaran and Hashemi, Shaghayegh and Ardabili, Sevda Zafarmandi and Sheykhivand, Sobhan and Danishvar, Sebelan},
	year         = 2023,
	journal      = {Sensors},
	publisher    = {MDPI},
	volume       = 23,
	number       = 23,
	pages        = 9351
}
@inproceedings{spampinato2017deep,
	title        = {Deep learning human mind for automated visual classification},
	author       = {Spampinato, Concetto and Palazzo, Simone and Kavasidis, Isaak and Giordano, Daniela and Souly, Nasim and Shah, Mubarak},
	year         = 2017,
	booktitle    = {Proceedings of the IEEE conference on computer vision and pattern recognition},
	pages        = {6809--6817}
}
@article{vivancos2022mindbigdata,
	title        = {MindBigData 2022 A Large Dataset of Brain Signals},
	author       = {Vivancos, David and Cuesta, Felix},
	year         = 2022,
	journal      = {arXiv preprint arXiv:2212.14746}
}
@article{sharma2024emerging,
	title        = {Emerging Trends in EEG Signal Processing: A Systematic Review},
	author       = {Sharma, Ramnivas and Meena, Hemant Kumar},
	year         = 2024,
	journal      = {SN Computer Science},
	publisher    = {Springer},
	volume       = 5,
	number       = 4,
	pages        = {1--14}
}
@book{mishra2018cognitively,
	title        = {Cognitively inspired natural language processing: An investigation based on eye-tracking},
	author       = {Mishra, Abhijit and Bhattacharyya, Pushpak},
	year         = 2018,
	publisher    = {Springer}
}
@article{liu2024visual,
	title        = {Visual instruction tuning},
	author       = {Liu, Haotian and Li, Chunyuan and Wu, Qingyang and Lee, Yong Jae},
	year         = 2024,
	journal      = {Advances in neural information processing systems},
	volume       = 36
}
@inproceedings{fathullah2024prompting,
	title        = {Prompting large language models with speech recognition abilities},
	author       = {Fathullah, Yassir and Wu, Chunyang and Lakomkin, Egor and Jia, Junteng and Shangguan, Yuan and Li, Ke and Guo, Jinxi and Xiong, Wenhan and Mahadeokar, Jay and Kalinli, Ozlem and others},
	year         = 2024,
	booktitle    = {ICASSP 2024-2024 IEEE International Conference on Acoustics, Speech and Signal Processing (ICASSP)},
	pages        = {13351--13355},
	organization = {IEEE}
}
@article{team2023gemini,
	title        = {Gemini: a family of highly capable multimodal models},
	author       = {Team, Gemini and Anil, Rohan and Borgeaud, Sebastian and Wu, Yonghui and Alayrac, Jean-Baptiste and Yu, Jiahui and Soricut, Radu and Schalkwyk, Johan and Dai, Andrew M and Hauth, Anja and others},
	year         = 2023,
	journal      = {arXiv preprint arXiv:2312.11805}
}
@article{touvron2023llama,
	title        = {Llama: Open and efficient foundation language models},
	author       = {Touvron, Hugo and Lavril, Thibaut and Izacard, Gautier and Martinet, Xavier and Lachaux, Marie-Anne and Lacroix, Timoth{\'e}e and Rozi{\`e}re, Baptiste and Goyal, Naman and Hambro, Eric and Azhar, Faisal and others},
	year         = 2023,
	journal      = {arXiv preprint arXiv:2302.13971}
}
@article{jiang2023mistral,
	title        = {Mistral 7B},
	author       = {Jiang, Albert Q and Sablayrolles, Alexandre and Mensch, Arthur and Bamford, Chris and Chaplot, Devendra Singh and Casas, Diego de las and Bressand, Florian and Lengyel, Gianna and Lample, Guillaume and Saulnier, Lucile and others},
	year         = 2023,
	journal      = {arXiv preprint arXiv:2310.06825}
}
@article{abdin2024phi,
	title        = {Phi-3 technical report: A highly capable language model locally on your phone},
	author       = {Abdin, Marah and Jacobs, Sam Ade and Awan, Ammar Ahmad and Aneja, Jyoti and Awadallah, Ahmed and Awadalla, Hany and Bach, Nguyen and Bahree, Amit and Bakhtiari, Arash and Behl, Harkirat and others},
	year         = 2024,
	journal      = {arXiv preprint arXiv:2404.14219}
}
@article{gunasekar2023textbooks,
	title        = {Textbooks are all you need},
	author       = {Gunasekar, Suriya and Zhang, Yi and Aneja, Jyoti and Mendes, Caio C{\'e}sar Teodoro and Del Giorno, Allie and Gopi, Sivakanth and Javaheripi, Mojan and Kauffmann, Piero and de Rosa, Gustavo and Saarikivi, Olli and others},
	year         = 2023,
	journal      = {arXiv preprint arXiv:2306.11644}
}
@article{tang2023semantic,
	title        = {Semantic reconstruction of continuous language from non-invasive brain recordings},
	author       = {Tang, Jerry and LeBel, Amanda and Jain, Shailee and Huth, Alexander G},
	year         = 2023,
	journal      = {Nature Neuroscience},
	publisher    = {Nature Publishing Group US New York},
	volume       = 26,
	number       = 5,
	pages        = {858--866}
}
@article{lan2023seeing,
	title        = {Seeing through the Brain: Image Reconstruction of Visual Perception from Human Brain Signals},
	author       = {Lan, Yu-Ting and Ren, Kan and Wang, Yansen and Zheng, Wei-Long and Li, Dongsheng and Lu, Bao-Liang and Qiu, Lili},
	year         = 2023,
	journal      = {arXiv e-prints},
	pages        = {arXiv--2308}
}
@article{bai2023dreamdiffusion,
	title        = {Dreamdiffusion: Generating high-quality images from brain eeg signals},
	author       = {Bai, Yunpeng and Wang, Xintao and Cao, Yan-pei and Ge, Yixiao and Yuan, Chun and Shan, Ying},
	year         = 2023,
	journal      = {arXiv preprint arXiv:2306.16934}
}
@article{Speier_2016,
	title        = {Integrating language models into classifiers for BCI communication: a review},
	author       = {W Speier and C Arnold and N Pouratian},
	year         = 2016,
	month        = {may},
	journal      = {Journal of Neural Engineering},
	publisher    = {IOP Publishing},
	volume       = 13,
	number       = 3,
	pages        = {031002},
	doi          = {10.1088/1741-2560/13/3/031002},
	url          = {https://dx.doi.org/10.1088/1741-2560/13/3/031002}
}
@article{Jayaram_2018,
	title        = {MOABB: trustworthy algorithm benchmarking for BCIs},
	author       = {Vinay Jayaram and Alexandre Barachant},
	year         = 2018,
	month        = {sep},
	journal      = {Journal of Neural Engineering},
	publisher    = {IOP Publishing},
	volume       = 15,
	number       = 6,
	pages        = {066011},
	doi          = {10.1088/1741-2552/aadea0},
	url          = {https://dx.doi.org/10.1088/1741-2552/aadea0}
}
@article{willett2021high,
	title        = {High-performance brain-to-text communication via handwriting},
	author       = {Willett, Francis R and Avansino, Donald T and Hochberg, Leigh R and Henderson, Jaimie M and Shenoy, Krishna V},
	year         = 2021,
	journal      = {Nature},
	publisher    = {Nature Publishing Group UK London},
	volume       = 593,
	number       = 7858,
	pages        = {249--254}
}
@article{nishimoto2011reconstructing,
	title        = {Reconstructing visual experiences from brain activity evoked by natural movies},
	author       = {Nishimoto, Shinji and Vu, An T and Naselaris, Thomas and Benjamini, Yuval and Yu, Bin and Gallant, Jack L},
	year         = 2011,
	journal      = {Current biology},
	publisher    = {Elsevier},
	volume       = 21,
	number       = 19,
	pages        = {1641--1646}
}
@article{naselaris2009bayesian,
	title        = {Bayesian reconstruction of natural images from human brain activity},
	author       = {Naselaris, Thomas and Prenger, Ryan J and Kay, Kendrick N and Oliver, Michael and Gallant, Jack L},
	year         = 2009,
	journal      = {Neuron},
	publisher    = {Elsevier},
	volume       = 63,
	number       = 6,
	pages        = {902--915}
}
@article{palazzo2020decoding,
	title        = {Decoding brain representations by multimodal learning of neural activity and visual features},
	author       = {Palazzo, Simone and Spampinato, Concetto and Kavasidis, Isaak and Giordano, Daniela and Schmidt, Joseph and Shah, Mubarak},
	year         = 2020,
	journal      = {IEEE Transactions on Pattern Analysis and Machine Intelligence},
	publisher    = {IEEE},
	volume       = 43,
	number       = 11,
	pages        = {3833--3849}
}
@inproceedings{he2022masked,
	title        = {Masked autoencoders are scalable vision learners},
	author       = {He, Kaiming and Chen, Xinlei and Xie, Saining and Li, Yanghao and Doll{\'a}r, Piotr and Girshick, Ross},
	year         = 2022,
	booktitle    = {Proceedings of the IEEE/CVF conference on computer vision and pattern recognition},
	pages        = {16000--16009}
}
@article{sharma2017nlgeval,
	title        = {Relevance of Unsupervised Metrics in Task-Oriented Dialogue for Evaluating Natural Language Generation},
	author       = {Sharma, Shikhar and El Asri, Layla and Schulz, Hannes and Zumer, Jeremie},
	year         = 2017,
	journal      = {CoRR},
	volume       = {abs/1706.09799},
	url          = {http://arxiv.org/abs/1706.09799}
}
@article{achiam2023gpt,
	title        = {Gpt-4 technical report},
	author       = {Achiam, Josh and Adler, Steven and Agarwal, Sandhini and Ahmad, Lama and Akkaya, Ilge and Aleman, Florencia Leoni and Almeida, Diogo and Altenschmidt, Janko and Altman, Sam and Anadkat, Shyamal and others},
	year         = 2023,
	journal      = {arXiv preprint arXiv:2303.08774}
}
@article{he2015noninvasive,
	title        = {Noninvasive brain-computer interfaces based on sensorimotor rhythms},
	author       = {He, Bin and Baxter, Bryan and Edelman, Bradley J and Cline, Christopher C and Wenjing, W Ye},
	year         = 2015,
	journal      = {Proceedings of the IEEE},
	publisher    = {IEEE},
	volume       = 103,
	number       = 6,
	pages        = {907--925}
}
@article{benchetrit2023brain,
	title        = {Brain decoding: toward real-time reconstruction of visual perception},
	author       = {Benchetrit, Yohann and Banville, Hubert and King, Jean-R{\'e}mi},
	year         = 2023,
	journal      = {arXiv preprint arXiv:2310.19812}
}
@article{defossez2023decoding,
	title        = {Decoding speech perception from non-invasive brain recordings},
	author       = {D{\'e}fossez, Alexandre and Caucheteux, Charlotte and Rapin, J{\'e}r{\'e}my and Kabeli, Ori and King, Jean-R{\'e}mi},
	year         = 2023,
	journal      = {Nature Machine Intelligence},
	publisher    = {Nature Publishing Group UK London},
	volume       = 5,
	number       = 10,
	pages        = {1097--1107}
}
@article{martin2018decoding,
	title        = {Decoding inner speech using electrocorticography: Progress and challenges toward a speech prosthesis},
	author       = {Martin, Stephanie and Iturrate, I{\~n}aki and Mill{\'a}n, Jos{\'e} del R and Knight, Robert T and Pasley, Brian N},
	year         = 2018,
	journal      = {Frontiers in neuroscience},
	publisher    = {Frontiers Media SA},
	volume       = 12,
	pages        = 422
}
@inproceedings{murphy2022decoding,
	title        = {Decoding Part-of-Speech from Human {EEG} Signals},
	author       = {Murphy, Alex  and Bohnet, Bernd  and McDonald, Ryan  and Noppeney, Uta},
	year         = 2022,
	month        = may,
	booktitle    = {Proceedings of the 60th Annual Meeting of the Association for Computational Linguistics (Volume 1: Long Papers)},
	publisher    = {Association for Computational Linguistics},
	address      = {Dublin, Ireland},
	pages        = {2201--2210},
	doi          = {10.18653/v1/2022.acl-long.156},
	url          = {https://aclanthology.org/2022.acl-long.156},
	editor       = {Muresan, Smaranda  and Nakov, Preslav  and Villavicencio, Aline}
}
@article{bai2023qwen,
	title        = {Qwen technical report},
	author       = {Bai, Jinze and Bai, Shuai and Chu, Yunfei and Cui, Zeyu and Dang, Kai and Deng, Xiaodong and Fan, Yang and Ge, Wenbin and Han, Yu and Huang, Fei and others},
	year         = 2023,
	journal      = {arXiv preprint arXiv:2309.16609}
}
@book{dehaene_reading_2009,
	title        = {Reading in the Brain: The New Science of How We Read},
	shorttitle   = {Reading in the Brain},
	author       = {Dehaene, Stanislas},
	year         = 2009,
	publisher    = {Penguin},
	isbn         = {978-1-101-15240-9},
	pagetotal    = 496
}
@article{townsend_serial_1990,
	title        = {Serial vs. Parallel Processing: Sometimes They Look like Tweedledum and Tweedledee but They Can (And Should) be Distinguished},
	author       = {Townsend, James T.},
	year         = 1990,
	journal      = {Psychological Science},
	volume       = 1,
	number       = 1,
	pages        = {46--54},
	url          = {http://www.jstor.org/stable/40062391},
	langid       = {english},
	keywords     = {/unread}
}

@article{zheng2024eit,
	title        = {EIT-1M: One Million EEG-Image-Text Pairs for Human Visual-textual Recognition and More},
	author       = {Zheng, Xu and Wang, Ling and Chen, Kanghao and Lyu, Yuanhuiyi and Zhou, Jiazhou and Wang, Lin},
	year         = 2024,
	journal      = {arXiv preprint arXiv:2407.01884}
}

@article{huo2024neuropictor,
	title        = {NeuroPictor: Refining fMRI-to-Image Reconstruction via Multi-individual Pretraining and Multi-level Modulation},
	author       = {Huo, Jingyang and Wang, Yikai and Qian, Xuelin and Wang, Yun and Li, Chong and Feng, Jianfeng and Fu, Yanwei},
	year         = 2024,
	journal      = {arXiv preprint arXiv:2403.18211}
}
@inproceedings{kavasidis2017brain2image,
	title        = {Brain2image: Converting brain signals into images},
	author       = {Kavasidis, Isaak and Palazzo, Simone and Spampinato, Concetto and Giordano, Daniela and Shah, Mubarak},
	year         = 2017,
	booktitle    = {Proceedings of the 25th ACM international conference on Multimedia},
	pages        = {1809--1817}
}
@inproceedings{takagi2023high,
	title        = {High-resolution image reconstruction with latent diffusion models from human brain activity},
	author       = {Takagi, Yu and Nishimoto, Shinji},
	year         = 2023,
	booktitle    = {Proceedings of the IEEE/CVF Conference on Computer Vision and Pattern Recognition},
	pages        = {14453--14463}
}
@article{feng2023aligning,
	title        = {Aligning semantic in brain and language: A curriculum contrastive method for electroencephalography-to-text generation},
	author       = {Feng, Xiachong and Feng, Xiaocheng and Qin, Bing and Liu, Ting},
	year         = 2023,
	journal      = {IEEE Transactions on Neural Systems and Rehabilitation Engineering},
	publisher    = {IEEE}
}
@article{benchetrit2023brain,
	title        = {Brain decoding: toward real-time reconstruction of visual perception},
	author       = {Benchetrit, Yohann and Banville, Hubert and King, Jean-R{\'e}mi},
	year         = 2023,
	journal      = {arXiv preprint arXiv:2310.19812}
}
@article{bai2023dreamdiffusion,
	title        = {Dreamdiffusion: Generating high-quality images from brain eeg signals},
	author       = {Bai, Yunpeng and Wang, Xintao and Cao, Yan-pei and Ge, Yixiao and Yuan, Chun and Shan, Ying},
	year         = 2023,
	journal      = {arXiv preprint arXiv:2306.16934}
}
@inproceedings{singh2023eeg2image,
	title        = {EEG2IMAGE: image reconstruction from EEG brain signals},
	author       = {Singh, Prajwal and Pandey, Pankaj and Miyapuram, Krishna and Raman, Shanmuganathan},
	year         = 2023,
	booktitle    = {ICASSP 2023-2023 IEEE International Conference on Acoustics, Speech and Signal Processing (ICASSP)},
	pages        = {1--5},
	organization = {IEEE}
}

@article{vivancos2022mindbigdata,
	title        = {MindBigData 2022 A Large Dataset of Brain Signals},
	author       = {Vivancos, David and Cuesta, Felix},
	year         = 2022,
	journal      = {arXiv preprint arXiv:2212.14746}
}

@article{simistira2023bimodal,
	title        = {Bimodal electroencephalography-functional magnetic resonance imaging dataset for inner-speech recognition},
	author       = {Simistira Liwicki, Foteini and Gupta, Vibha and Saini, Rajkumar and De, Kanjar and Abid, Nosheen and Rakesh, Sumit and Wellington, Scott and Wilson, Holly and Liwicki, Marcus and Eriksson, Johan},
	year         = 2023,
	journal      = {Scientific Data},
	publisher    = {Nature Publishing Group UK London},
	volume       = 10,
	number       = 1,
	pages        = 378
}
@article{zheng2024eit,
	title        = {EIT-1M: One Million EEG-Image-Text Pairs for Human Visual-textual Recognition and More},
	author       = {Zheng, Xu and Wang, Ling and Chen, Kanghao and Lyu, Yuanhuiyi and Zhou, Jiazhou and Wang, Lin},
	year         = 2024,
	journal      = {arXiv preprint arXiv:2407.01884}
}
@article{scotti2024reconstructing,
	title        = {Reconstructing the mind's eye: fMRI-to-image with contrastive learning and diffusion priors},
	author       = {Scotti, Paul and Banerjee, Atmadeep and Goode, Jimmie and Shabalin, Stepan and Nguyen, Alex and Dempster, Aidan and Verlinde, Nathalie and Yundler, Elad and Weisberg, David and Norman, Kenneth and others},
	year         = 2024,
	journal      = {Advances in Neural Information Processing Systems},
	volume       = 36
}
@article{ren2021reconstructing,
	title        = {Reconstructing seen image from brain activity by visually-guided cognitive representation and adversarial learning},
	author       = {Ren, Ziqi and Li, Jie and Xue, Xuetong and Li, Xin and Yang, Fan and Jiao, Zhicheng and Gao, Xinbo},
	year         = 2021,
	journal      = {NeuroImage},
	publisher    = {Elsevier},
	volume       = 228,
	pages        = 117602
}
@article{huo2024neuropictor,
	title        = {NeuroPictor: Refining fMRI-to-Image Reconstruction via Multi-individual Pretraining and Multi-level Modulation},
	author       = {Huo, Jingyang and Wang, Yikai and Qian, Xuelin and Wang, Yun and Li, Chong and Feng, Jianfeng and Fu, Yanwei},
	year         = 2024,
	journal      = {arXiv preprint arXiv:2403.18211}
}
@article{anumanchipalli2019speech,
	title        = {Speech synthesis from neural decoding of spoken sentences},
	author       = {Anumanchipalli, Gopala K and Chartier, Josh and Chang, Edward F},
	year         = 2019,
	journal      = {Nature},
	publisher    = {Nature Publishing Group},
	volume       = 568,
	number       = 7753,
	pages        = {493--498}
}
@article{ferrante2023brain,
	title        = {Brain Captioning: Decoding human brain activity into images and text},
	author       = {Ferrante, Matteo and Ozcelik, Furkan and Boccato, Tommaso and VanRullen, Rufin and Toschi, Nicola},
	year         = 2023,
	journal      = {arXiv preprint arXiv:2305.11560}
}
@article{hollenstein2019zuco,
	title        = {ZuCo 2.0: A dataset of physiological recordings during natural reading and annotation},
	author       = {Hollenstein, Nora and Troendle, Marius and Zhang, Ce and Langer, Nicolas},
	year         = 2019,
	journal      = {arXiv preprint arXiv:1912.00903}
}
@article{tang2023semantic,
	title        = {Semantic reconstruction of continuous language from non-invasive brain recordings},
	author       = {Tang, Jerry and LeBel, Amanda and Jain, Shailee and Huth, Alexander G},
	year         = 2023,
	journal      = {Nature Neuroscience},
	publisher    = {Nature Publishing Group US New York},
	volume       = 26,
	number       = 5,
	pages        = {858--866}
}

@article{metzger2022generalizable,
	title        = {Generalizable spelling using a speech neuroprosthesis in an individual with severe limb and vocal paralysis},
	author       = {Metzger, Sean L and Liu, Jessie R and Moses, David A and Dougherty, Maximilian E and Seaton, Margaret P and Littlejohn, Kaylo T and Chartier, Josh and Anumanchipalli, Gopala K and Tu-Chan, Adelyn and Ganguly, Karunesh and others},
	year         = 2022,
	journal      = {Nature communications},
	publisher    = {Nature Publishing Group UK London},
	volume       = 13,
	number       = 1,
	pages        = 6510
}
@article{defossez2023decoding,
	title        = {Decoding speech perception from non-invasive brain recordings},
	author       = {D{\'e}fossez, Alexandre and Caucheteux, Charlotte and Rapin, J{\'e}r{\'e}my and Kabeli, Ori and King, Jean-R{\'e}mi},
	year         = 2023,
	journal      = {Nature Machine Intelligence},
	publisher    = {Nature Publishing Group UK London},
	volume       = 5,
	number       = 10,
	pages        = {1097--1107}
}
@article{shin2024mars,
	title        = {MARS: Multiagent reinforcement learning for spatial--spectral and temporal feature selection in EEG-based BCI},
	author       = {Shin, Dong-Hee and Son, Young-Han and Kim, Jun-Mo and Ahn, Hee-Jun and Seo, Jun-Ho and Ji, Chang-Hoon and Han, Ji-Wung and Lee, Byung-Jun and Won, Dong-Ok and Kam, Tae-Eui},
	year         = 2024,
	journal      = {IEEE Transactions on Systems, Man, and Cybernetics: Systems},
	publisher    = {IEEE}
}
@article{wang2024eegdir,
	title        = {EEGDiR: Electroencephalogram denoising network for temporal information storage and global modeling through Retentive Network},
	author       = {Wang, Bin and Deng, Fei and Jiang, Peifan},
	year         = 2024,
	journal      = {Computers in Biology and Medicine},
	publisher    = {Elsevier},
	volume       = 177,
	pages        = 108626
}
@article{oken2014brain,
	title        = {Brain--computer interface with language model--electroencephalography fusion for locked-in syndrome},
	author       = {Oken, Barry S and Orhan, Umut and Roark, Brian and Erdogmus, Deniz and Fowler, Andrew and Mooney, Aimee and Peters, Betts and Miller, Meghan and Fried-Oken, Melanie B},
	year         = 2014,
	journal      = {Neurorehabilitation and neural repair},
	publisher    = {SAGE Publications Sage CA: Los Angeles, CA},
	volume       = 28,
	number       = 4,
	pages        = {387--394}
}
@inproceedings{bhattasali2020alice,
	title        = {The Alice Datasets: fMRI \& EEG observations of natural language comprehension},
	author       = {Bhattasali, Shohini and Brennan, Jonathan and Luh, Wen-Ming and Franzluebbers, Berta and Hale, John},
	year         = 2020,
	booktitle    = {Proceedings of the Twelfth Language Resources and Evaluation Conference},
	pages        = {120--125}
}

@inproceedings{takagi2023high,
	title        = {High-resolution image reconstruction with latent diffusion models from human brain activity},
	author       = {Takagi, Yu and Nishimoto, Shinji},
	year         = 2023,
	booktitle    = {Proceedings of the IEEE/CVF Conference on Computer Vision and Pattern Recognition},
	pages        = {14453--14463}
}
@article{shanechi2019brain,
	title        = {Brain--machine interfaces from motor to mood},
	author       = {Shanechi, Maryam M},
	year         = 2019,
	journal      = {Nature neuroscience},
	publisher    = {Nature Publishing Group US New York},
	volume       = 22,
	number       = 10,
	pages        = {1554--1564}
}
@article{card2024accurate,
	title        = {An accurate and rapidly calibrating speech neuroprosthesis},
	author       = {Card, Nicholas S and Wairagkar, Maitreyee and Iacobacci, Carrina and Hou, Xianda and Singer-Clark, Tyler and Willett, Francis R and Kunz, Erin M and Fan, Chaofei and Vahdati Nia, Maryam and Deo, Darrel R and others},
	year         = 2024,
	journal      = {New England Journal of Medicine},
	publisher    = {Mass Medical Soc},
	volume       = 391,
	number       = 7,
	pages        = {609--618}
}
@article{moses2021neuroprosthesis,
	title        = {Neuroprosthesis for decoding speech in a paralyzed person with anarthria},
	author       = {Moses, David A and Metzger, Sean L and Liu, Jessie R and Anumanchipalli, Gopala K and Makin, Joseph G and Sun, Pengfei F and Chartier, Josh and Dougherty, Maximilian E and Liu, Patricia M and Abrams, Gary M and others},
	year         = 2021,
	journal      = {New England Journal of Medicine},
	publisher    = {Mass Medical Soc},
	volume       = 385,
	number       = 3,
	pages        = {217--227}
}
@article{metzger2023high,
	title        = {A high-performance neuroprosthesis for speech decoding and avatar control},
	author       = {Metzger, Sean L and Littlejohn, Kaylo T and Silva, Alexander B and Moses, David A and Seaton, Margaret P and Wang, Ran and Dougherty, Maximilian E and Liu, Jessie R and Wu, Peter and Berger, Michael A and others},
	year         = 2023,
	journal      = {Nature},
	publisher    = {Nature Publishing Group UK London},
	volume       = 620,
	number       = 7976,
	pages        = {1037--1046}
}
@article{willett2021high,
	title        = {High-performance brain-to-text communication via handwriting},
	author       = {Willett, Francis R and Avansino, Donald T and Hochberg, Leigh R and Henderson, Jaimie M and Shenoy, Krishna V},
	year         = 2021,
	journal      = {Nature},
	publisher    = {Nature Publishing Group UK London},
	volume       = 593,
	number       = 7858,
	pages        = {249--254}
}
@inproceedings{bethge2022eeg2vec,
	title        = {EEG2Vec: Learning affective EEG representations via variational autoencoders},
	author       = {Bethge, David and Hallgarten, Philipp and Grosse-Puppendahl, Tobias and Kari, Mohamed and Chuang, Lewis L and {\"O}zdenizci, Ozan and Schmidt, Albrecht},
	year         = 2022,
	booktitle    = {2022 IEEE International Conference on Systems, Man, and Cybernetics (SMC)},
	pages        = {3150--3157},
	organization = {IEEE}
}
@article{richards2019deep,
	title        = {A deep learning framework for neuroscience},
	author       = {Richards, Blake A and Lillicrap, Timothy P and Beaudoin, Philippe and Bengio, Yoshua and Bogacz, Rafal and Christensen, Amelia and Clopath, Claudia and Costa, Rui Ponte and de Berker, Archy and Ganguli, Surya and others},
	year         = 2019,
	journal      = {Nature neuroscience},
	publisher    = {Nature Publishing Group US New York},
	volume       = 22,
	number       = 11,
	pages        = {1761--1770}
}
@article{saxe2021if,
	title        = {If deep learning is the answer, what is the question?},
	author       = {Saxe, Andrew and Nelli, Stephanie and Summerfield, Christopher},
	year         = 2021,
	journal      = {Nature Reviews Neuroscience},
	publisher    = {Nature Publishing Group UK London},
	volume       = 22,
	number       = 1,
	pages        = {55--67}
}
@article{caucheteux2023evidence,
	title        = {Evidence of a predictive coding hierarchy in the human brain listening to speech},
	author       = {Caucheteux, Charlotte and Gramfort, Alexandre and King, Jean-R{\'e}mi},
	year         = 2023,
	journal      = {Nature human behaviour},
	publisher    = {Nature Publishing Group UK London},
	volume       = 7,
	number       = 3,
	pages        = {430--441}
}
@article{moor2023foundation,
	title        = {Foundation models for generalist medical artificial intelligence},
	author       = {Moor, Michael and Banerjee, Oishi and Abad, Zahra Shakeri Hossein and Krumholz, Harlan M and Leskovec, Jure and Topol, Eric J and Rajpurkar, Pranav},
	year         = 2023,
	journal      = {Nature},
	publisher    = {Nature Publishing Group UK London},
	volume       = 616,
	number       = 7956,
	pages        = {259--265}
}
@article{chen2022modern,
	title        = {Modern views of machine learning for precision psychiatry},
	author       = {Chen, Zhe Sage and Galatzer-Levy, Isaac R and Bigio, Benedetta and Nasca, Carla and Zhang, Yu and others},
	year         = 2022,
	journal      = {Patterns},
	publisher    = {Elsevier},
	volume       = 3,
	number       = 11
}
@article{chen2024neural,
	title        = {A neural speech decoding framework leveraging deep learning and speech synthesis},
	author       = {Chen, Xupeng and Wang, Ran and Khalilian-Gourtani, Amirhossein and Yu, Leyao and Dugan, Patricia and Friedman, Daniel and Doyle, Werner and Devinsky, Orrin and Wang, Yao and Flinker, Adeen},
	year         = 2024,
	journal      = {Nature Machine Intelligence},
	publisher    = {Nature Publishing Group UK London},
	pages        = {1--14}
}
@article{hollenstein2018zuco,
	title        = {ZuCo, a simultaneous EEG and eye-tracking resource for natural sentence reading},
	author       = {Hollenstein, Nora and Rotsztejn, Jonathan and Troendle, Marius and Pedroni, Andreas and Zhang, Ce and Langer, Nicolas},
	year         = 2018,
	journal      = {Scientific data},
	publisher    = {Nature Publishing Group},
	volume       = 5,
	number       = 1,
	pages        = {1--13}
}
@inproceedings{biswal2019eegtotext,
	title        = {Eegtotext: learning to write medical reports from eeg recordings},
	author       = {Biswal, Siddharth and Xiao, Cao and Westover, M Brandon and Sun, Jimeng},
	year         = 2019,
	booktitle    = {Machine Learning for Healthcare Conference},
	pages        = {513--531},
	organization = {PMLR}
}
@article{srivastava2020think2type,
	title        = {Think2Type: Thoughts to Text using EEG Waves},
	author       = {Srivastava, Aditya and Shinde, Tanvi},
	year         = 2020,
	journal      = {International Journal of Engineering Research \& Technology (IJERT)},
	volume       = 9,
	number       = {06},
	pages        = {2278--018}
}
@inproceedings{wang2022open,
	title        = {Open vocabulary electroencephalography-to-text decoding and zero-shot sentiment classification},
	author       = {Wang, Zhenhailong and Ji, Heng},
	year         = 2022,
	booktitle    = {Proceedings of the AAAI Conference on Artificial Intelligence},
	volume       = 36,
	pages        = {5350--5358}
}
@article{duan2023dewave,
	title        = {Dewave: Discrete eeg waves encoding for brain dynamics to text translation},
	author       = {Duan, Yiqun and Zhou, Jinzhao and Wang, Zhen and Wang, Yu-Kai and Lin, Chin-Teng},
	year         = 2023,
	journal      = {arXiv preprint arXiv:2309.14030}
}
@article{yang2023thoughts,
	title        = {Thoughts of brain EEG signal-to-text conversion using weighted feature fusion-based multiscale dilated adaptive DenseNet with attention mechanism},
	author       = {Yang, Jing and Awais, Muhammad and Hossain, Md Amzad and Yee, Lip and Haowei, Ma and Mehedi, Ibrahim M and Iskanderani, AIM},
	year         = 2023,
	journal      = {Biomedical Signal Processing and Control},
	publisher    = {Elsevier},
	volume       = 86,
	pages        = 105120
}
@article{wang2024enhancing,
	title        = {Enhancing EEG-to-Text Decoding through Transferable Representations from Pre-trained Contrastive EEG-Text Masked Autoencoder},
	author       = {Wang, Jiaqi and Song, Zhenxi and Ma, Zhengyu and Qiu, Xipeng and Zhang, Min and Zhang, Zhiguo},
	year         = 2024,
	journal      = {arXiv preprint arXiv:2402.17433}
}
@article{amrani2024deep,
	title        = {Deep Representation Learning for Open Vocabulary Electroencephalography-to-Text Decoding},
	author       = {Amrani, Hamza and Micucci, Daniela and Napoletano, Paolo},
	year         = 2024,
	journal      = {IEEE Journal of Biomedical and Health Informatics},
	publisher    = {IEEE}
}
@article{tao2024see,
	title        = {SEE: Semantically Aligned EEG-to-Text Translation},
	author       = {Tao, Yitian and Liang, Yan and Wang, Luoyu and Li, Yongqing and Yang, Qing and Zhang, Han},
	year         = 2024,
	journal      = {arXiv preprint arXiv:2409.16312}
}
@article{mishra2024thought2text,
	title        = {Thought2Text: Text Generation from EEG Signal using Large Language Models (LLMs)},
	author       = {Mishra, Abhijit and Shukla, Shreya and Torres, Jose and Gwizdka, Jacek and Roychowdhury, Shounak},
	year         = 2024,
	journal      = {arXiv preprint arXiv:2410.07507}
}
@article{rathod2024folded,
	title        = {Folded ensemble deep learning based text generation on the brain signal},
	author       = {Rathod, Vasundhara S and Tiwari, Ashish and Kakde, Omprakash G},
	year         = 2024,
	journal      = {Multimedia Tools and Applications},
	publisher    = {Springer},
	pages        = {1--29}
}
@article{chen2025decoding,
	title        = {Decoding text from electroencephalography signals: A novel Hierarchical Gated Recurrent Unit with Masked Residual Attention Mechanism},
	author       = {Chen, Qiupu and Wang, Yimou and Wang, Fenmei and Sun, Duolin and Li, Qiankun},
	year         = 2025,
	journal      = {Engineering Applications of Artificial Intelligence},
	publisher    = {Elsevier},
	volume       = 139,
	pages        = 109615
}
@misc{nemrodovneural,
	title        = {The neural dynamics of facial identity processing: insights from EEG-based pattern analysis and image reconstruction},
	author       = {Nemrodov, D and Niemeier, M and Patel, A and Nestor, A},
	year         = 2018,
	journal      = {eNeuro. 2018; 5: ENEURO. 0358-17.2018}
}
@article{li2020semi,
	title        = {Semi-supervised cross-modal image generation with generative adversarial networks},
	author       = {Li, Dan and Du, Changde and He, Huiguang},
	year         = 2020,
	journal      = {Pattern Recognition},
	publisher    = {Elsevier},
	volume       = 100,
	pages        = 107085
}
@article{wakita2021photorealistic,
	title        = {Photorealistic reconstruction of visual texture from EEG signals},
	author       = {Wakita, Suguru and Orima, Taiki and Motoyoshi, Isamu},
	year         = 2021,
	journal      = {Frontiers in Computational Neuroscience},
	publisher    = {Frontiers Media SA},
	volume       = 15,
	pages        = 754587
}
@article{bai2306dreamdiffusion,
	title        = {Dreamdiffusion: Generating high-quality images from brain eeg signals},
	author       = {Bai, Yunpeng and Wang, Xintao and Cao, Yan-pei and Ge, Yixiao and Yuan, Chun and Shan, Ying},
	year         = 2023,
	journal      = {arXiv preprint arXiv:2306.16934}
}

@article{khaleghi2022visual,
	title        = {Visual saliency and image reconstruction from EEG signals via an effective geometric deep network-based generative adversarial network},
	author       = {Khaleghi, Nastaran and Rezaii, Tohid Yousefi and Beheshti, Soosan and Meshgini, Saeed and Sheykhivand, Sobhan and Danishvar, Sebelan},
	year         = 2022,
	journal      = {Electronics},
	publisher    = {MDPI},
	volume       = 11,
	number       = 21,
	pages        = 3637
}
@misc{shimizu2022improving,
	title        = {Improving classification and reconstruction of imagined images from EEG signals. bioRxiv. Retrieved July 5, 2022},
	author       = {Shimizu, H and Srinivasan, R},
	year         = 2022
}
@article{zeng2023dm,
	title        = {DM-RE2I: A framework based on diffusion model for the reconstruction from EEG to image},
	author       = {Zeng, Hong and Xia, Nianzhang and Qian, Dongguan and Hattori, Motonobu and Wang, Chu and Kong, Wanzeng},
	year         = 2023,
	journal      = {Biomedical Signal Processing and Control},
	publisher    = {Elsevier},
	volume       = 86,
	pages        = 105125
}
@article{mishra2023neurogan,
	title        = {NeuroGAN: image reconstruction from EEG signals via an attention-based GAN},
	author       = {Mishra, Rahul and Sharma, Krishan and Jha, Ranjeet Ranjan and Bhavsar, Arnav},
	year         = 2023,
	journal      = {Neural Computing and Applications},
	publisher    = {Springer},
	volume       = 35,
	number       = 12,
	pages        = {9181--9192}
}
@inproceedings{singh2024learning,
	title        = {Learning Robust Deep Visual Representations from EEG Brain Recordings},
	author       = {Singh, Prajwal and Dalal, Dwip and Vashishtha, Gautam and Miyapuram, Krishna and Raman, Shanmuganathan},
	year         = 2024,
	booktitle    = {Proceedings of the IEEE/CVF Winter Conference on Applications of Computer Vision},
	pages        = {7553--7562}
}
@article{ahmadieh2024visual,
	title        = {Visual image reconstruction based on EEG signals using a generative adversarial and deep fuzzy neural network},
	author       = {Ahmadieh, Hajar and Gassemi, Farnaz and Moradi, Mohammad Hasan},
	year         = 2024,
	journal      = {Biomedical Signal Processing and Control},
	publisher    = {Elsevier},
	volume       = 87,
	pages        = 105497
}
@article{song2023decoding,
	title        = {Decoding Natural Images from EEG for Object Recognition},
	author       = {Song, Yonghao and Liu, Bingchuan and Li, Xiang and Shi, Nanlin and Wang, Yijun and Gao, Xiaorong},
	year         = 2023,
	journal      = {arXiv preprint arXiv:2308.13234}
}
@inproceedings{sugimoto2024image,
	title        = {Image Generation using EEG data: A Contrastive Learning based Approach},
	author       = {Sugimoto, Yuma and Pongthanisorn, Goragod and Capi, Genci},
	year         = 2024,
	booktitle    = {2024 IEEE Canadian Conference on Electrical and Computer Engineering (CCECE)},
	pages        = {794--798},
	organization = {IEEE}
}
@article{li2024visual,
	title        = {Visual decoding and reconstruction via eeg embeddings with guided diffusion},
	author       = {Li, Dongyang and Wei, Chen and Li, Shiying and Zou, Jiachen and Qin, Haoyang and Liu, Quanying},
	year         = 2024,
	journal      = {arXiv preprint arXiv:2403.07721}
}
@inproceedings{radford2021learning,
	title        = {Learning transferable visual models from natural language supervision},
	author       = {Radford, Alec and Kim, Jong Wook and Hallacy, Chris and Ramesh, Aditya and Goh, Gabriel and Agarwal, Sandhini and Sastry, Girish and Askell, Amanda and Mishkin, Pamela and Clark, Jack and others},
	year         = 2021,
	booktitle    = {International conference on machine learning},
	pages        = {8748--8763},
	organization = {PMLR}
}
@inproceedings{krishna2021advancing,
	title        = {Advancing speech synthesis using EEG},
	author       = {Krishna, Gautam and Tran, Co and Carnahan, Mason and Tewfik, Ahmed H},
	year         = 2021,
	booktitle    = {2021 10th International IEEE/EMBS Conference on Neural Engineering (NER)},
	pages        = {199--204},
	organization = {IEEE}
}
@article{ramirez2022eeg2mel,
	title        = {EEG2Mel: Reconstructing sound from brain responses to music},
	author       = {Ramirez-Aristizabal, Adolfo G and Kello, Chris},
	year         = 2022,
	journal      = {arXiv preprint arXiv:2207.13845}
}
@inproceedings{lee2023towards,
	title        = {Towards voice reconstruction from EEG during imagined speech},
	author       = {Lee, Young-Eun and Lee, Seo-Hyun and Kim, Sang-Ho and Lee, Seong-Whan},
	year         = 2023,
	booktitle    = {Proceedings of the AAAI Conference on Artificial Intelligence},
	volume       = 37,
	pages        = {6030--6038}
}
@inproceedings{lee2023speech,
	title        = {Speech Synthesis from Brain Signals Based on Generative Model},
	author       = {Lee, Young-Eun and Kim, Sang-Ho and Lee, Seo-Hyun and Lee, Jung-Sun and Kim, Soowon and Lee, Seong-Whan},
	year         = 2023,
	booktitle    = {2023 11th International Winter Conference on Brain-Computer Interface (BCI)},
	pages        = {1--4},
	organization = {IEEE}
}
@inproceedings{park2024towards,
	title        = {Towards EEG-based Talking-face Generation for Brain Signal-driven Dynamic Communication},
	author       = {Park, Ji-Ha and Lee, Seo-Hyun and Lee, Seong-Whan},
	year         = 2024,
	booktitle    = {2024 46th Annual International Conference of the IEEE Engineering in Medicine and Biology Society (EMBC)},
	pages        = {1--5},
	organization = {IEEE}
}
@article{postolache2024naturalistic,
	title        = {Naturalistic Music Decoding from EEG Data via Latent Diffusion Models},
	author       = {Postolache, Emilian and Polouliakh, Natalia and Kitano, Hiroaki and Connelly, Akima and Rodol{\`a}, Emanuele and Cosmo, Luca and Akama, Taketo},
	year         = 2024,
	journal      = {arXiv preprint arXiv:2405.09062}
}
@article{jiang2024eeg,
	title        = {EEG-driven automatic generation of emotive music based on transformer},
	author       = {Jiang, Hui and Chen, Yu and Wu, Di and Yan, Jinlin},
	year         = 2024,
	journal      = {Frontiers in Neurorobotics},
	publisher    = {Frontiers Media SA},
	volume       = 18,
	pages        = 1437737
}
@inproceedings{mizuno2024investigation,
	title        = {An Investigation on the Speech Recovery from EEG Signals Using Transformer},
	author       = {Mizuno, Tomoaki and Kishida, Takuya and Yoshimura, Natsue and Nakashika, Toru},
	year         = 2024,
	booktitle    = {2024 Asia Pacific Signal and Information Processing Association Annual Summit and Conference (APSIPA ASC)},
	pages        = {1--6},
	organization = {IEEE}
}
@article{lawhern2018eegnet,
	title        = {EEGNet: a compact convolutional neural network for EEG-based brain--computer interfaces},
	author       = {Lawhern, Vernon J and Solon, Amelia J and Waytowich, Nicholas R and Gordon, Stephen M and Hung, Chou P and Lance, Brent J},
	year         = 2018,
	journal      = {Journal of neural engineering},
	publisher    = {iOP Publishing},
	volume       = 15,
	number       = 5,
	pages        = {056013}
}
@inproceedings{bria2021sinc,
	title        = {Sinc-based convolutional neural networks for EEG-BCI-based motor imagery classification},
	author       = {Bria, Alessandro and Marrocco, Claudio and Tortorella, Francesco},
	year         = 2021,
	booktitle    = {International Conference on Pattern Recognition},
	pages        = {526--535},
	organization = {Springer}
}
@article{kong2020hifi,
	title        = {Hifi-gan: Generative adversarial networks for efficient and high fidelity speech synthesis},
	author       = {Kong, Jungil and Kim, Jaehyeon and Bae, Jaekyoung},
	year         = 2020,
	journal      = {Advances in neural information processing systems},
	volume       = 33,
	pages        = {17022--17033}
}
@article{hsu2021hubert,
	title        = {Hubert: Self-supervised speech representation learning by masked prediction of hidden units},
	author       = {Hsu, Wei-Ning and Bolte, Benjamin and Tsai, Yao-Hung Hubert and Lakhotia, Kushal and Salakhutdinov, Ruslan and Mohamed, Abdelrahman},
	year         = 2021,
	journal      = {IEEE/ACM transactions on audio, speech, and language processing},
	publisher    = {IEEE},
	volume       = 29,
	pages        = {3451--3460}
}
@inproceedings{prajwal2020lip,
	title        = {A lip sync expert is all you need for speech to lip generation in the wild},
	author       = {Prajwal, KR and Mukhopadhyay, Rudrabha and Namboodiri, Vinay P and Jawahar, CV},
	year         = 2020,
	booktitle    = {Proceedings of the 28th ACM international conference on multimedia},
	pages        = {484--492}
}
@inproceedings{zhang2023adding,
	title        = {Adding conditional control to text-to-image diffusion models},
	author       = {Zhang, Lvmin and Rao, Anyi and Agrawala, Maneesh},
	year         = 2023,
	booktitle    = {Proceedings of the IEEE/CVF International Conference on Computer Vision},
	pages        = {3836--3847}
}
@article{liu2024audioldm,
	title        = {Audioldm 2: Learning holistic audio generation with self-supervised pretraining},
	author       = {Liu, Haohe and Yuan, Yi and Liu, Xubo and Mei, Xinhao and Kong, Qiuqiang and Tian, Qiao and Wang, Yuping and Wang, Wenwu and Wang, Yuxuan and Plumbley, Mark D},
	year         = 2024,
	journal      = {IEEE/ACM Transactions on Audio, Speech, and Language Processing},
	publisher    = {IEEE}
}
@article{yu2025decoding,
	title        = {Decoding EEG Speech Perception with Transformers and VAE-based Data Augmentation},
	author       = {Yu-Hao Chen, Terrance and Chen, Yulin and Soederhaell, Pontus and Agrawal, Sadrishya and Shapovalenko, Kateryna},
	year         = 2025,
	journal      = {arXiv e-prints},
	pages        = {arXiv--2501}
}

@inproceedings{lin2004rouge,
	title        = {Rouge: A package for automatic evaluation of summaries},
	author       = {Lin, Chin-Yew},
	year         = 2004,
	booktitle    = {Text summarization branches out},
	pages        = {74--81}
}
@article{sellam2020bleurt,
	title        = {BLEURT: Learning robust metrics for text generation},
	author       = {Sellam, Thibault and Das, Dipanjan and Parikh, Ankur P},
	year         = 2020,
	journal      = {arXiv preprint arXiv:2004.04696}
}
@article{salimans2016improved,
	title        = {Improved techniques for training gans},
	author       = {Salimans, Tim and Goodfellow, Ian and Zaremba, Wojciech and Cheung, Vicki and Radford, Alec and Chen, Xi},
	year         = 2016,
	journal      = {Advances in neural information processing systems},
	volume       = 29
}
@article{zeng2023dcae,
	title        = {DCAE: A dual conditional autoencoder framework for the reconstruction from EEG into image},
	author       = {Zeng, Hong and Xia, Nianzhang and Tao, Ming and Pan, Deng and Zheng, Haohao and Wang, Chu and Xu, Feifan and Zakaria, Wael and Dai, Guojun},
	year         = 2023,
	journal      = {Biomedical Signal Processing and Control},
	publisher    = {Elsevier},
	volume       = 81,
	pages        = 104440
}
@article{wang2004image,
	title        = {Image quality assessment: from error visibility to structural similarity},
	author       = {Wang, Zhou and Bovik, Alan C and Sheikh, Hamid R and Simoncelli, Eero P},
	year         = 2004,
	journal      = {IEEE transactions on image processing},
	publisher    = {IEEE},
	volume       = 13,
	number       = 4,
	pages        = {600--612}
}
@article{xu2024alljoined,
	title        = {Alljoined--A dataset for EEG-to-Image decoding},
	author       = {Xu, Jonathan and Aristimunha, Bruno and Feucht, Max Emanuel and Qian, Emma and Liu, Charles and Shahjahan, Tazik and Spyra, Martyna and Zhang, Steven Zifan and Short, Nicholas and Kim, Jioh and others},
	year         = 2024,
	journal      = {arXiv preprint arXiv:2404.05553}
}
@inproceedings{lin2014microsoft,
	title        = {Microsoft coco: Common objects in context},
	author       = {Lin, Tsung-Yi and Maire, Michael and Belongie, Serge and Hays, James and Perona, Pietro and Ramanan, Deva and Doll{\'a}r, Piotr and Zitnick, C Lawrence},
	year         = 2014,
	booktitle    = {Computer Vision--ECCV 2014: 13th European Conference, Zurich, Switzerland, September 6-12, 2014, Proceedings, Part V 13},
	pages        = {740--755},
	organization = {Springer}
}

@article{russakovsky2015imagenet,
	title        = {Imagenet large scale visual recognition challenge},
	author       = {Russakovsky, Olga and Deng, Jia and Su, Hao and Krause, Jonathan and Satheesh, Sanjeev and Ma, Sean and Huang, Zhiheng and Karpathy, Andrej and Khosla, Aditya and Bernstein, Michael and others},
	year         = 2015,
	journal      = {International journal of computer vision},
	publisher    = {Springer},
	volume       = 115,
	pages        = {211--252}
}
@article{kumar2018envisioned,
	title        = {Envisioned speech recognition using EEG sensors},
	author       = {Kumar, Pradeep and Saini, Rajkumar and Roy, Partha Pratim and Sahu, Pawan Kumar and Dogra, Debi Prosad},
	year         = 2018,
	journal      = {Personal and Ubiquitous Computing},
	publisher    = {Springer},
	volume       = 22,
	pages        = {185--199}
}
@article{orima2021analysis,
	title        = {Analysis and synthesis of natural texture perception from visual evoked potentials},
	author       = {Orima, Taiki and Motoyoshi, Isamu},
	year         = 2021,
	journal      = {Frontiers in Neuroscience},
	publisher    = {Frontiers Media SA},
	volume       = 15,
	pages        = 698940
}
@article{hebart2019things,
	title        = {THINGS: A database of 1,854 object concepts and more than 26,000 naturalistic object images},
	author       = {Hebart, Martin N and Dickter, Adam H and Kidder, Alexis and Kwok, Wan Y and Corriveau, Anna and Van Wicklin, Caitlin and Baker, Chris I},
	year         = 2019,
	journal      = {PloS one},
	publisher    = {Public Library of Science San Francisco, CA USA},
	volume       = 14,
	number       = 10,
	pages        = {e0223792}
}
@article{grootswagers2022human,
	title        = {Human EEG recordings for 1,854 concepts presented in rapid serial visual presentation streams},
	author       = {Grootswagers, Tijl and Zhou, Ivy and Robinson, Amanda K and Hebart, Martin N and Carlson, Thomas A},
	year         = 2022,
	journal      = {Scientific Data},
	publisher    = {Nature Publishing Group UK London},
	volume       = 9,
	number       = 1,
	pages        = 3
}
@article{kaneshiro2015representational,
	title        = {A representational similarity analysis of the dynamics of object processing using single-trial EEG classification},
	author       = {Kaneshiro, Blair and Perreau Guimaraes, Marcos and Kim, Hyung-Suk and Norcia, Anthony M and Suppes, Patrick},
	year         = 2015,
	journal      = {Plos one},
	publisher    = {Public Library of Science San Francisco, CA USA},
	volume       = 10,
	number       = 8,
	pages        = {e0135697}
}
@inproceedings{losorelli2017nmed,
	title        = {NMED-T: A Tempo-Focused Dataset of Cortical and Behavioral Responses to Naturalistic Music.},
	author       = {Losorelli, Steven and Nguyen, Duc T and Dmochowski, Jacek P and Kaneshiro, Blair},
	year         = 2017,
	booktitle    = {ISMIR},
	volume       = 3,
	pages        = 5
}
@incollection{kaneshiro2016naturalistic,
	title        = {Naturalistic music EEG dataset—hindi (nmed-h)},
	author       = {Kaneshiro, Blair and Nguyen, Duc T and Dmochowski, Jacek P and Norcia, Anthony M and Berger, Jonathan},
	year         = 2016,
	booktitle    = {Stanford Digital Repository},
	publisher    = {Stanford Digit. Repository}
}
@inproceedings{zhao2015classifying,
	title        = {Classifying phonological categories in imagined and articulated speech},
	author       = {Zhao, Shunan and Rudzicz, Frank},
	year         = 2015,
	booktitle    = {2015 IEEE international conference on acoustics, speech and signal processing (ICASSP)},
	pages        = {992--996},
	organization = {IEEE}
}
@article{kurematsu1990atr,
	title        = {ATR Japanese speech database as a tool of speech recognition and synthesis},
	author       = {Kurematsu, Akira and Takeda, Kazuya and Sagisaka, Yoshinori and Katagiri, Shigeru and Kuwabara, Hisao and Shikano, Kiyohiro},
	year         = 1990,
	journal      = {Speech communication},
	publisher    = {Elsevier},
	volume       = 9,
	number       = 4,
	pages        = {357--363}
}
@article{ikegawa2024text,
	title        = {Text and image generation from intracranial electroencephalography using an embedding space for text and images},
	author       = {Ikegawa, Yuya and Fukuma, Ryohei and Sugano, Hidenori and Oshino, Satoru and Tani, Naoki and Tamura, Kentaro and Iimura, Yasushi and Suzuki, Hiroharu and Yamamoto, Shota and Fujita, Yuya and others},
	year         = 2024,
	journal      = {Journal of Neural Engineering},
	publisher    = {IOP Publishing},
	volume       = 21,
	number       = 3,
	pages        = {036019}
}

@article{zander2010enhancing,
  title={Enhancing human-computer interaction with input from active and passive brain-computer interfaces},
  author={Zander, Thorsten O and Kothe, Christian and Jatzev, Sabine and Gaertner, Matti},
  journal={Brain-computer interfaces: Applying our minds to human-computer interaction},
  pages={181--199},
  year={2010},
  publisher={Springer}
}

@incollection{wolpaw2010brain,
  title={Brain signals for brain--computer interfaces},
  author={Wolpaw, Jonathan R and Boulay, Chadwick B},
  booktitle={Brain-Computer Interfaces: Revolutionizing Human-Computer Interaction},
  pages={29--46},
  year={2010},
  publisher={Springer}
}