@misc{berthelot2023tractdenoisingdiffusionmodels,
      title={TRACT: Denoising Diffusion Models with Transitive Closure Time-Distillation}, 
      author={David Berthelot and Arnaud Autef and Jierui Lin and Dian Ang Yap and Shuangfei Zhai and Siyuan Hu and Daniel Zheng and Walter Talbott and Eric Gu},
      year={2023},
      eprint={2303.04248},
      archivePrefix={arXiv},
      primaryClass={cs.LG},
      url={https://arxiv.org/abs/2303.04248}, 
}

@misc{betasampling,
      title={Beta Sampling is All You Need: Efficient Image Generation Strategy for Diffusion Models using Stepwise Spectral Analysis}, 
      author={Haeil Lee and Hansang Lee and Seoyeon Gye and Junmo Kim},
      year={2024},
      eprint={2407.12173},
      archivePrefix={arXiv},
      primaryClass={cs.CV},
      url={https://arxiv.org/abs/2407.12173}, 
}

@article{brock2018large,
  title={Large Scale GAN Training for High Fidelity Natural Image Synthesis},
  author={Brock, Andrew},
  journal={arXiv preprint arXiv:1809.11096},
  year={2018}
}

@article{cai2024flextron,
  title={Flextron: Many-in-One Flexible Large Language Model},
  author={Cai, Ruisi and Muralidharan, Saurav and Heinrich, Greg and Yin, Hongxu and Wang, Zhangyang and Kautz, Jan and Molchanov, Pavlo},
  journal={arXiv preprint arXiv:2406.10260},
  year={2024}
}

@article{cai2024matryoshka,
  title={Matryoshka Multimodal Models},
  author={Cai, Mu and Yang, Jianwei and Gao, Jianfeng and Lee, Yong Jae},
  journal={arXiv preprint arXiv:2405.17430},
  year={2024}
}

@inproceedings{chang2022maskgit,
  title={Maskgit: Masked generative image transformer},
  author={Chang, Huiwen and Zhang, Han and Jiang, Lu and Liu, Ce and Freeman, William T},
  booktitle={Proceedings of the IEEE/CVF Conference on Computer Vision and Pattern Recognition},
  pages={11315--11325},
  year={2022}
}

@misc{choi2022perceptionprioritizedtrainingdiffusion,
      title={Perception Prioritized Training of Diffusion Models}, 
      author={Jooyoung Choi and Jungbeom Lee and Chaehun Shin and Sungwon Kim and Hyunwoo Kim and Sungroh Yoon},
      year={2022},
      eprint={2204.00227},
      archivePrefix={arXiv},
      primaryClass={cs.CV},
      url={https://arxiv.org/abs/2204.00227}, 
}

@misc{esser2024scalingrectifiedflowtransformers,
      title={Scaling Rectified Flow Transformers for High-Resolution Image Synthesis}, 
      author={Patrick Esser and Sumith Kulal and Andreas Blattmann and Rahim Entezari and Jonas Müller and Harry Saini and Yam Levi and Dominik Lorenz and Axel Sauer and Frederic Boesel and Dustin Podell and Tim Dockhorn and Zion English and Kyle Lacey and Alex Goodwin and Yannik Marek and Robin Rombach},
      year={2024},
      eprint={2403.03206},
      archivePrefix={arXiv},
      primaryClass={cs.CV},
      url={https://arxiv.org/abs/2403.03206}, 
}

@misc{feng2024relationaldiffusiondistillationefficient,
      title={Relational Diffusion Distillation for Efficient Image Generation}, 
      author={Weilun Feng and Chuanguang Yang and Zhulin An and Libo Huang and Boyu Diao and Fei Wang and Yongjun Xu},
      year={2024},
      eprint={2410.07679},
      archivePrefix={arXiv},
      primaryClass={cs.CV},
      url={https://arxiv.org/abs/2410.07679}, 
}

@inproceedings{hoogeboom2023simple,
  title={simple diffusion: End-to-end diffusion for high resolution images},
  author={Hoogeboom, Emiel and Heek, Jonathan and Salimans, Tim},
  booktitle={International Conference on Machine Learning},
  pages={13213--13232},
  year={2023},
  organization={PMLR}
}

@article{hu2024matryoshka,
  title={Matryoshka Query Transformer for Large Vision-Language Models},
  author={Hu, Wenbo and Dou, Zi-Yi and Li, Liunian Harold and Kamath, Amita and Peng, Nanyun and Chang, Kai-Wei},
  journal={arXiv preprint arXiv:2405.19315},
  year={2024}
}

@misc{jain2024mixturenestedexpertsadaptive,
      title={Mixture of Nested Experts: Adaptive Processing of Visual Tokens}, 
      author={Gagan Jain and Nidhi Hegde and Aditya Kusupati and Arsha Nagrani and Shyamal Buch and Prateek Jain and Anurag Arnab and Sujoy Paul},
      year={2024},
      eprint={2407.19985},
      archivePrefix={arXiv},
      primaryClass={cs.CV},
      url={https://arxiv.org/abs/2407.19985}, 
}

@article{kingma2023understanding,
  title={Understanding the diffusion objective as a weighted integral of elbos},
  author={Kingma, Diederik P and Gao, Ruiqi},
  journal={arXiv preprint arXiv:2303.00848},
  volume={2},
  year={2023}
}

@misc{kong2021fastsamplingdiffusionprobabilistic,
      title={On Fast Sampling of Diffusion Probabilistic Models}, 
      author={Zhifeng Kong and Wei Ping},
      year={2021},
      eprint={2106.00132},
      archivePrefix={arXiv},
      primaryClass={cs.LG},
      url={https://arxiv.org/abs/2106.00132}, 
}

@article{kudugunta2023matformer,
  title={Matformer: Nested transformer for elastic inference},
  author={Kudugunta, Sneha and Kusupati, Aditya and Dettmers, Tim and Chen, Kaifeng and Dhillon, Inderjit and Tsvetkov, Yulia and Hajishirzi, Hannaneh and Kakade, Sham and Farhadi, Ali and Jain, Prateek and others},
  journal={arXiv preprint arXiv:2310.07707},
  year={2023}
}

@article{kusupati2022matryoshka,
  title={Matryoshka representation learning},
  author={Kusupati, Aditya and Bhatt, Gantavya and Rege, Aniket and Wallingford, Matthew and Sinha, Aditya and Ramanujan, Vivek and Howard-Snyder, William and Chen, Kaifeng and Kakade, Sham and Jain, Prateek and others},
  journal={Advances in Neural Information Processing Systems},
  volume={35},
  pages={30233--30249},
  year={2022}
}

@misc{ldm,
      title={High-Resolution Image Synthesis with Latent Diffusion Models}, 
      author={Robin Rombach and Andreas Blattmann and Dominik Lorenz and Patrick Esser and Björn Ommer},
      year={2022},
      eprint={2112.10752},
      archivePrefix={arXiv},
      primaryClass={cs.CV},
      url={https://arxiv.org/abs/2112.10752}, 
}

@misc{lee2023multiarchitecturemultiexpertdiffusionmodels,
      title={Multi-Architecture Multi-Expert Diffusion Models}, 
      author={Yunsung Lee and Jin-Young Kim and Hyojun Go and Myeongho Jeong and Shinhyeok Oh and Seungtaek Choi},
      year={2023},
      eprint={2306.04990},
      archivePrefix={arXiv},
      primaryClass={cs.CV},
      url={https://arxiv.org/abs/2306.04990}, 
}

@misc{li2023autodiffusiontrainingfreeoptimizationtime,
      title={AutoDiffusion: Training-Free Optimization of Time Steps and Architectures for Automated Diffusion Model Acceleration}, 
      author={Lijiang Li and Huixia Li and Xiawu Zheng and Jie Wu and Xuefeng Xiao and Rui Wang and Min Zheng and Xin Pan and Fei Chao and Rongrong Ji},
      year={2023},
      eprint={2309.10438},
      archivePrefix={arXiv},
      primaryClass={cs.CV},
      url={https://arxiv.org/abs/2309.10438}, 
}

@misc{liu2022pseudonumericalmethodsdiffusion,
      title={Pseudo Numerical Methods for Diffusion Models on Manifolds}, 
      author={Luping Liu and Yi Ren and Zhijie Lin and Zhou Zhao},
      year={2022},
      eprint={2202.09778},
      archivePrefix={arXiv},
      primaryClass={cs.CV},
      url={https://arxiv.org/abs/2202.09778}, 
}

@misc{lu2022dpmsolverfastodesolver,
      title={DPM-Solver: A Fast ODE Solver for Diffusion Probabilistic Model Sampling in Around 10 Steps}, 
      author={Cheng Lu and Yuhao Zhou and Fan Bao and Jianfei Chen and Chongxuan Li and Jun Zhu},
      year={2022},
      eprint={2206.00927},
      archivePrefix={arXiv},
      primaryClass={cs.LG},
      url={https://arxiv.org/abs/2206.00927}, 
}

@misc{meng2023distillationguideddiffusionmodels,
      title={On Distillation of Guided Diffusion Models}, 
      author={Chenlin Meng and Robin Rombach and Ruiqi Gao and Diederik P. Kingma and Stefano Ermon and Jonathan Ho and Tim Salimans},
      year={2023},
      eprint={2210.03142},
      archivePrefix={arXiv},
      primaryClass={cs.CV},
      url={https://arxiv.org/abs/2210.03142}, 
}

@misc{nichol2021improveddenoisingdiffusionprobabilistic,
      title={Improved Denoising Diffusion Probabilistic Models}, 
      author={Alex Nichol and Prafulla Dhariwal},
      year={2021},
      eprint={2102.09672},
      archivePrefix={arXiv},
      primaryClass={cs.LG},
      url={https://arxiv.org/abs/2102.09672}, 
}

@misc{park2023understandinglatentspacediffusion,
      title={Understanding the Latent Space of Diffusion Models through the Lens of Riemannian Geometry}, 
      author={Yong-Hyun Park and Mingi Kwon and Jaewoong Choi and Junghyo Jo and Youngjung Uh},
      year={2023},
      eprint={2307.12868},
      archivePrefix={arXiv},
      primaryClass={cs.CV},
      url={https://arxiv.org/abs/2307.12868}, 
}

@misc{peebles2023scalablediffusionmodelstransformers,
      title={Scalable Diffusion Models with Transformers}, 
      author={William Peebles and Saining Xie},
      year={2023},
      eprint={2212.09748},
      archivePrefix={arXiv},
      primaryClass={cs.CV},
      url={https://arxiv.org/abs/2212.09748}, 
}

@inproceedings{rippel2014learning,
  title={Learning ordered representations with nested dropout},
  author={Rippel, Oren and Gelbart, Michael and Adams, Ryan},
  booktitle={International Conference on Machine Learning},
  pages={1746--1754},
  year={2014},
  organization={PMLR}
}

@misc{salimans2022progressivedistillationfastsampling,
      title={Progressive Distillation for Fast Sampling of Diffusion Models}, 
      author={Tim Salimans and Jonathan Ho},
      year={2022},
      eprint={2202.00512},
      archivePrefix={arXiv},
      primaryClass={cs.LG},
      url={https://arxiv.org/abs/2202.00512}, 
}

@misc{sauer2022styleganxlscalingstyleganlarge,
      title={StyleGAN-XL: Scaling StyleGAN to Large Diverse Datasets}, 
      author={Axel Sauer and Katja Schwarz and Andreas Geiger},
      year={2022},
      eprint={2202.00273},
      archivePrefix={arXiv},
      primaryClass={cs.LG},
      url={https://arxiv.org/abs/2202.00273}, 
}

@misc{song2022denoisingdiffusionimplicitmodels,
      title={Denoising Diffusion Implicit Models}, 
      author={Jiaming Song and Chenlin Meng and Stefano Ermon},
      year={2022},
      eprint={2010.02502},
      archivePrefix={arXiv},
      primaryClass={cs.LG},
      url={https://arxiv.org/abs/2010.02502}, 
}

@misc{song2023consistencymodels,
      title={Consistency Models}, 
      author={Yang Song and Prafulla Dhariwal and Mark Chen and Ilya Sutskever},
      year={2023},
      eprint={2303.01469},
      archivePrefix={arXiv},
      primaryClass={cs.LG},
      url={https://arxiv.org/abs/2303.01469}, 
}

@misc{tian2024visualautoregressivemodelingscalable,
      title={Visual Autoregressive Modeling: Scalable Image Generation via Next-Scale Prediction}, 
      author={Keyu Tian and Yi Jiang and Zehuan Yuan and Bingyue Peng and Liwei Wang},
      year={2024},
      eprint={2404.02905},
      archivePrefix={arXiv},
      primaryClass={cs.CV},
      url={https://arxiv.org/abs/2404.02905}, 
}

@misc{watson2022learningfastsamplersdiffusion,
      title={Learning Fast Samplers for Diffusion Models by Differentiating Through Sample Quality}, 
      author={Daniel Watson and William Chan and Jonathan Ho and Mohammad Norouzi},
      year={2022},
      eprint={2202.05830},
      archivePrefix={arXiv},
      primaryClass={cs.LG},
      url={https://arxiv.org/abs/2202.05830}, 
}

@misc{weber2024maskbitembeddingfreeimagegeneration,
      title={MaskBit: Embedding-free Image Generation via Bit Tokens}, 
      author={Mark Weber and Lijun Yu and Qihang Yu and Xueqing Deng and Xiaohui Shen and Daniel Cremers and Liang-Chieh Chen},
      year={2024},
      eprint={2409.16211},
      archivePrefix={arXiv},
      primaryClass={cs.CV},
      url={https://arxiv.org/abs/2409.16211}, 
}

@inproceedings{yan2024diffusion,
  title={Diffusion models without attention},
  author={Yan, Jing Nathan and Gu, Jiatao and Rush, Alexander M},
  booktitle={Proceedings of the IEEE/CVF Conference on Computer Vision and Pattern Recognition},
  pages={8239--8249},
  year={2024}
}

@misc{yang2024denoisingdiffusionstepawaremodels,
      title={Denoising Diffusion Step-aware Models}, 
      author={Shuai Yang and Yukang Chen and Luozhou Wang and Shu Liu and Yingcong Chen},
      year={2024},
      eprint={2310.03337},
      archivePrefix={arXiv},
      primaryClass={cs.CV},
      url={https://arxiv.org/abs/2310.03337}, 
}

@article{yu2023language,
  title={Language Model Beats Diffusion--Tokenizer is Key to Visual Generation},
  author={Yu, Lijun and Lezama, Jos{\'e} and Gundavarapu, Nitesh B and Versari, Luca and Sohn, Kihyuk and Minnen, David and Cheng, Yong and Gupta, Agrim and Gu, Xiuye and Hauptmann, Alexander G and others},
  journal={arXiv preprint arXiv:2310.05737},
  year={2023}
}

@inproceedings{yu2023magvit,
  title={Magvit: Masked generative video transformer},
  author={Yu, Lijun and Cheng, Yong and Sohn, Kihyuk and Lezama, Jos{\'e} and Zhang, Han and Chang, Huiwen and Hauptmann, Alexander G and Yang, Ming-Hsuan and Hao, Yuan and Essa, Irfan and others},
  booktitle={Proceedings of the IEEE/CVF Conference on Computer Vision and Pattern Recognition},
  pages={10459--10469},
  year={2023}
}

@misc{yu2024imageworth32tokens,
      title={An Image is Worth 32 Tokens for Reconstruction and Generation}, 
      author={Qihang Yu and Mark Weber and Xueqing Deng and Xiaohui Shen and Daniel Cremers and Liang-Chieh Chen},
      year={2024},
      eprint={2406.07550},
      archivePrefix={arXiv},
      primaryClass={cs.CV},
      url={https://arxiv.org/abs/2406.07550}, 
}

@misc{yu2024representationalignmentgenerationtraining,
      title={Representation Alignment for Generation: Training Diffusion Transformers Is Easier Than You Think}, 
      author={Sihyun Yu and Sangkyung Kwak and Huiwon Jang and Jongheon Jeong and Jonathan Huang and Jinwoo Shin and Saining Xie},
      year={2024},
      eprint={2410.06940},
      archivePrefix={arXiv},
      primaryClass={cs.CV},
      url={https://arxiv.org/abs/2410.06940}, 
}

@article{yuan2024ditfastattn,
  title={Ditfastattn: Attention compression for diffusion transformer models},
  author={Yuan, Zhihang and Zhang, Hanling and Lu, Pu and Ning, Xuefei and Zhang, Linfeng and Zhao, Tianchen and Yan, Shengen and Dai, Guohao and Wang, Yu},
  journal={arXiv preprint arXiv:2406.08552},
  year={2024}
}

