@inproceedings{chang2022maskgit,
  title={Maskgit: Masked generative image transformer},
  author={Chang, Huiwen and Zhang, Han and Jiang, Lu and Liu, Ce and Freeman, William T},
  booktitle={Proceedings of the IEEE/CVF Conference on Computer Vision and Pattern Recognition},
  pages={11315--11325},
  year={2022}
}

@article{kondratyuk2023videopoet,
  title={Videopoet: A large language model for zero-shot video generation},
  author={Kondratyuk, Dan and Yu, Lijun and Gu, Xiuye and Lezama, Jos{\'e} and Huang, Jonathan and Hornung, Rachel and Adam, Hartwig and Akbari, Hassan and Alon, Yair and Birodkar, Vighnesh and others},
  journal={ICML},
  year={2024}
}

@inproceedings{esser2021taming,
  title={Taming transformers for high-resolution image synthesis},
  author={Esser, Patrick and Rombach, Robin and Ommer, Bjorn},
  booktitle={CVPR},
  pages={12873--12883},
  year={2021}
}


@article{yuan2024ditfastattn,
  title={Ditfastattn: Attention compression for diffusion transformer models},
  author={Yuan, Zhihang and Zhang, Hanling and Lu, Pu and Ning, Xuefei and Zhang, Linfeng and Zhao, Tianchen and Yan, Shengen and Dai, Guohao and Wang, Yu},
  journal={arXiv preprint arXiv:2406.08552},
  year={2024}
}
@article{kudugunta2023matformer,
  title={Matformer: Nested transformer for elastic inference},
  author={Kudugunta, Sneha and Kusupati, Aditya and Dettmers, Tim and Chen, Kaifeng and Dhillon, Inderjit and Tsvetkov, Yulia and Hajishirzi, Hannaneh and Kakade, Sham and Farhadi, Ali and Jain, Prateek and others},
  journal={arXiv preprint arXiv:2310.07707},
  year={2023}
}

@inproceedings{yu2023magvit,
  title={Magvit: Masked generative video transformer},
  author={Yu, Lijun and Cheng, Yong and Sohn, Kihyuk and Lezama, Jos{\'e} and Zhang, Han and Chang, Huiwen and Hauptmann, Alexander G and Yang, Ming-Hsuan and Hao, Yuan and Essa, Irfan and others},
  booktitle={Proceedings of the IEEE/CVF Conference on Computer Vision and Pattern Recognition},
  pages={10459--10469},
  year={2023}
}

@misc{soomro2012ucf101dataset101human,
      title={UCF101: A Dataset of 101 Human Actions Classes From Videos in The Wild}, 
      author={Khurram Soomro and Amir Roshan Zamir and Mubarak Shah},
      year={2012},
      eprint={1212.0402},
      archivePrefix={arXiv},
      primaryClass={cs.CV},
      url={https://arxiv.org/abs/1212.0402}, 
}
@misc{carreira2018shortnotekinetics600,
      title={A Short Note about Kinetics-600}, 
      author={Joao Carreira and Eric Noland and Andras Banki-Horvath and Chloe Hillier and Andrew Zisserman},
      year={2018},
      eprint={1808.01340},
      archivePrefix={arXiv},
      primaryClass={cs.CV},
      url={https://arxiv.org/abs/1808.01340}, 
}

@inproceedings{deng2009imagenet,
  title={Imagenet: A large-scale hierarchical image database},
  author={Deng, Jia and Dong, Wei and Socher, Richard and Li, Li-Jia and Li, Kai and Fei-Fei, Li},
  booktitle={2009 IEEE conference on computer vision and pattern recognition},
  pages={248--255},
  year={2009},
  organization={Ieee}
}

@article{heusel2017gans,
  title={Gans trained by a two time-scale update rule converge to a local nash equilibrium},
  author={Heusel, Martin and Ramsauer, Hubert and Unterthiner, Thomas and Nessler, Bernhard and Hochreiter, Sepp},
  journal={Advances in neural information processing systems},
  volume={30},
  year={2017}
}

@article{unterthiner2019fvd,
  title={FVD: A new metric for video generation},
  author={Unterthiner, Thomas and van Steenkiste, Sjoerd and Kurach, Karol and Marinier, Rapha{\"e}l and Michalski, Marcin and Gelly, Sylvain},
  year={2019}
}

@misc{salimans2016improvedtechniquestraininggans,
      title={Improved Techniques for Training GANs}, 
      author={Tim Salimans and Ian Goodfellow and Wojciech Zaremba and Vicki Cheung and Alec Radford and Xi Chen},
      year={2016},
      eprint={1606.03498},
      archivePrefix={arXiv},
      primaryClass={cs.LG},
      url={https://arxiv.org/abs/1606.03498}, 
}

@inproceedings{tran2015learning,
  title={Learning spatiotemporal features with 3d convolutional networks},
  author={Tran, Du and Bourdev, Lubomir and Fergus, Rob and Torresani, Lorenzo and Paluri, Manohar},
  booktitle={Proceedings of the IEEE international conference on computer vision},
  pages={4489--4497},
  year={2015}
}

@misc{markovgen,
      title={MarkovGen: Structured Prediction for Efficient Text-to-Image Generation}, 
      author={Sadeep Jayasumana and Daniel Glasner and Srikumar Ramalingam and Andreas Veit and Ayan Chakrabarti and Sanjiv Kumar},
      year={2023},
      eprint={2308.10997},
      archivePrefix={arXiv},
      primaryClass={cs.CV},
      url={https://arxiv.org/abs/2308.10997}, 
}

@misc{imagen,
      title={Photorealistic Text-to-Image Diffusion Models with Deep Language Understanding}, 
      author={Chitwan Saharia and William Chan and Saurabh Saxena and Lala Li and Jay Whang and Emily Denton and Seyed Kamyar Seyed Ghasemipour and Burcu Karagol Ayan and S. Sara Mahdavi and Rapha Gontijo Lopes and Tim Salimans and Jonathan Ho and David J Fleet and Mohammad Norouzi},
      year={2022},
      eprint={2205.11487},
      archivePrefix={arXiv},
      primaryClass={cs.CV},
      url={https://arxiv.org/abs/2205.11487}, 
}

@misc{ldm,
      title={High-Resolution Image Synthesis with Latent Diffusion Models}, 
      author={Robin Rombach and Andreas Blattmann and Dominik Lorenz and Patrick Esser and Bj√∂rn Ommer},
      year={2022},
      eprint={2112.10752},
      archivePrefix={arXiv},
      primaryClass={cs.CV},
      url={https://arxiv.org/abs/2112.10752}, 
}

@misc{dalle2,
      title={Hierarchical Text-Conditional Image Generation with CLIP Latents}, 
      author={Aditya Ramesh and Prafulla Dhariwal and Alex Nichol and Casey Chu and Mark Chen},
      year={2022},
      eprint={2204.06125},
      archivePrefix={arXiv},
      primaryClass={cs.CV},
      url={https://arxiv.org/abs/2204.06125}, 
}
@article{yu2021vector,
  title={Vector-quantized image modeling with improved vqgan},
  author={Yu, Jiahui and Li, Xin and Koh, Jing Yu and Zhang, Han and Pang, Ruoming and Qin, James and Ku, Alexander and Xu, Yuanzhong and Baldridge, Jason and Wu, Yonghui},
  journal={arXiv preprint arXiv:2110.04627},
  year={2021}
}

@misc{parti,
      title={Scaling Autoregressive Models for Content-Rich Text-to-Image Generation}, 
      author={Jiahui Yu and Yuanzhong Xu and Jing Yu Koh and Thang Luong and Gunjan Baid and Zirui Wang and Vijay Vasudevan and Alexander Ku and Yinfei Yang and Burcu Karagol Ayan and Ben Hutchinson and Wei Han and Zarana Parekh and Xin Li and Han Zhang and Jason Baldridge and Yonghui Wu},
      year={2022},
      eprint={2206.10789},
      archivePrefix={arXiv},
      primaryClass={cs.CV},
      url={https://arxiv.org/abs/2206.10789}, 
}

@misc{vqdiffusion,
      title={Vector Quantized Diffusion Model for Text-to-Image Synthesis},
      author={Shuyang Gu and Dong Chen and Jianmin Bao and Fang Wen and Bo Zhang and Dongdong Chen and Lu Yuan and Baining Guo},
      year={2022},
      eprint={2111.14822},
      archivePrefix={arXiv},
      primaryClass={cs.CV},
      url={https://arxiv.org/abs/2111.14822}, 
}

@article{chang2023muse,
  title={Muse: Text-to-image generation via masked generative transformers},
  author={Chang, Huiwen and Zhang, Han and Barber, Jarred and Maschinot, AJ and Lezama, Jose and Jiang, Lu and Yang, Ming-Hsuan and Murphy, Kevin and Freeman, William T and Rubinstein, Michael and others},
  journal={arXiv preprint arXiv:2301.00704},
  year={2023}
}

@misc{bert,
      title={BERT: Pre-training of Deep Bidirectional Transformers for Language Understanding}, 
      author={Jacob Devlin and Ming-Wei Chang and Kenton Lee and Kristina Toutanova},
      year={2019},
      eprint={1810.04805},
      archivePrefix={arXiv},
      primaryClass={cs.CL},
      url={https://arxiv.org/abs/1810.04805}, 
}

@inproceedings{chen2020generative,
  title={Generative pretraining from pixels},
  author={Chen, Mark and Radford, Alec and Child, Rewon and Wu, Jeffrey and Jun, Heewoo and Luan, David and Sutskever, Ilya},
  booktitle={International conference on machine learning},
  pages={1691--1703},
  year={2020},
  organization={PMLR}
}

@article{yu2023language,
  title={Language Model Beats Diffusion--Tokenizer is Key to Visual Generation},
  author={Yu, Lijun and Lezama, Jos{\'e} and Gundavarapu, Nitesh B and Versari, Luca and Sohn, Kihyuk and Minnen, David and Cheng, Yong and Gupta, Agrim and Gu, Xiuye and Hauptmann, Alexander G and others},
  journal={arXiv preprint arXiv:2310.05737},
  year={2023}
}

@misc{ge2022longvideogenerationtimeagnostic,
      title={Long Video Generation with Time-Agnostic VQGAN and Time-Sensitive Transformer}, 
      author={Songwei Ge and Thomas Hayes and Harry Yang and Xi Yin and Guan Pang and David Jacobs and Jia-Bin Huang and Devi Parikh},
      year={2022},
      eprint={2204.03638},
      archivePrefix={arXiv},
      primaryClass={cs.CV},
      url={https://arxiv.org/abs/2204.03638}, 
}

@inproceedings{yoo2023towards,
  title={Towards end-to-end generative modeling of long videos with memory-efficient bidirectional transformers},
  author={Yoo, Jaehoon and Kim, Semin and Lee, Doyup and Kim, Chiheon and Hong, Seunghoon},
  booktitle={Proceedings of the IEEE/CVF Conference on Computer Vision and Pattern Recognition},
  pages={22888--22897},
  year={2023}
}

@inproceedings{gao2023masked,
  title={Masked diffusion transformer is a strong image synthesizer},
  author={Gao, Shanghua and Zhou, Pan and Cheng, Ming-Ming and Yan, Shuicheng},
  booktitle={Proceedings of the IEEE/CVF International Conference on Computer Vision},
  pages={23164--23173},
  year={2023}
}

@inproceedings{rombach2022high,
  title={High-resolution image synthesis with latent diffusion models},
  author={Rombach, Robin and Blattmann, Andreas and Lorenz, Dominik and Esser, Patrick and Ommer, Bj{\"o}rn},
  booktitle={Proceedings of the IEEE/CVF conference on computer vision and pattern recognition},
  pages={10684--10695},
  year={2022}
}
@article{voleti2022mcvd,
  title={Mcvd-masked conditional video diffusion for prediction, generation, and interpolation},
  author={Voleti, Vikram and Jolicoeur-Martineau, Alexia and Pal, Chris},
  journal={Advances in neural information processing systems},
  volume={35},
  pages={23371--23385},
  year={2022}
}

@inproceedings{loudiscrete,
  title={Discrete Diffusion Modeling by Estimating the Ratios of the Data Distribution},
  author={Lou, Aaron and Meng, Chenlin and Ermon, Stefano},
  booktitle={Forty-first International Conference on Machine Learning}
}

@article{ho2020denoising,
  title={Denoising diffusion probabilistic models},
  author={Ho, Jonathan and Jain, Ajay and Abbeel, Pieter},
  journal={Advances in neural information processing systems},
  volume={33},
  pages={6840--6851},
  year={2020}
}

@article{dhariwal2021diffusion,
  title={Diffusion models beat gans on image synthesis},
  author={Dhariwal, Prafulla and Nichol, Alexander},
  journal={Advances in neural information processing systems},
  volume={34},
  pages={8780--8794},
  year={2021}
}

@article{saharia2022photorealistic,
  title={Photorealistic text-to-image diffusion models with deep language understanding},
  author={Saharia, Chitwan and Chan, William and Saxena, Saurabh and Li, Lala and Whang, Jay and Denton, Emily L and Ghasemipour, Kamyar and Gontijo Lopes, Raphael and Karagol Ayan, Burcu and Salimans, Tim and others},
  journal={Advances in neural information processing systems},
  volume={35},
  pages={36479--36494},
  year={2022}
}

@misc{peebles2023scalablediffusionmodelstransformers,
      title={Scalable Diffusion Models with Transformers}, 
      author={William Peebles and Saining Xie},
      year={2023},
      eprint={2212.09748},
      archivePrefix={arXiv},
      primaryClass={cs.CV},
      url={https://arxiv.org/abs/2212.09748}, 
}

@article{kusupati2022matryoshka,
  title={Matryoshka representation learning},
  author={Kusupati, Aditya and Bhatt, Gantavya and Rege, Aniket and Wallingford, Matthew and Sinha, Aditya and Ramanujan, Vivek and Howard-Snyder, William and Chen, Kaifeng and Kakade, Sham and Jain, Prateek and others},
  journal={Advances in Neural Information Processing Systems},
  volume={35},
  pages={30233--30249},
  year={2022}
}

@misc{hinton2015distillingknowledgeneuralnetwork,
      title={Distilling the Knowledge in a Neural Network}, 
      author={Geoffrey Hinton and Oriol Vinyals and Jeff Dean},
      year={2015},
      eprint={1503.02531},
      archivePrefix={arXiv},
      primaryClass={stat.ML},
      url={https://arxiv.org/abs/1503.02531}, 
}


@article{nash2021generating,
  title={Generating images with sparse representations},
  author={Nash, Charlie and Menick, Jacob and Dieleman, Sander and Battaglia, Peter W},
  journal={arXiv preprint arXiv:2103.03841},
  year={2021}
}

@inproceedings{nichol2021improved,
  title={Improved denoising diffusion probabilistic models},
  author={Nichol, Alexander Quinn and Dhariwal, Prafulla},
  booktitle={International conference on machine learning},
  pages={8162--8171},
  year={2021},
  organization={PMLR}
}

@article{razavi2019generating,
  title={Generating diverse high-fidelity images with vq-vae-2},
  author={Razavi, Ali and Van den Oord, Aaron and Vinyals, Oriol},
  journal={Advances in neural information processing systems},
  volume={32},
  year={2019}
}

@article{hoppe2022diffusion,
  title={Diffusion models for video prediction and infilling},
  author={H{\"o}ppe, Tobias and Mehrjou, Arash and Bauer, Stefan and Nielsen, Didrik and Dittadi, Andrea},
  journal={arXiv preprint arXiv:2206.07696},
  year={2022}
}

@article{van2017neural,
  title={Neural discrete representation learning},
  author={Van Den Oord, Aaron and Vinyals, Oriol and others},
  journal={Advances in neural information processing systems},
  volume={30},
  year={2017}
}

@inproceedings{skorokhodov2022stylegan,
  title={Stylegan-v: A continuous video generator with the price, image quality and perks of stylegan2},
  author={Skorokhodov, Ivan and Tulyakov, Sergey and Elhoseiny, Mohamed},
  booktitle={Proceedings of the IEEE/CVF conference on computer vision and pattern recognition},
  pages={3626--3636},
  year={2022}
}

@article{yu2022generating,
  title={Generating videos with dynamics-aware implicit generative adversarial networks},
  author={Yu, Sihyun and Tack, Jihoon and Mo, Sangwoo and Kim, Hyunsu and Kim, Junho and Ha, Jung-Woo and Shin, Jinwoo},
  journal={arXiv preprint arXiv:2202.10571},
  year={2022}
}

@article{clark2019adversarial,
  title={Adversarial video generation on complex datasets},
  author={Clark, Aidan and Donahue, Jeff and Simonyan, Karen},
  journal={arXiv preprint arXiv:1907.06571},
  year={2019}
}

@article{ho2022video,
  title={Video diffusion models},
  author={Ho, Jonathan and Salimans, Tim and Gritsenko, Alexey and Chan, William and Norouzi, Mohammad and Fleet, David J},
  journal={Advances in Neural Information Processing Systems},
  volume={35},
  pages={8633--8646},
  year={2022}
}

@article{le2021ccvs,
  title={Ccvs: Context-aware controllable video synthesis},
  author={Le Moing, Guillaume and Ponce, Jean and Schmid, Cordelia},
  journal={Advances in Neural Information Processing Systems},
  volume={34},
  pages={14042--14055},
  year={2021}
}

@article{singer2022make,
  title={Make-a-video: Text-to-video generation without text-video data},
  author={Singer, Uriel and Polyak, Adam and Hayes, Thomas and Yin, Xi and An, Jie and Zhang, Songyang and Hu, Qiyuan and Yang, Harry and Ashual, Oron and Gafni, Oran and others},
  journal={arXiv preprint arXiv:2209.14792},
  year={2022}
}

@article{hong2022cogvideo,
  title={Cogvideo: Large-scale pretraining for text-to-video generation via transformers},
  author={Hong, Wenyi and Ding, Ming and Zheng, Wendi and Liu, Xinghan and Tang, Jie},
  journal={arXiv preprint arXiv:2205.15868},
  year={2022}
}

@inproceedings{villegas2022phenaki,
  title={Phenaki: Variable length video generation from open domain textual descriptions},
  author={Villegas, Ruben and Babaeizadeh, Mohammad and Kindermans, Pieter-Jan and Moraldo, Hernan and Zhang, Han and Saffar, Mohammad Taghi and Castro, Santiago and Kunze, Julius and Erhan, Dumitru},
  booktitle={International Conference on Learning Representations},
  year={2022}
}

@article{luc2020transformation,
  title={Transformation-based adversarial video prediction on large-scale data},
  author={Luc, Pauline and Clark, Aidan and Dieleman, Sander and Casas, Diego de Las and Doron, Yotam and Cassirer, Albin and Simonyan, Karen},
  journal={arXiv preprint arXiv:2003.04035},
  year={2020}
}
@article{nash2022transframer,
  title={Transframer: Arbitrary frame prediction with generative models},
  author={Nash, Charlie and Carreira, Joao and Walker, Jacob and Barr, Iain and Jaegle, Andrew and Malinowski, Mateusz and Battaglia, Peter},
  journal={arXiv preprint arXiv:2203.09494},
  year={2022}
}

@article{gupta2022maskvit,
  title={Maskvit: Masked visual pre-training for video prediction},
  author={Gupta, Agrim and Tian, Stephen and Zhang, Yunzhi and Wu, Jiajun and Mart{\'\i}n-Mart{\'\i}n, Roberto and Fei-Fei, Li},
  journal={arXiv preprint arXiv:2206.11894},
  year={2022}
}

@article{babaeizadeh2021fitvid,
  title={Fitvid: Overfitting in pixel-level video prediction},
  author={Babaeizadeh, Mohammad and Saffar, Mohammad Taghi and Nair, Suraj and Levine, Sergey and Finn, Chelsea and Erhan, Dumitru},
  journal={arXiv preprint arXiv:2106.13195},
  year={2021}
}

@inproceedings{wu2022nuwa,
  title={N{\"u}wa: Visual synthesis pre-training for neural visual world creation},
  author={Wu, Chenfei and Liang, Jian and Ji, Lei and Yang, Fan and Fang, Yuejian and Jiang, Daxin and Duan, Nan},
  booktitle={European conference on computer vision},
  pages={720--736},
  year={2022},
  organization={Springer}
}

@misc{stanton2021doesknowledgedistillationreally,
      title={Does Knowledge Distillation Really Work?}, 
      author={Samuel Stanton and Pavel Izmailov and Polina Kirichenko and Alexander A. Alemi and Andrew Gordon Wilson},
      year={2021},
      eprint={2106.05945},
      archivePrefix={arXiv},
      primaryClass={cs.LG},
      url={https://arxiv.org/abs/2106.05945}, 
}

@misc{beyer2022knowledgedistillationgoodteacher,
      title={Knowledge distillation: A good teacher is patient and consistent}, 
      author={Lucas Beyer and Xiaohua Zhai and Am√©lie Royer and Larisa Markeeva and Rohan Anil and Alexander Kolesnikov},
      year={2022},
      eprint={2106.05237},
      archivePrefix={arXiv},
      primaryClass={cs.CV},
      url={https://arxiv.org/abs/2106.05237}, 
}

@misc{mirzadeh2019improvedknowledgedistillationteacher,
      title={Improved Knowledge Distillation via Teacher Assistant}, 
      author={Seyed-Iman Mirzadeh and Mehrdad Farajtabar and Ang Li and Nir Levine and Akihiro Matsukawa and Hassan Ghasemzadeh},
      year={2019},
      eprint={1902.03393},
      archivePrefix={arXiv},
      primaryClass={cs.LG},
      url={https://arxiv.org/abs/1902.03393}, 
}

@article{brock2018large,
  title={Large Scale GAN Training for High Fidelity Natural Image Synthesis},
  author={Brock, Andrew},
  journal={arXiv preprint arXiv:1809.11096},
  year={2018}
}

@inproceedings{wang2023binary,
  title={Binary latent diffusion},
  author={Wang, Ze and Wang, Jiang and Liu, Zicheng and Qiu, Qiang},
  booktitle={Proceedings of the IEEE/CVF conference on computer vision and pattern recognition},
  pages={22576--22585},
  year={2023}
}

@article{zheng2023fast,
  title={Fast training of diffusion models with masked transformers},
  author={Zheng, Hongkai and Nie, Weili and Vahdat, Arash and Anandkumar, Anima},
  journal={arXiv preprint arXiv:2306.09305},
  year={2023}
}


@article{ho2022cascaded,
  title={Cascaded diffusion models for high fidelity image generation},
  author={Ho, Jonathan and Saharia, Chitwan and Chan, William and Fleet, David J and Norouzi, Mohammad and Salimans, Tim},
  journal={Journal of Machine Learning Research},
  volume={23},
  number={47},
  pages={1--33},
  year={2022}
}

@article{jabri2022scalable,
  title={Scalable adaptive computation for iterative generation},
  author={Jabri, Allan and Fleet, David and Chen, Ting},
  journal={arXiv preprint arXiv:2212.11972},
  year={2022}
}

@inproceedings{hoogeboom2023simple,
  title={simple diffusion: End-to-end diffusion for high resolution images},
  author={Hoogeboom, Emiel and Heek, Jonathan and Salimans, Tim},
  booktitle={International Conference on Machine Learning},
  pages={13213--13232},
  year={2023},
  organization={PMLR}
}

@article{kingma2023understanding,
  title={Understanding the diffusion objective as a weighted integral of elbos},
  author={Kingma, Diederik P and Gao, Ruiqi},
  journal={arXiv preprint arXiv:2303.00848},
  volume={2},
  year={2023}
}

@misc{sauer2022styleganxlscalingstyleganlarge,
      title={StyleGAN-XL: Scaling StyleGAN to Large Diverse Datasets}, 
      author={Axel Sauer and Katja Schwarz and Andreas Geiger},
      year={2022},
      eprint={2202.00273},
      archivePrefix={arXiv},
      primaryClass={cs.LG},
      url={https://arxiv.org/abs/2202.00273}, 
}

@misc{ho2022classifierfreediffusionguidance,
      title={Classifier-Free Diffusion Guidance}, 
      author={Jonathan Ho and Tim Salimans},
      year={2022},
      eprint={2207.12598},
      archivePrefix={arXiv},
      primaryClass={cs.LG},
      url={https://arxiv.org/abs/2207.12598}, 
}

@misc{matryoshkaquerytransformerlarge,
      title={Matryoshka Query Transformer for Large Vision-Language Models}, 
      author={Wenbo Hu and Zi-Yi Dou and Liunian Harold Li and Amita Kamath and Nanyun Peng and Kai-Wei Chang},
      year={2024},
      eprint={2405.19315},
      archivePrefix={arXiv},
      primaryClass={cs.CV},
      url={https://arxiv.org/abs/2405.19315}, 
}

@misc{jain2024mixturenestedexpertsadaptive,
      title={Mixture of Nested Experts: Adaptive Processing of Visual Tokens}, 
      author={Gagan Jain and Nidhi Hegde and Aditya Kusupati and Arsha Nagrani and Shyamal Buch and Prateek Jain and Anurag Arnab and Sujoy Paul},
      year={2024},
      eprint={2407.19985},
      archivePrefix={arXiv},
      primaryClass={cs.CV},
      url={https://arxiv.org/abs/2407.19985}, 
}

@INPROCEEDINGS{swintransformer,
  author={Liu, Ze and Lin, Yutong and Cao, Yue and Hu, Han and Wei, Yixuan and Zhang, Zheng and Lin, Stephen and Guo, Baining},
  booktitle={2021 IEEE/CVF International Conference on Computer Vision (ICCV)}, 
  title={Swin Transformer: Hierarchical Vision Transformer using Shifted Windows}, 
  year={2021},
  volume={},
  number={},
  pages={9992-10002},
  keywords={Image segmentation;Computer vision;Visualization;Computational modeling;Semantics;Object detection;Computer architecture;Representation learning;Detection and localization in 2D and 3D;Recognition and classification;Segmentation;grouping and shape},
  doi={10.1109/ICCV48922.2021.00986}}
  
@article{flexivit,
  title={FlexiViT: One Model for All Patch Sizes},
  author={Lucas Beyer and Pavel Izmailov and Alexander Kolesnikov and Mathilde Caron and Simon Kornblith and Xiaohua Zhai and Matthias Minderer and Michael Tschannen and Ibrahim M. Alabdulmohsin and Filip Pavetic},
  journal={2023 IEEE/CVF Conference on Computer Vision and Pattern Recognition (CVPR)},
  year={2022},
  pages={14496-14506},
  url={https://api.semanticscholar.org/CorpusID:254685937}
}

@article{nest,
author = {Zhang, Zizhao and Zhang, Han and Zhao, Long and Chen, Ting and Arik, Sercan and Pfister, Tomas},
year = {2022},
month = {06},
pages = {3417-3425},
title = {Nested Hierarchical Transformer: Towards Accurate, Data-Efficient and Interpretable Visual Understanding},
volume = {36},
journal = {Proceedings of the AAAI Conference on Artificial Intelligence},
doi = {10.1609/aaai.v36i3.20252}
}


@InProceedings{muse,
  title = 	 {Muse: Text-To-Image Generation via Masked Generative Transformers},
  author =       {Chang, Huiwen and Zhang, Han and Barber, Jarred and Maschinot, Aaron and Lezama, Jose and Jiang, Lu and Yang, Ming-Hsuan and Murphy, Kevin Patrick and Freeman, William T. and Rubinstein, Michael and Li, Yuanzhen and Krishnan, Dilip},
  booktitle = 	 {Proceedings of the 40th International Conference on Machine Learning},
  pages = 	 {4055--4075},
  year = 	 {2023},
  editor = 	 {Krause, Andreas and Brunskill, Emma and Cho, Kyunghyun and Engelhardt, Barbara and Sabato, Sivan and Scarlett, Jonathan},
  volume = 	 {202},
  series = 	 {Proceedings of Machine Learning Research},
  month = 	 {23--29 Jul},
  publisher =    {PMLR},
  pdf = 	 {https://proceedings.mlr.press/v202/chang23b/chang23b.pdf},
  url = 	 {https://proceedings.mlr.press/v202/chang23b.html}
}

@misc{betasampling,
      title={Beta Sampling is All You Need: Efficient Image Generation Strategy for Diffusion Models using Stepwise Spectral Analysis}, 
      author={Haeil Lee and Hansang Lee and Seoyeon Gye and Junmo Kim},
      year={2024},
      eprint={2407.12173},
      archivePrefix={arXiv},
      primaryClass={cs.CV},
      url={https://arxiv.org/abs/2407.12173}, 
}

@misc{controlnext,
      title={ControlNeXt: Powerful and Efficient Control for Image and Video Generation}, 
      author={Bohao Peng and Jian Wang and Yuechen Zhang and Wenbo Li and Ming-Chang Yang and Jiaya Jia},
      year={2024},
      eprint={2408.06070},
      archivePrefix={arXiv},
      primaryClass={cs.CV},
      url={https://arxiv.org/abs/2408.06070}, 
}

@misc{dsp,
      title={DSP: Dynamic Sequence Parallelism for Multi-Dimensional Transformers}, 
      author={Xuanlei Zhao and Shenggan Cheng and Chang Chen and Zangwei Zheng and Ziming Liu and Zheming Yang and Yang You},
      year={2024},
      eprint={2403.10266},
      archivePrefix={arXiv},
      primaryClass={cs.DC},
      url={https://arxiv.org/abs/2403.10266}, 
}

@misc{pyramidaldenoisingdiffusionprobabilistic,
      title={Pyramidal Denoising Diffusion Probabilistic Models}, 
      author={Dohoon Ryu and Jong Chul Ye},
      year={2022},
      eprint={2208.01864},
      archivePrefix={arXiv},
      primaryClass={cs.CV},
      url={https://arxiv.org/abs/2208.01864}, 
}

@inproceedings{matryoshka-diffusion-models,
title = {Matryoshka Diffusion Models},
booktitle = {ICLR},
author = {Jiatao Gu and Shuangfei Zhai and Yizhe Zhang and Josh Susskind and Navdeep Jaitly},
year = {2024},
URL = {https://arxiv.org/abs/2310.15111}
}

@misc{devlin2019bertpretrainingdeepbidirectional,
      title={BERT: Pre-training of Deep Bidirectional Transformers for Language Understanding}, 
      author={Jacob Devlin and Ming-Wei Chang and Kenton Lee and Kristina Toutanova},
      year={2019},
      eprint={1810.04805},
      archivePrefix={arXiv},
      primaryClass={cs.CL},
      url={https://arxiv.org/abs/1810.04805}, 
}

@article{cai2024matryoshka,
  title={Matryoshka Multimodal Models},
  author={Cai, Mu and Yang, Jianwei and Gao, Jianfeng and Lee, Yong Jae},
  journal={arXiv preprint arXiv:2405.17430},
  year={2024}
}

@article{li20242d,
  title={2d matryoshka sentence embeddings},
  author={Li, Xianming and Li, Zongxi and Li, Jing and Xie, Haoran and Li, Qing},
  journal={arXiv preprint arXiv:2402.14776},
  year={2024}
}

@article{hu2024matryoshka,
  title={Matryoshka Query Transformer for Large Vision-Language Models},
  author={Hu, Wenbo and Dou, Zi-Yi and Li, Liunian Harold and Kamath, Amita and Peng, Nanyun and Chang, Kai-Wei},
  journal={arXiv preprint arXiv:2405.19315},
  year={2024}
}

@inproceedings{rippel2014learning,
  title={Learning ordered representations with nested dropout},
  author={Rippel, Oren and Gelbart, Michael and Adams, Ryan},
  booktitle={International Conference on Machine Learning},
  pages={1746--1754},
  year={2014},
  organization={PMLR}
}

@article{cai2024flextron,
  title={Flextron: Many-in-One Flexible Large Language Model},
  author={Cai, Ruisi and Muralidharan, Saurav and Heinrich, Greg and Yin, Hongxu and Wang, Zhangyang and Kautz, Jan and Molchanov, Pavlo},
  journal={arXiv preprint arXiv:2406.10260},
  year={2024}
}

@misc{zheng2022movqmodulatingquantizedvectors,
      title={MoVQ: Modulating Quantized Vectors for High-Fidelity Image Generation}, 
      author={Chuanxia Zheng and Long Tung Vuong and Jianfei Cai and Dinh Phung},
      year={2022},
      eprint={2209.09002},
      archivePrefix={arXiv},
      primaryClass={cs.CV},
      url={https://arxiv.org/abs/2209.09002}, 
}

@article{li2024autoregressive,
  title={Autoregressive Image Generation without Vector Quantization},
  author={Li, Tianhong and Tian, Yonglong and Li, He and Deng, Mingyang and He, Kaiming},
  journal={arXiv preprint arXiv:2406.11838},
  year={2024}
}

@misc{liu2022pseudonumericalmethodsdiffusion,
      title={Pseudo Numerical Methods for Diffusion Models on Manifolds}, 
      author={Luping Liu and Yi Ren and Zhijie Lin and Zhou Zhao},
      year={2022},
      eprint={2202.09778},
      archivePrefix={arXiv},
      primaryClass={cs.CV},
      url={https://arxiv.org/abs/2202.09778}, 
}

@misc{lu2022dpmsolverfastodesolver,
      title={DPM-Solver: A Fast ODE Solver for Diffusion Probabilistic Model Sampling in Around 10 Steps}, 
      author={Cheng Lu and Yuhao Zhou and Fan Bao and Jianfei Chen and Chongxuan Li and Jun Zhu},
      year={2022},
      eprint={2206.00927},
      archivePrefix={arXiv},
      primaryClass={cs.LG},
      url={https://arxiv.org/abs/2206.00927}, 
}

@misc{song2022denoisingdiffusionimplicitmodels,
      title={Denoising Diffusion Implicit Models}, 
      author={Jiaming Song and Chenlin Meng and Stefano Ermon},
      year={2022},
      eprint={2010.02502},
      archivePrefix={arXiv},
      primaryClass={cs.LG},
      url={https://arxiv.org/abs/2010.02502}, 
}

@misc{kong2021fastsamplingdiffusionprobabilistic,
      title={On Fast Sampling of Diffusion Probabilistic Models}, 
      author={Zhifeng Kong and Wei Ping},
      year={2021},
      eprint={2106.00132},
      archivePrefix={arXiv},
      primaryClass={cs.LG},
      url={https://arxiv.org/abs/2106.00132}, 
}

@misc{nichol2021improveddenoisingdiffusionprobabilistic,
      title={Improved Denoising Diffusion Probabilistic Models}, 
      author={Alex Nichol and Prafulla Dhariwal},
      year={2021},
      eprint={2102.09672},
      archivePrefix={arXiv},
      primaryClass={cs.LG},
      url={https://arxiv.org/abs/2102.09672}, 
}

@misc{salimans2022progressivedistillationfastsampling,
      title={Progressive Distillation for Fast Sampling of Diffusion Models}, 
      author={Tim Salimans and Jonathan Ho},
      year={2022},
      eprint={2202.00512},
      archivePrefix={arXiv},
      primaryClass={cs.LG},
      url={https://arxiv.org/abs/2202.00512}, 
}

@misc{song2023consistencymodels,
      title={Consistency Models}, 
      author={Yang Song and Prafulla Dhariwal and Mark Chen and Ilya Sutskever},
      year={2023},
      eprint={2303.01469},
      archivePrefix={arXiv},
      primaryClass={cs.LG},
      url={https://arxiv.org/abs/2303.01469}, 
}

@misc{esser2024scalingrectifiedflowtransformers,
      title={Scaling Rectified Flow Transformers for High-Resolution Image Synthesis}, 
      author={Patrick Esser and Sumith Kulal and Andreas Blattmann and Rahim Entezari and Jonas M√ºller and Harry Saini and Yam Levi and Dominik Lorenz and Axel Sauer and Frederic Boesel and Dustin Podell and Tim Dockhorn and Zion English and Kyle Lacey and Alex Goodwin and Yannik Marek and Robin Rombach},
      year={2024},
      eprint={2403.03206},
      archivePrefix={arXiv},
      primaryClass={cs.CV},
      url={https://arxiv.org/abs/2403.03206}, 
}

@misc{berthelot2023tractdenoisingdiffusionmodels,
      title={TRACT: Denoising Diffusion Models with Transitive Closure Time-Distillation}, 
      author={David Berthelot and Arnaud Autef and Jierui Lin and Dian Ang Yap and Shuangfei Zhai and Siyuan Hu and Daniel Zheng and Walter Talbott and Eric Gu},
      year={2023},
      eprint={2303.04248},
      archivePrefix={arXiv},
      primaryClass={cs.LG},
      url={https://arxiv.org/abs/2303.04248}, 
}

@misc{meng2023distillationguideddiffusionmodels,
      title={On Distillation of Guided Diffusion Models}, 
      author={Chenlin Meng and Robin Rombach and Ruiqi Gao and Diederik P. Kingma and Stefano Ermon and Jonathan Ho and Tim Salimans},
      year={2023},
      eprint={2210.03142},
      archivePrefix={arXiv},
      primaryClass={cs.CV},
      url={https://arxiv.org/abs/2210.03142}, 
}
@misc{feng2024relationaldiffusiondistillationefficient,
      title={Relational Diffusion Distillation for Efficient Image Generation}, 
      author={Weilun Feng and Chuanguang Yang and Zhulin An and Libo Huang and Boyu Diao and Fei Wang and Yongjun Xu},
      year={2024},
      eprint={2410.07679},
      archivePrefix={arXiv},
      primaryClass={cs.CV},
      url={https://arxiv.org/abs/2410.07679}, 
}

@misc{yang2022diffusionprobabilisticmodelslim,
      title={Diffusion Probabilistic Model Made Slim}, 
      author={Xingyi Yang and Daquan Zhou and Jiashi Feng and Xinchao Wang},
      year={2022},
      eprint={2211.17106},
      archivePrefix={arXiv},
      primaryClass={cs.CV},
      url={https://arxiv.org/abs/2211.17106}, 
}
@misc{watson2022learningfastsamplersdiffusion,
      title={Learning Fast Samplers for Diffusion Models by Differentiating Through Sample Quality}, 
      author={Daniel Watson and William Chan and Jonathan Ho and Mohammad Norouzi},
      year={2022},
      eprint={2202.05830},
      archivePrefix={arXiv},
      primaryClass={cs.LG},
      url={https://arxiv.org/abs/2202.05830}, 
}

@misc{li2023autodiffusiontrainingfreeoptimizationtime,
      title={AutoDiffusion: Training-Free Optimization of Time Steps and Architectures for Automated Diffusion Model Acceleration}, 
      author={Lijiang Li and Huixia Li and Xiawu Zheng and Jie Wu and Xuefeng Xiao and Rui Wang and Min Zheng and Xin Pan and Fei Chao and Rongrong Ji},
      year={2023},
      eprint={2309.10438},
      archivePrefix={arXiv},
      primaryClass={cs.CV},
      url={https://arxiv.org/abs/2309.10438}, 
}

@misc{fang2023structuralpruningdiffusionmodels,
      title={Structural Pruning for Diffusion Models}, 
      author={Gongfan Fang and Xinyin Ma and Xinchao Wang},
      year={2023},
      eprint={2305.10924},
      archivePrefix={arXiv},
      primaryClass={cs.LG},
      url={https://arxiv.org/abs/2305.10924}, 
}

@misc{yang2024denoisingdiffusionstepawaremodels,
      title={Denoising Diffusion Step-aware Models}, 
      author={Shuai Yang and Yukang Chen and Luozhou Wang and Shu Liu and Yingcong Chen},
      year={2024},
      eprint={2310.03337},
      archivePrefix={arXiv},
      primaryClass={cs.CV},
      url={https://arxiv.org/abs/2310.03337}, 
}

@misc{lee2023multiarchitecturemultiexpertdiffusionmodels,
      title={Multi-Architecture Multi-Expert Diffusion Models}, 
      author={Yunsung Lee and Jin-Young Kim and Hyojun Go and Myeongho Jeong and Shinhyeok Oh and Seungtaek Choi},
      year={2023},
      eprint={2306.04990},
      archivePrefix={arXiv},
      primaryClass={cs.CV},
      url={https://arxiv.org/abs/2306.04990}, 
}

@misc{si2023freeufreelunchdiffusion,
      title={FreeU: Free Lunch in Diffusion U-Net}, 
      author={Chenyang Si and Ziqi Huang and Yuming Jiang and Ziwei Liu},
      year={2023},
      eprint={2309.11497},
      archivePrefix={arXiv},
      primaryClass={cs.CV},
      url={https://arxiv.org/abs/2309.11497}, 
}

@misc{choi2022perceptionprioritizedtrainingdiffusion,
      title={Perception Prioritized Training of Diffusion Models}, 
      author={Jooyoung Choi and Jungbeom Lee and Chaehun Shin and Sungwon Kim and Hyunwoo Kim and Sungroh Yoon},
      year={2022},
      eprint={2204.00227},
      archivePrefix={arXiv},
      primaryClass={cs.CV},
      url={https://arxiv.org/abs/2204.00227}, 
}

@misc{park2023understandinglatentspacediffusion,
      title={Understanding the Latent Space of Diffusion Models through the Lens of Riemannian Geometry}, 
      author={Yong-Hyun Park and Mingi Kwon and Jaewoong Choi and Junghyo Jo and Youngjung Uh},
      year={2023},
      eprint={2307.12868},
      archivePrefix={arXiv},
      primaryClass={cs.CV},
      url={https://arxiv.org/abs/2307.12868}, 
}

@misc{deja2022analyzinggenerativedenoisingcapabilities,
      title={On Analyzing Generative and Denoising Capabilities of Diffusion-based Deep Generative Models}, 
      author={Kamil Deja and Anna Kuzina and Tomasz Trzci≈Ñski and Jakub M. Tomczak},
      year={2022},
      eprint={2206.00070},
      archivePrefix={arXiv},
      primaryClass={cs.LG},
      url={https://arxiv.org/abs/2206.00070}, 
}

@article{patil2024amused,
  title={amused: An open muse reproduction},
  author={Patil, Suraj and Berman, William and Rombach, Robin and von Platen, Patrick},
  journal={arXiv preprint arXiv:2401.01808},
  year={2024}
}

@inproceedings{mo2024dynamic,
  title={Dynamic Prompt Optimizing for Text-to-Image Generation},
  author={Mo, Wenyi and Zhang, Tianyu and Bai, Yalong and Su, Bing and Wen, Ji-Rong and Yang, Qing},
  booktitle={Proceedings of the IEEE/CVF Conference on Computer Vision and Pattern Recognition},
  pages={26627--26636},
  year={2024}
}

@misc{weber2024maskbitembeddingfreeimagegeneration,
      title={MaskBit: Embedding-free Image Generation via Bit Tokens}, 
      author={Mark Weber and Lijun Yu and Qihang Yu and Xueqing Deng and Xiaohui Shen and Daniel Cremers and Liang-Chieh Chen},
      year={2024},
      eprint={2409.16211},
      archivePrefix={arXiv},
      primaryClass={cs.CV},
      url={https://arxiv.org/abs/2409.16211}, 
}

@misc{wang2024parallelizedautoregressivevisualgeneration,
      title={Parallelized Autoregressive Visual Generation}, 
      author={Yuqing Wang and Shuhuai Ren and Zhijie Lin and Yujin Han and Haoyuan Guo and Zhenheng Yang and Difan Zou and Jiashi Feng and Xihui Liu},
      year={2024},
      eprint={2412.15119},
      archivePrefix={arXiv},
      primaryClass={cs.CV},
      url={https://arxiv.org/abs/2412.15119}, 
}

@misc{tian2024visualautoregressivemodelingscalable,
      title={Visual Autoregressive Modeling: Scalable Image Generation via Next-Scale Prediction}, 
      author={Keyu Tian and Yi Jiang and Zehuan Yuan and Bingyue Peng and Liwei Wang},
      year={2024},
      eprint={2404.02905},
      archivePrefix={arXiv},
      primaryClass={cs.CV},
      url={https://arxiv.org/abs/2404.02905}, 
}

@article{Kuznetsova_2020,
   title={The Open Images Dataset V4: Unified Image Classification, Object Detection, and Visual Relationship Detection at Scale},
   volume={128},
   ISSN={1573-1405},
   url={http://dx.doi.org/10.1007/s11263-020-01316-z},
   DOI={10.1007/s11263-020-01316-z},
   number={7},
   journal={International Journal of Computer Vision},
   publisher={Springer Science and Business Media LLC},
   author={Kuznetsova, Alina and Rom, Hassan and Alldrin, Neil and Uijlings, Jasper and Krasin, Ivan and Pont-Tuset, Jordi and Kamali, Shahab and Popov, Stefan and Malloci, Matteo and Kolesnikov, Alexander and Duerig, Tom and Ferrari, Vittorio},
   year={2020},
   month=mar, pages={1956‚Äì1981} }

@inproceedings{yan2024diffusion,
  title={Diffusion models without attention},
  author={Yan, Jing Nathan and Gu, Jiatao and Rush, Alexander M},
  booktitle={Proceedings of the IEEE/CVF Conference on Computer Vision and Pattern Recognition},
  pages={8239--8249},
  year={2024}
}

@misc{yu2024imageworth32tokens,
      title={An Image is Worth 32 Tokens for Reconstruction and Generation}, 
      author={Qihang Yu and Mark Weber and Xueqing Deng and Xiaohui Shen and Daniel Cremers and Liang-Chieh Chen},
      year={2024},
      eprint={2406.07550},
      archivePrefix={arXiv},
      primaryClass={cs.CV},
      url={https://arxiv.org/abs/2406.07550}, 
}

@misc{yu2024randomizedautoregressivevisualgeneration,
      title={Randomized Autoregressive Visual Generation}, 
      author={Qihang Yu and Ju He and Xueqing Deng and Xiaohui Shen and Liang-Chieh Chen},
      year={2024},
      eprint={2411.00776},
      archivePrefix={arXiv},
      primaryClass={cs.CV},
      url={https://arxiv.org/abs/2411.00776}, 
}

@misc{li2024autoregressiveimagegenerationvector,
      title={Autoregressive Image Generation without Vector Quantization}, 
      author={Tianhong Li and Yonglong Tian and He Li and Mingyang Deng and Kaiming He},
      year={2024},
      eprint={2406.11838},
      archivePrefix={arXiv},
      primaryClass={cs.CV},
      url={https://arxiv.org/abs/2406.11838}, 
}

@misc{yu2024representationalignmentgenerationtraining,
      title={Representation Alignment for Generation: Training Diffusion Transformers Is Easier Than You Think}, 
      author={Sihyun Yu and Sangkyung Kwak and Huiwon Jang and Jongheon Jeong and Jonathan Huang and Jinwoo Shin and Saining Xie},
      year={2024},
      eprint={2410.06940},
      archivePrefix={arXiv},
      primaryClass={cs.CV},
      url={https://arxiv.org/abs/2410.06940}, 
}

@misc{zhang2018unreasonableeffectivenessdeepfeatures,
      title={The Unreasonable Effectiveness of Deep Features as a Perceptual Metric}, 
      author={Richard Zhang and Phillip Isola and Alexei A. Efros and Eli Shechtman and Oliver Wang},
      year={2018},
      eprint={1801.03924},
      archivePrefix={arXiv},
      primaryClass={cs.CV},
      url={https://arxiv.org/abs/1801.03924}, 
}