@article{alayrac2022flamingo,
  title={Flamingo: a visual language model for few-shot learning},
  author={Alayrac, Jean-Baptiste and Donahue, Jeff and Luc, Pauline and Miech, Antoine and Barr, Iain and Hasson, Yana and Lenc, Karel and Mensch, Arthur and Millican, Katherine and Reynolds, Malcolm and others},
  journal={Advances in neural information processing systems},
  volume={35},
  pages={23716--23736},
  year={2022}
}


@inproceedings{li2023blip,
  title={Blip-2: Bootstrapping language-image pre-training with frozen image encoders and large language models},
  author={Li, Junnan and Li, Dongxu and Savarese, Silvio and Hoi, Steven},
  booktitle={International conference on machine learning},
  pages={19730--19742},
  year={2023},
  organization={PMLR}
}


@article{zheng2024gpt,
  title={Gpt-4v (ision) is a generalist web agent, if grounded},
  author={Zheng, Boyuan and Gou, Boyu and Kil, Jihyung and Sun, Huan and Su, Yu},
  journal={arXiv preprint arXiv:2401.01614},
  year={2024}
}


@article{yang2023auto,
  title={Auto-gpt for online decision making: Benchmarks and additional opinions},
  author={Yang, Hui and Yue, Sifu and He, Yunzhong},
  journal={arXiv preprint arXiv:2306.02224},
  year={2023}
}


@article{shen2024hugginggpt,
  title={Hugginggpt: Solving ai tasks with chatgpt and its friends in hugging face},
  author={Shen, Yongliang and Song, Kaitao and Tan, Xu and Li, Dongsheng and Lu, Weiming and Zhuang, Yueting},
  journal={Advances in Neural Information Processing Systems},
  volume={36},
  year={2024}
}


@article{hong2023metagpt,
  title={Metagpt: Meta programming for multi-agent collaborative framework},
  author={Hong, Sirui and Zheng, Xiawu and Chen, Jonathan and Cheng, Yuheng and Wang, Jinlin and Zhang, Ceyao and Wang, Zili and Yau, Steven Ka Shing and Lin, Zijuan and Zhou, Liyang and others},
  journal={arXiv preprint arXiv:2308.00352},
  year={2023}
}


@article{zhang2023you,
  title={You only look at screens: Multimodal chain-of-action agents},
  author={Zhang, Zhuosheng and Zhang, Aston},
  journal={arXiv preprint arXiv:2309.11436},
  year={2023}
}


@inproceedings{hong2024cogagent,
  title={Cogagent: A visual language model for gui agents},
  author={Hong, Wenyi and Wang, Weihan and Lv, Qingsong and Xu, Jiazheng and Yu, Wenmeng and Ji, Junhui and Wang, Yan and Wang, Zihan and Dong, Yuxiao and Ding, Ming and others},
  booktitle={Proceedings of the IEEE/CVF Conference on Computer Vision and Pattern Recognition},
  pages={14281--14290},
  year={2024}
}


@article{bai2022training,
  title={Training a Helpful and Harmless Assistant with Reinforcement Learning from Human Feedback},
  author={Bai, Yuntao and Jones, Andy and Ndousse, Kamal and Askell, Amanda and Chen, Anna and DasSarma, Neal and Drain, Dawn and Fort, Stanislav and Ganguli, Deep and Henighan, Tom and others},
  journal={arXiv preprint arXiv:2204.05862},
  year={2022}
}


@article{qi2024webrl,
  title={WebRL: Training LLM Web Agents via Self-Evolving Online Curriculum Reinforcement Learning},
  author={Qi, Zehan and Liu, Xiao and Iong, Iat Long and Lai, Hanyu and Sun, Xueqiao and Yang, Xinyue and Sun, Jiadai and Yang, Yu and Yao, Shuntian and Zhang, Tianjie and others},
  journal={arXiv preprint arXiv:2411.02337},
  year={2024}
}


@article{yang2023appagent,
  title={Appagent: Multimodal agents as smartphone users},
  author={Yang, Zhao and Liu, Jiaxuan and Han, Yucheng and Chen, Xin and Huang, Zebiao and Fu, Bin and Yu, Gang},
  journal={arXiv preprint arXiv:2312.13771},
  year={2023}
}


@article{wang2024mobile,
  title={Mobile-Agent-v2: Mobile Device Operation Assistant with Effective Navigation via Multi-Agent Collaboration},
  author={Wang, Junyang and Xu, Haiyang and Jia, Haitao and Zhang, Xi and Yan, Ming and Shen, Weizhou and Zhang, Ji and Huang, Fei and Sang, Jitao},
  journal={arXiv preprint arXiv:2406.01014},
  year={2024}
}


@article{nakano2021webgpt,
  title={WebGPT: Browser-assisted question-answering with human feedback},
  author={Nakano, Reiichiro and Hilton, Jacob and Balaji, Suchir and Wu, Jeff and O'Brien, Chris and Kim, Christina and Hesse, Christopher and Agarwal, Sandhini and Schneider, Jonas and Clark, William and others},
  journal={arXiv preprint arXiv:2112.09332},
  year={2021}
}


@inproceedings{gur2023learning,
  title={Learning to Use the Web for Conversational Question Answering},
  author={Gur, Ido and Mazor, Shay and Jerbi, Adi and Globerson, Amir and Berant, Jonathan},
  booktitle={Proceedings of the 61st Annual Meeting of the Association for Computational Linguistics (Volume 1: Long Papers)},
  pages={1459--1476},
  year={2023}
}


@article{bai2023qwen,
  title={Qwen-vl: A frontier large vision-language model with versatile abilities},
  author={Bai, Jinze and Bai, Shuai and Yang, Shusheng and Wang, Shijie and Tan, Sinan and Wang, Peng and Lin, Junyang and Zhou, Chang and Zhou, Jingren},
  journal={arXiv preprint arXiv:2308.12966},
  year={2023}
}


@inproceedings{chen2024internvl,
  title={Internvl: Scaling up vision foundation models and aligning for generic visual-linguistic tasks},
  author={Chen, Zhe and Wu, Jiannan and Wang, Wenhai and Su, Weijie and Chen, Guo and Xing, Sen and Zhong, Muyan and Zhang, Qinglong and Zhu, Xizhou and Lu, Lewei and others},
  booktitle={Proceedings of the IEEE/CVF Conference on Computer Vision and Pattern Recognition},
  pages={24185--24198},
  year={2024}
}


@article{hu2024minicpm,
  title={Minicpm: Unveiling the potential of small language models with scalable training strategies},
  author={Hu, Shengding and Tu, Yuge and Han, Xu and He, Chaoqun and Cui, Ganqu and Long, Xiang and Zheng, Zhi and Fang, Yewei and Huang, Yuxiang and Zhao, Weilin and others},
  journal={arXiv preprint arXiv:2404.06395},
  year={2024}
}


@article{deitke2024molmo,
  title={Molmo and pixmo: Open weights and open data for state-of-the-art multimodal models},
  author={Deitke, Matt and Clark, Christopher and Lee, Sangho and Tripathi, Rohun and Yang, Yue and Park, Jae Sung and Salehi, Mohammadreza and Muennighoff, Niklas and Lo, Kyle and Soldaini, Luca and others},
  journal={arXiv preprint arXiv:2409.17146},
  year={2024}
}


@inproceedings{pan2024autonomous,
  title={Autonomous evaluation and refinement of digital agents},
  author={Pan, Jiayi and Zhang, Yichi and Tomlin, Nicholas and Zhou, Yifei and Levine, Sergey and Suhr, Alane},
  booktitle={First Conference on Language Modeling},
  year={2024}
}


@article{lai2024autowebglm,
  title={AutoWebGLM: Bootstrap And Reinforce A Large Language Model-based Web Navigating Agent},
  author={Lai, Hanyu and Liu, Xiao and Iong, Iat Long and Yao, Shuntian and Chen, Yuxuan and Shen, Pengbo and Yu, Hao and Zhang, Hanchen and Zhang, Xiaohan and Dong, Yuxiao and others},
  journal={arXiv preprint arXiv:2404.03648},
  year={2024}
}


@book{sutton2018reinforcement,
  title={Reinforcement learning: An introduction},
  author={Sutton, Richard S and Barto, Andrew G},
  year={2018},
  publisher={MIT press}
}


@article{sutton1999between,
  title={Between MDPs and semi-MDPs: A framework for temporal abstraction in reinforcement learning},
  author={Sutton, Richard S and Precup, Doina and Singh, Satinder},
  journal={Artificial intelligence},
  volume={112},
  number={1-2},
  pages={181--211},
  year={1999},
  publisher={Elsevier}
}


@article{dietterich2000hierarchical,
  title={Hierarchical reinforcement learning with the MAXQ value function decomposition},
  author={Dietterich, Thomas G},
  journal={Journal of artificial intelligence research},
  volume={13},
  pages={227--303},
  year={2000}
}


@article{kulkarni2016hierarchical,
  title={Hierarchical deep reinforcement learning: Integrating temporal abstraction and intrinsic motivation},
  author={Kulkarni, Tejas D and Narasimhan, Karthik and Saeedi, Ardavan and Tenenbaum, Josh},
  journal={Advances in neural information processing systems},
  volume={29},
  year={2016}
}


@inproceedings{bacon2017option,
  title={The option-critic architecture},
  author={Bacon, Pierre-Luc and Harb, Jean and Precup, Doina},
  booktitle={Proceedings of the AAAI conference on artificial intelligence},
  volume={31},
  number={1},
  year={2017}
}


@article{zhai2024fine,
  title={Fine-Tuning Large Vision-Language Models as Decision-Making Agents via Reinforcement Learning},
  author={Zhai, Yuexiang and Bai, Hao and Lin, Zipeng and Pan, Jiayi and Tong, Shengbang and Zhou, Yifei and Suhr, Alane and Xie, Saining and LeCun, Yann and Ma, Yi and others},
  journal={arXiv preprint arXiv:2405.10292},
  year={2024}
}


@article{venuto2024code,
  title={Code as Reward: Empowering Reinforcement Learning with VLMs},
  author={Venuto, David and Islam, Sami Nur and Klissarov, Martin and Precup, Doina and Yang, Sherry and Anand, Ankit},
  journal={arXiv preprint arXiv:2402.04764},
  year={2024}
}

@inproceedings{
  babyai_iclr19,
  title={Baby{AI}: First Steps Towards Grounded Language Learning With a Human In the Loop},
  author={Maxime Chevalier-Boisvert and Dzmitry Bahdanau and Salem Lahlou and Lucas Willems and Chitwan Saharia and Thien Huu Nguyen and Yoshua Bengio},
  booktitle={International Conference on Learning Representations},
  year={2019},
  url={https://openreview.net/forum?id=rJeXCo0cYX},
}

@article{bai2024digirl,
  title={DigiRL: Training In-The-Wild Device-Control Agents with Autonomous Reinforcement Learning},
  author={Bai, Hao and Zhou, Yifei and Cemri, Mert and Pan, Jiayi and Suhr, Alane and Levine, Sergey and Kumar, Aviral},
  journal={arXiv preprint arXiv:2406.11896},
  year={2024}
}

@inproceedings{chane2021goal,
  title={Goal-conditioned reinforcement learning with imagined subgoals},
  author={Chane-Sane, Elliot and Schmid, Cordelia and Laptev, Ivan},
  booktitle={International conference on machine learning},
  pages={1430--1440},
  year={2021},
  organization={PMLR}
}

@inproceedings{nguyen2019review,
  title={Review of deep reinforcement learning for robot manipulation},
  author={Nguyen, Hai and La, Hung},
  booktitle={2019 Third IEEE international conference on robotic computing (IRC)},
  pages={590--595},
  year={2019},
  organization={IEEE}
}

@article{gu2016deep,
  title={Deep reinforcement learning for robotic manipulation},
  author={Gu, Shixiang and Holly, Ethan and Lillicrap, Timothy P and Levine, Sergey},
  journal={arXiv preprint arXiv:1610.00633},
  volume={1},
  pages={1},
  year={2016}
}

@inproceedings{kalashnikov2018scalable,
  title={Scalable deep reinforcement learning for vision-based robotic manipulation},
  author={Kalashnikov, Dmitry and Irpan, Alex and Pastor, Peter and Ibarz, Julian and Herzog, Alexander and Jang, Eric and Quillen, Deirdre and Holly, Ethan and Kalakrishnan, Mrinal and Vanhoucke, Vincent and others},
  booktitle={Conference on robot learning},
  pages={651--673},
  year={2018},
  organization={PMLR}
}

@article{zhu2021deep,
  title={Deep reinforcement learning based mobile robot navigation: A review},
  author={Zhu, Kai and Zhang, Tao},
  journal={Tsinghua Science and Technology},
  volume={26},
  number={5},
  pages={674--691},
  year={2021},
  publisher={TUP}
}

@article{li2019deep,
  title={Deep reinforcement learning-based automatic exploration for navigation in unknown environment},
  author={Li, Haoran and Zhang, Qichao and Zhao, Dongbin},
  journal={IEEE transactions on neural networks and learning systems},
  volume={31},
  number={6},
  pages={2064--2076},
  year={2019},
  publisher={IEEE}
}

@inproceedings{zhang2017deep,
  title={Deep reinforcement learning with successor features for navigation across similar environments},
  author={Zhang, Jingwei and Springenberg, Jost Tobias and Boedecker, Joschka and Burgard, Wolfram},
  booktitle={2017 IEEE/RSJ International Conference on Intelligent Robots and Systems (IROS)},
  pages={2371--2378},
  year={2017},
  organization={IEEE}
}

@article{liu2022goal,
  title={Goal-conditioned reinforcement learning: Problems and solutions},
  author={Liu, Minghuan and Zhu, Menghui and Zhang, Weinan},
  journal={arXiv preprint arXiv:2201.08299},
  year={2022}
}

@article{andrychowicz2017hindsight,
  title={Hindsight experience replay},
  author={Andrychowicz, Marcin and Wolski, Filip and Ray, Alex and Schneider, Jonas and Fong, Rachel and Welinder, Peter and McGrew, Bob and Tobin, Josh and Pieter Abbeel, OpenAI and Zaremba, Wojciech},
  journal={Advances in neural information processing systems},
  volume={30},
  year={2017}
}

@article{dayan1992feudal,
  title={Feudal reinforcement learning},
  author={Dayan, Peter and Hinton, Geoffrey E},
  journal={Advances in neural information processing systems},
  volume={5},
  year={1992}
}

@article{wiering1997hq,
  title={HQ-learning},
  author={Wiering, Marco and Schmidhuber, J{\"u}rgen},
  journal={Adaptive behavior},
  volume={6},
  number={2},
  pages={219--246},
  year={1997},
  publisher={Sage Publications Sage CA: Thousand Oaks, CA}
}

@article{nair2019hierarchical,
  title={Hierarchical foresight: Self-supervised learning of long-horizon tasks via visual subgoal generation},
  author={Nair, Suraj and Finn, Chelsea},
  journal={arXiv preprint arXiv:1909.05829},
  year={2019}
}

@inproceedings{jurgenson2020sub,
  title={Sub-goal trees a framework for goal-based reinforcement learning},
  author={Jurgenson, Tom and Avner, Or and Groshev, Edward and Tamar, Aviv},
  booktitle={International conference on machine learning},
  pages={5020--5030},
  year={2020},
  organization={PMLR}
}

@article{parascandolo2020divide,
  title={Divide-and-conquer monte carlo tree search for goal-directed planning},
  author={Parascandolo, Giambattista and Buesing, Lars and Merel, Josh and Hasenclever, Leonard and Aslanides, John and Hamrick, Jessica B and Heess, Nicolas and Neitz, Alexander and Weber, Theophane},
  journal={arXiv preprint arXiv:2004.11410},
  year={2020}
}

@article{levine2018reinforcement,
  title={Reinforcement learning and control as probabilistic inference: Tutorial and review},
  author={Levine, Sergey},
  journal={arXiv preprint arXiv:1805.00909},
  year={2018}
}

@article{neumann2011variational,
  title={Variational inference for policy search in changing situations},
  author={Neumann, Gerhard},
  year={2011},
  publisher={University of Lincoln}
}

@article{abdolmaleki2018maximum,
  title={Maximum a posteriori policy optimisation},
  author={Abdolmaleki, Abbas and Springenberg, Jost Tobias and Tassa, Yuval and Munos, Remi and Heess, Nicolas and Riedmiller, Martin},
  journal={arXiv preprint arXiv:1806.06920},
  year={2018}
}

@article{abdolmaleki2018relative,
  title={Relative entropy regularized policy iteration},
  author={Abdolmaleki, Abbas and Springenberg, Jost Tobias and Degrave, Jonas and Bohez, Steven and Tassa, Yuval and Belov, Dan and Heess, Nicolas and Riedmiller, Martin},
  journal={arXiv preprint arXiv:1812.02256},
  year={2018}
}

@article{team2024gemini,
  title={Gemini 1.5: Unlocking multimodal understanding across millions of tokens of context},
  author={Team, Gemini and Georgiev, Petko and Lei, Ving Ian and Burnell, Ryan and Bai, Libin and Gulati, Anmol and Tanzer, Garrett and Vincent, Damien and Pan, Zhufeng and Wang, Shibo and others},
  journal={arXiv preprint arXiv:2403.05530},
  year={2024}
}

@misc{openai2023gpt4v,
  author = {OpenAI},
  title = {GPT-4V(ision) Technical Work and Authors},
  year = {2023},
  howpublished = {\url{https://openai.com/contributions/gpt-4v}}
}

@article{zhang2023appagent,
  title={Appagent: Multimodal agents as smartphone users},
  author={Zhang, Chi and Yang, Zhao and Liu, Jiaxuan and Han, Yucheng and Chen, Xin and Huang, Zebiao and Fu, Bin and Yu, Gang},
  journal={arXiv preprint arXiv:2312.13771},
  year={2023}
}

@article{MinigridMiniworld23,
  author       = {Maxime Chevalier-Boisvert and Bolun Dai and Mark Towers and Rodrigo de Lazcano and Lucas Willems and Salem Lahlou and Suman Pal and Pablo Samuel Castro and Jordan Terry},
  title        = {Minigrid \& Miniworld: Modular \& Customizable Reinforcement Learning Environments for Goal-Oriented Tasks},
  journal      = {CoRR},
  volume       = {abs/2306.13831},
  year         = {2023},
}

@article{schulman2017proximal,
  title={Proximal policy optimization algorithms},
  author={Schulman, John and Wolski, Filip and Dhariwal, Prafulla and Radford, Alec and Klimov, Oleg},
  journal={arXiv preprint arXiv:1707.06347},
  year={2017}
}

@article{mnih2016asynchronous,
  title={Asynchronous Methods for Deep Reinforcement Learning},
  author={Mnih, Volodymyr},
  journal={arXiv preprint arXiv:1602.01783},
  year={2016}
}

@article{yang2023set,
  title={Set-of-mark prompting unleashes extraordinary visual grounding in gpt-4v},
  author={Yang, Jianwei and Zhang, Hao and Li, Feng and Zou, Xueyan and Li, Chunyuan and Gao, Jianfeng},
  journal={arXiv preprint arXiv:2310.11441},
  year={2023}
}

@article{rawles2024androidinthewild,
  title={Androidinthewild: A large-scale dataset for android device control},
  author={Rawles, Christopher and Li, Alice and Rodriguez, Daniel and Riva, Oriana and Lillicrap, Timothy},
  journal={Advances in Neural Information Processing Systems},
  volume={36},
  year={2024}
}

@article{wang2024distrl,
  title={Distrl: An asynchronous distributed reinforcement learning framework for on-device control agents},
  author={Wang, Taiyi and Wu, Zhihao and Liu, Jianheng and Hao, Jianye and Wang, Jun and Shao, Kun},
  journal={arXiv preprint arXiv:2410.14803},
  year={2024}
}

@inproceedings{sarch2024vlm,
  title={VLM Agents Generate Their Own Memories: Distilling Experience into Embodied Programs of Thought},
  author={Sarch, Gabriel Herbert and Jang, Lawrence and Tarr, Michael J and Cohen, William W and Marino, Kenneth and Fragkiadaki, Katerina},
  booktitle={The Thirty-eighth Annual Conference on Neural Information Processing Systems},
  year={2024}
}

@inproceedings{su2023subgoal,
  title={Subgoal Proposition Using a Vision-Language Model},
  author={Su, Jianhai and Zhang, Qi},
  booktitle={CoRL 2023 Workshop on Learning Effective Abstractions for Planning (LEAP)},
  year={2023}
}

@article{shukla2023lgts,
  title={LgTS: Dynamic Task Sampling using LLM-generated sub-goals for Reinforcement Learning Agents},
  author={Shukla, Yash and Gao, Wenchang and Sarathy, Vasanth and Velasquez, Alvaro and Wright, Robert and Sinapov, Jivko},
  journal={arXiv preprint arXiv:2310.09454},
  year={2023}
}

@article{zhang2023bootstrap,
  title={Bootstrap your own skills: Learning to solve new tasks with large language model guidance},
  author={Zhang, Jesse and Zhang, Jiahui and Pertsch, Karl and Liu, Ziyi and Ren, Xiang and Chang, Minsuk and Sun, Shao-Hua and Lim, Joseph J},
  journal={arXiv preprint arXiv:2310.10021},
  year={2023}
}

@article{rocamonde2023vision,
  title={Vision-language models are zero-shot reward models for reinforcement learning},
  author={Rocamonde, Juan and Montesinos, Victoriano and Nava, Elvis and Perez, Ethan and Lindner, David},
  journal={arXiv preprint arXiv:2310.12921},
  year={2023}
}

@inproceedings{pan2024vlp,
  title={VLP: Vision Language Planning for Autonomous Driving},
  author={Pan, Chenbin and Yaman, Burhaneddin and Nesti, Tommaso and Mallik, Abhirup and Allievi, Alessandro G and Velipasalar, Senem and Ren, Liu},
  booktitle={Proceedings of the IEEE/CVF Conference on Computer Vision and Pattern Recognition},
  pages={14760--14769},
  year={2024}
}

@article{yang2024guiding,
  title={Guiding Long-Horizon Task and Motion Planning with Vision Language Models},
  author={Yang, Zhutian and Garrett, Caelan and Fox, Dieter and Lozano-P{\'e}rez, Tom{\'a}s and Kaelbling, Leslie Pack},
  journal={arXiv preprint arXiv:2410.02193},
  year={2024}
}

@article{zhou2023webarena,
  title={Webarena: A realistic web environment for building autonomous agents},
  author={Zhou, Shuyan and Xu, Frank F and Zhu, Hao and Zhou, Xuhui and Lo, Robert and Sridhar, Abishek and Cheng, Xianyi and Ou, Tianyue and Bisk, Yonatan and Fried, Daniel and others},
  journal={arXiv preprint arXiv:2307.13854},
  year={2023}
}

@article{toyama2021androidenv,
  title={Androidenv: A reinforcement learning platform for android},
  author={Toyama, Daniel and Hamel, Philippe and Gergely, Anita and Comanici, Gheorghe and Glaese, Amelia and Ahmed, Zafarali and Jackson, Tyler and Mourad, Shibl and Precup, Doina},
  journal={arXiv preprint arXiv:2105.13231},
  year={2021}
}

@article{silver2017mastering,
  title={Mastering the game of go without human knowledge},
  author={Silver, David and Schrittwieser, Julian and Simonyan, Karen and Antonoglou, Ioannis and Huang, Aja and Guez, Arthur and Hubert, Thomas and Baker, Lucas and Lai, Matthew and Bolton, Adrian and others},
  journal={nature},
  volume={550},
  number={7676},
  pages={354--359},
  year={2017},
  publisher={Nature Publishing Group}
}

@article{berner2019dota,
  title={Dota 2 with large scale deep reinforcement learning},
  author={Berner, Christopher and Brockman, Greg and Chan, Brooke and Cheung, Vicki and Dkebiak, Przemys{\l}aw and Dennison, Christy and Farhi, David and Fischer, Quirin and Hashme, Shariq and Hesse, Chris and others},
  journal={arXiv preprint arXiv:1912.06680},
  year={2019}
}

@article{wu2024variational,
  title={Variational Delayed Policy Optimization},
  author={Wu, Qingyuan and Zhan, Simon Sinong and Wang, Yixuan and Wang, Yuhui and Lin, Chung-Wei and Lv, Chen and Zhu, Qi and Huang, Chao},
  journal={arXiv preprint arXiv:2405.14226},
  year={2024}
}

@inproceedings{liu2022constrained,
  title={Constrained variational policy optimization for safe reinforcement learning},
  author={Liu, Zuxin and Cen, Zhepeng and Isenbaev, Vladislav and Liu, Wei and Wu, Steven and Li, Bo and Zhao, Ding},
  booktitle={International Conference on Machine Learning},
  pages={13644--13668},
  year={2022},
  organization={PMLR}
}

@inproceedings{jiang2018open,
  title={Open problem: The dependence of sample complexity lower bounds on planning horizon},
  author={Jiang, Nan and Agarwal, Alekh},
  booktitle={Conference On Learning Theory},
  pages={3395--3398},
  year={2018},
  organization={PMLR}
}

@article{peng2019advantage,
  title={Advantage-weighted regression: Simple and scalable off-policy reinforcement learning},
  author={Peng, Xue Bin and Kumar, Aviral and Zhang, Grace and Levine, Sergey},
  journal={arXiv preprint arXiv:1910.00177},
  year={2019}
}