@article{abdolmaleki2018maximum,
  title={Maximum a posteriori policy optimisation},
  author={Abdolmaleki, Abbas and Springenberg, Jost Tobias and Tassa, Yuval and Munos, Remi and Heess, Nicolas and Riedmiller, Martin},
  journal={arXiv preprint arXiv:1806.06920},
  year={2018}
}

@article{abdolmaleki2018relative,
  title={Relative entropy regularized policy iteration},
  author={Abdolmaleki, Abbas and Springenberg, Jost Tobias and Degrave, Jonas and Bohez, Steven and Tassa, Yuval and Belov, Dan and Heess, Nicolas and Riedmiller, Martin},
  journal={arXiv preprint arXiv:1812.02256},
  year={2018}
}

@article{andrychowicz2017hindsight,
  title={Hindsight experience replay},
  author={Andrychowicz, Marcin and Wolski, Filip and Ray, Alex and Schneider, Jonas and Fong, Rachel and Welinder, Peter and McGrew, Bob and Tobin, Josh and Pieter Abbeel, OpenAI and Zaremba, Wojciech},
  journal={Advances in neural information processing systems},
  volume={30},
  year={2017}
}

@article{bai2024digirl,
  title={DigiRL: Training In-The-Wild Device-Control Agents with Autonomous Reinforcement Learning},
  author={Bai, Hao and Zhou, Yifei and Cemri, Mert and Pan, Jiayi and Suhr, Alane and Levine, Sergey and Kumar, Aviral},
  journal={arXiv preprint arXiv:2406.11896},
  year={2024}
}

@inproceedings{chane2021goal,
  title={Goal-conditioned reinforcement learning with imagined subgoals},
  author={Chane-Sane, Elliot and Schmid, Cordelia and Laptev, Ivan},
  booktitle={International conference on machine learning},
  pages={1430--1440},
  year={2021},
  organization={PMLR}
}

@inproceedings{hong2024cogagent,
  title={Cogagent: A visual language model for gui agents},
  author={Hong, Wenyi and Wang, Weihan and Lv, Qingsong and Xu, Jiazheng and Yu, Wenmeng and Ji, Junhui and Wang, Yan and Wang, Zihan and Dong, Yuxiao and Ding, Ming and others},
  booktitle={Proceedings of the IEEE/CVF Conference on Computer Vision and Pattern Recognition},
  pages={14281--14290},
  year={2024}
}

@inproceedings{jurgenson2020sub,
  title={Sub-goal trees a framework for goal-based reinforcement learning},
  author={Jurgenson, Tom and Avner, Or and Groshev, Edward and Tamar, Aviv},
  booktitle={International conference on machine learning},
  pages={5020--5030},
  year={2020},
  organization={PMLR}
}

@article{levine2018reinforcement,
  title={Reinforcement learning and control as probabilistic inference: Tutorial and review},
  author={Levine, Sergey},
  journal={arXiv preprint arXiv:1805.00909},
  year={2018}
}

@inproceedings{liu2022constrained,
  title={Constrained variational policy optimization for safe reinforcement learning},
  author={Liu, Zuxin and Cen, Zhepeng and Isenbaev, Vladislav and Liu, Wei and Wu, Steven and Li, Bo and Zhao, Ding},
  booktitle={International Conference on Machine Learning},
  pages={13644--13668},
  year={2022},
  organization={PMLR}
}

@article{liu2022goal,
  title={Goal-conditioned reinforcement learning: Problems and solutions},
  author={Liu, Minghuan and Zhu, Menghui and Zhang, Weinan},
  journal={arXiv preprint arXiv:2201.08299},
  year={2022}
}

@article{nair2019hierarchical,
  title={Hierarchical foresight: Self-supervised learning of long-horizon tasks via visual subgoal generation},
  author={Nair, Suraj and Finn, Chelsea},
  journal={arXiv preprint arXiv:1909.05829},
  year={2019}
}

@article{neumann2011variational,
  title={Variational inference for policy search in changing situations},
  author={Neumann, Gerhard},
  year={2011},
  publisher={University of Lincoln}
}

@misc{openai2023gpt4v,
  author = {OpenAI},
  title = {GPT-4V(ision) Technical Work and Authors},
  year = {2023},
  howpublished = {\url{https://openai.com/contributions/gpt-4v}}
}

@inproceedings{pan2024autonomous,
  title={Autonomous evaluation and refinement of digital agents},
  author={Pan, Jiayi and Zhang, Yichi and Tomlin, Nicholas and Zhou, Yifei and Levine, Sergey and Suhr, Alane},
  booktitle={First Conference on Language Modeling},
  year={2024}
}

@inproceedings{pan2024vlp,
  title={VLP: Vision Language Planning for Autonomous Driving},
  author={Pan, Chenbin and Yaman, Burhaneddin and Nesti, Tommaso and Mallik, Abhirup and Allievi, Alessandro G and Velipasalar, Senem and Ren, Liu},
  booktitle={Proceedings of the IEEE/CVF Conference on Computer Vision and Pattern Recognition},
  pages={14760--14769},
  year={2024}
}

@article{parascandolo2020divide,
  title={Divide-and-conquer monte carlo tree search for goal-directed planning},
  author={Parascandolo, Giambattista and Buesing, Lars and Merel, Josh and Hasenclever, Leonard and Aslanides, John and Hamrick, Jessica B and Heess, Nicolas and Neitz, Alexander and Weber, Theophane},
  journal={arXiv preprint arXiv:2004.11410},
  year={2020}
}

@article{rawles2024androidinthewild,
  title={Androidinthewild: A large-scale dataset for android device control},
  author={Rawles, Christopher and Li, Alice and Rodriguez, Daniel and Riva, Oriana and Lillicrap, Timothy},
  journal={Advances in Neural Information Processing Systems},
  volume={36},
  year={2024}
}

@article{rocamonde2023vision,
  title={Vision-language models are zero-shot reward models for reinforcement learning},
  author={Rocamonde, Juan and Montesinos, Victoriano and Nava, Elvis and Perez, Ethan and Lindner, David},
  journal={arXiv preprint arXiv:2310.12921},
  year={2023}
}

@article{team2024gemini,
  title={Gemini 1.5: Unlocking multimodal understanding across millions of tokens of context},
  author={Team, Gemini and Georgiev, Petko and Lei, Ving Ian and Burnell, Ryan and Bai, Libin and Gulati, Anmol and Tanzer, Garrett and Vincent, Damien and Pan, Zhufeng and Wang, Shibo and others},
  journal={arXiv preprint arXiv:2403.05530},
  year={2024}
}

@article{wang2024distrl,
  title={Distrl: An asynchronous distributed reinforcement learning framework for on-device control agents},
  author={Wang, Taiyi and Wu, Zhihao and Liu, Jianheng and Hao, Jianye and Wang, Jun and Shao, Kun},
  journal={arXiv preprint arXiv:2410.14803},
  year={2024}
}

@article{wu2024variational,
  title={Variational Delayed Policy Optimization},
  author={Wu, Qingyuan and Zhan, Simon Sinong and Wang, Yixuan and Wang, Yuhui and Lin, Chung-Wei and Lv, Chen and Zhu, Qi and Huang, Chao},
  journal={arXiv preprint arXiv:2405.14226},
  year={2024}
}

@article{yang2023appagent,
  title={Appagent: Multimodal agents as smartphone users},
  author={Yang, Zhao and Liu, Jiaxuan and Han, Yucheng and Chen, Xin and Huang, Zebiao and Fu, Bin and Yu, Gang},
  journal={arXiv preprint arXiv:2312.13771},
  year={2023}
}

@article{yang2023set,
  title={Set-of-mark prompting unleashes extraordinary visual grounding in gpt-4v},
  author={Yang, Jianwei and Zhang, Hao and Li, Feng and Zou, Xueyan and Li, Chunyuan and Gao, Jianfeng},
  journal={arXiv preprint arXiv:2310.11441},
  year={2023}
}

@article{yang2024guiding,
  title={Guiding Long-Horizon Task and Motion Planning with Vision Language Models},
  author={Yang, Zhutian and Garrett, Caelan and Fox, Dieter and Lozano-P{\'e}rez, Tom{\'a}s and Kaelbling, Leslie Pack},
  journal={arXiv preprint arXiv:2410.02193},
  year={2024}
}

@article{zhang2023you,
  title={You only look at screens: Multimodal chain-of-action agents},
  author={Zhang, Zhuosheng and Zhang, Aston},
  journal={arXiv preprint arXiv:2309.11436},
  year={2023}
}

