@techreport{hafi2022cost,
  title={Cost of established pest animals and weeds to Australian agricultural producers},
  author={Hafi, A. and Arthur, T. and Medina, M. and Warnakula, C. and Addai, D. and Stenekes, N.},
  institution={Department of Agriculture, Fisheries and Forestry, Australian Government},
  year={2022},
  address={Australia}
}


@article{bajwa2017weed,
  title={Weed management using crop competition in Australia},
  author={Bajwa, A. A. and Walsh, M. and Chauhan, B. S.},
  journal={Crop Protection},
  volume={95},
  pages={8-13},
  year={2017}
}

@article{beckie2019herbicide,
  title={Herbicide resistance management: Recent developments and trends},
  author={Beckie, H. J. and Ashworth, M. B. and Flower, K. C.},
  journal={Plants},
  volume={8},
  number={6},
  pages={161},
  year={2019}
}

@article{kaundun2021syngenta,
  title={Syngenta's contribution to herbicide resistance research and management},
  author={Kaundun, S. S.},
  journal={Pest Management Science},
  volume={77},
  number={4},
  pages={1564-1571},
  year={2021}
}

@article{purkayastha2021sustainable,
  title={Sustainable waste management using black soldier fly larva: a review},
  author={Purkayastha, D. and Sarkar, S.},
  journal={International Journal of Environmental Science and Technology},
  pages={1-26},
  year={2021}
}

@article{karunathilake2023path,
  title={The path to smart farming: Innovations and opportunities in precision agriculture},
  author={Karunathilake, E. M. B. M. and others},
  journal={Agriculture},
  volume={13},
  number={8},
  pages={1593},
  year={2023}
}

@article{sa2018weednet,
  title={weedNet: Dense Semantic Weed Classification Using Multispectral Images and MAV for Smart Farming},
  author={Sa, I. and Chen, Z. and Popović, M. and Khanna, R. and Liebisch, F. and Nieto, J. and Siegwart, R.},
  journal={IEEE Robotics and Automation Letters},
  volume={3},
  number={1},
  pages={588-595},
  year={2018},
  month={Jan}
}

@article{sishodia2020applications,
  title={Applications of remote sensing in precision agriculture: A review},
  author={Sishodia, R. P. and Ray, R. L. and Singh, S. K.},
  journal={Remote Sensing},
  volume={12},
  number={19},
  pages={3136},
  year={2020}
}

@article{khanal2020remote,
  title={Remote sensing in agriculture—accomplishments, limitations, and opportunities},
  author={Khanal, S. and others},
  journal={Remote Sensing},
  volume={12},
  number={22},
  pages={3783},
  year={2020}
}

@article{hassani2020predicting,
  title={Predicting long-term dynamics of soil salinity and sodicity on a global scale},
  author={Hassani, A. and Azapagic, A. and Shokri, N.},
  journal={Proceedings of the National Academy of Sciences},
  volume={117},
  number={52},
  pages={33017-33027},
  year={2020}
}

@article{bah2018deep,
  title={Deep Learning with Unsupervised Data Labeling for Weed Detection in Line Crops in UAV Images},
  author={Bah, M. D. and Hafiane, A. and Canals, R.},
  journal={Remote Sensing},
  volume={10},
  number={11},
  pages={1690},
  year={2018},
  month={Oct},
  doi={10.3390/rs10111690}
}


@article{chen2018deeplab,
  title={DeepLab: Semantic Image Segmentation with Deep Convolutional Nets, Atrous Convolution, and Fully Connected CRFs},
  author={Chen, L.-C. and Papandreou, G. and Kokkinos, I. and Murphy, K. and Yuille, A. L.},
  journal={IEEE Transactions on Pattern Analysis and Machine Intelligence},
  volume={40},
  number={4},
  pages={834-848},
  year={2018},
  month={Apr},
  doi={10.1109/TPAMI.2017.2699184}
}

@article{badrinarayanan2017segnet,
  title={SegNet: A Deep Convolutional Encoder-Decoder Architecture for Image Segmentation},
  author={Badrinarayanan, V. and Kendall, A. and Cipolla, R.},
  journal={IEEE Transactions on Pattern Analysis and Machine Intelligence},
  volume={39},
  number={12},
  pages={2481-2495},
  year={2017},
  month={Dec},
  doi={10.1109/TPAMI.2016.2644615}
}

@inproceedings{szegedy2016rethinking,
  title={Rethinking the Inception Architecture for Computer Vision},
  author={Szegedy, C. and Vanhoucke, V. and Ioffe, S. and Shlens, J. and Wojna, Z.},
  booktitle={Proceedings of the IEEE Conference on Computer Vision and Pattern Recognition (CVPR)},
  pages={2818-2826},
  year={2016},
  doi={10.1109/CVPR.2016.308}
}

@manual{dji2018manual,
  title={DJI GS PRO User Manual},
  author={DJI},
  year={2018},
  month={Nov},
  version={2.0}
}

@article{radoglou2020compilation,
  title={A compilation of UAV applications for precision agriculture},
  author={Radoglou-Grammatikis, P. and Sarigiannidis, P. and Lagkas, T. and Moscholios, I.},
  journal={Computer Networks},
  volume={172},
  pages={107148},
  year={2020},
  month={May},
  doi={10.1016/j.comnet.2020.107148}
}

@inproceedings{bupathy2021optimizing,
  title={Optimizing low-cost UAV aerial image mosaicing for crop growth monitoring},
  author={Bupathy, P. and Sivanpillai, R. and Sajithvariyar, V. V. and Sowmya, V.},
  booktitle={The International Archives of the Photogrammetry, Remote Sensing and Spatial Information Sciences},
  volume={XLIV-M-3-2021},
  pages={7-12},
  year={2021},
  doi={10.5194/isprs-archives-XLIV-M-3-2021-7-2021}
}

@article{barker2019calibration,
  title={Calibration of a common shortwave multispectral camera system for quantitative agricultural applications},
  author={Barker, J. B. and Woldt, W. E. and Wardlow, B. D. and Neale, C. M. U. and Maguire, M. S. and Leavitt, B. C. and Heeren, D. M.},
  journal={Precision Agriculture},
  volume={21},
  pages={922-935},
  year={2019},
  month={Dec},
  doi={10.1007/s11119-019-09701-6}
}

@article{hwang1995adaptive,
  title={Adaptive median filters: new algorithms and results},
  author={Hwang, H. and Haddad, R. A.},
  journal={IEEE Transactions on Image Processing},
  volume={4},
  number={4},
  pages={499-502},
  year={1995},
  month={Apr},
  doi={10.1109/83.370679}
}

@article{lowe2004distinctive,
  title={Distinctive Image Features from Scale-Invariant Keypoints},
  author={Lowe, D. G.},
  journal={International Journal of Computer Vision},
  volume={60},
  number={2},
  pages={91-110},
  year={2004},
  doi={10.1023/B.0000029664.99615.94}
}

@article{zitova2003image,
  title={Image Registration Methods: A Survey},
  author={Zitová, B. and Flusser, J.},
  journal={Image and Vision Computing},
  volume={21},
  number={11},
  pages={977-1000},
  year={2003},
  doi={10.1016/S0262-8856(03)00137-9}
}

@article{guo2019radiometric,
  title={Radiometric calibration for multispectral camera of different imaging conditions mounted on a UAV platform},
  author={Guo, Y. and Senthilnath, J. and Wu, W. and Zhang, X. and Zeng, Z. and Huang, H.},
  journal={Sustainability},
  volume={11},
  number={4},
  pages={978},
  year={2019},
  doi={10.3390/su11040978}
}

@manual{agisoft2021manual,
  title={Agisoft Metashape User Manual: Professional Edition},
  author={Agisoft LLC},
  year={2021},
  version={1.7}
}

@article{vina2011comparison,
  title={Comparison of different vegetation indices for the remote assessment of green leaf area index of crops},
  author={Viña, A. and Gitelson, A. A. and Nguy-Robertson, A. L. and Peng, Y.},
  journal={Remote Sensing of Environment},
  volume={115},
  number={12},
  pages={3468-3478},
  year={2011},
  doi={10.1016/j.rse.2011.08.010}
}

@article{yeom2019comparison,
  title={Comparison of vegetation indices derived from UAV data for differentiation of tillage effects in agriculture},
  author={Yeom, J. and Jung, J. and Chang, A. and Ashapure, A. and Maeda, M.},
  journal={Remote Sensing},
  volume={11},
  number={13},
  pages={1548},
  year={2019},
  doi={10.3390/rs11131548}
}

@inproceedings{wendel2016self,
  title={Self-supervised weed detection in vegetable crops using ground-based hyperspectral imaging},
  author={Wendel, A. and Underwood, J.},
  booktitle={2016 IEEE International Conference on Robotics and Automation (ICRA)},
  pages={5128-5135},
  year={2016},
  doi={10.1109/ICRA.2016.7487717}
}

@article{stroppiana2018early,
  title={Early season weed mapping in rice crops using multi-spectral UAV data},
  author={Stroppiana, D. and Villa, P. and Sona, G. and Ronchetti, G.},
  journal={International Journal of Remote Sensing},
  volume={39},
  number={20},
  pages={7565-7586},
  year={2018},
  doi={10.1080/01431161.2018.1441569}
}

@article{huete2002overview,
  title={Overview of the radiometric and biophysical performance of the MODIS vegetation indices},
  author={Huete, A. and Didan, K. and Miura, T. and Rodriguez, E. P. and Gao, X. and Ferreira, L. G.},
  journal={Remote Sensing of Environment},
  volume={83},
  number={1-2},
  pages={195-213},
  year={2002},
  doi={10.1016/S0034-4257(02)00096-2}
}

@inproceedings{viola2001rapid,
  title={Rapid object detection using a boosted cascade of simple features},
  author={Viola, P. and Jones, M. J.},
  booktitle={Proceedings of the 2001 IEEE Computer Society Conference on Computer Vision and Pattern Recognition (CVPR)},
  volume={1},
  pages={I-511-I-518},
  year={2001},
  doi={10.1109/CVPR.2001.990517}
}

@inproceedings{simard2003best,
  title={Best Practices for Convolutional Neural Networks Applied to Visual Document Analysis},
  author={Simard, P. Y. and Steinkraus, D. and Platt, J. C.},
  booktitle={Proceedings of the Seventh International Conference on Document Analysis and Recognition (ICDAR)},
  pages={958-963},
  year={2003},
  doi={10.1109/ICDAR.2003.1227801}
}

@article{thomas2023weakly,
  title={Weakly Supervised Perennial Weed Detection in a Barley Field},
  author={Thomas, L.-F. and Änäkkälä, M. and Lajunen, A.},
  journal={Remote Sensing},
  volume={15},
  number={11},
  pages={2877},
  year={2023},
  doi={10.3390/rs15112877}
}

@inproceedings{ronneberger2015unet,
  title={U-Net: Convolutional Networks for Biomedical Image Segmentation},
  author={Ronneberger, O. and Fischer, P. and Brox, T.},
  booktitle={Medical Image Computing and Computer-Assisted Intervention--MICCAI 2015},
  pages={234-241},
  year={2015},
  doi={10.1007/978-3-319-24574-4_28}
}

@article{xu2023instance,
  title={Instance segmentation method for weed detection using UAV imagery in soybean fields},
  author={Xu, B. and Fan, J. and Chao, J. and Arsenijevic, N. and Werle, R. and Zhang, Z.},
  journal={Computers and Electronics in Agriculture},
  volume={211},
  pages={107994},
  year={2023},
  doi={10.1016/j.compag.2023.107994}
}

@article{subeesh2022deep,
  title={Deep convolutional neural network models for weed detection in polyhouse grown bell peppers},
  author={Subeesh, A. and Bhole, S. and Singh, K. and Chandel, N. S. and Rajwade, Y. A. and Rao, K. V. R. and Kumar, S. P. and Jat, D.},
  journal={Artificial Intelligence in Agriculture},
  volume={6},
  pages={47-54},
  year={2022},
  doi={10.1016/j.aiia.2022.01.002}
}

@article{sa2018weedmap,
  title={WeedMap: A Large-Scale Semantic Weed Mapping Framework Using Aerial Multispectral Imaging and Deep Neural Network for Precision Farming},
  author={Sa, I. and Popović, M. and Khanna, R. and Chen, Z. and Lottes, P. and Liebisch, F. and Nieto, J. and Stachniss, C. and Walter, A. and Siegwart, R.},
  journal={Remote Sensing},
  volume={10},
  number={9},
  pages={1423},
  year={2018},
  doi={10.3390/rs10091423}
}

@article{long2015fully,
  title={Fully Convolutional Networks for Semantic Segmentation},
  author={Long, J. and Shelhamer, E. and Darrell, T.},
  journal={Proceedings of the IEEE Conference on Computer Vision and Pattern Recognition (CVPR)},
  pages={3431-3440},
  year={2015},
  doi={10.1109/CVPR.2015.7298965}
}

@inproceedings{milletari2016vnet,
  title={V-Net: Fully Convolutional Neural Networks for Volumetric Medical Image Segmentation},
  author={Milletari, F. and Navab, N. and Ahmadi, S.-A.},
  booktitle={Proceedings of the Fourth International Conference on 3D Vision (3DV)},
  pages={565-571},
  year={2016},
  doi={10.1109/3DV.2016.79}
}

@article{louargant2018unsupervised,
  title={Unsupervised Classification Algorithm for Early Weed Detection in Row-Crops by Combining Spatial and Spectral Information},
  author={Louargant, Marine and Jones, Gawain and Faroux, Romain and Paoli, Jean-No{\"e}l and Maillot, Thibault and G{\'e}e, Christelle and Villette, Sylvain},
  journal={Remote Sensing},
  volume={10},
  number={5},
  pages={761},
  year={2018},
  publisher={MDPI},
  doi={10.3390/rs10050761}
}


@inproceedings{huang2024unsupervised,
  title={Unsupervised Domain Adaptation for Weed Segmentation Using Greedy Pseudo-Labeling},
  author={Huang, Z. and Deng, X. and Zhu, J.},
  booktitle={CVPR Workshops},
  year={2024},
  doi={10.1109/CVPRW.2024.00329}
}

@article{mendoza2022cnn,
  title={A Convolutional Neural Network Approach for Image-Based Anomaly Detection in Agriculture},
  author={Mendoza-Bernal, M. I. and Gómez-Gil, J. and Molina-Martínez, J. M.},
  journal={Sensors},
  volume={22},
  number={4},
  pages={1480},
  year={2022},
  doi={10.3390/s22041480}
}

@article{ghazal2024cv,
  title={Computer vision in smart agriculture and precision farming: Techniques and applications},
  author={Ghazal, Sumaira and Munir, Arslan and Qureshi, Waqar S.},
  journal={Artificial Intelligence in Agriculture},
  volume={13},
  pages={64-83},
  year={2024},
  doi={10.1016/j.aiia.2024.06.004}
}


@manual{dji2019p4,
  title={P4 Multispectral User Manual},
  organization={DJI},
  version={v1.0},
  month={September},
  year={2019}
}

@article{asad2020weed,
  title={Weed detection in canola fields using maximum likelihood classification and deep convolutional neural network},
  author={Asad, MH and Bais, A},
  journal={Information Processing in Agriculture},
  volume={7},
  number={3},
  pages={388-402},
  year={2020},
  doi={10.1016/j.inpa.2020.04.003},
  publisher={Elsevier}
}


@article{olsen2019deepweeds,
  title={DeepWeeds: A multiclass weed species image dataset for deep learning},
  author={Olsen, A and Konovalov, DA and Philippa, B and Ridd, P and Wood, JC and Johns, J and Banks, W and Girgenti, B},
  journal={Scientific reports},
  volume={9},
  number={1},
  pages={2058},
  year={2019},
  publisher={Nature Publishing Group},
  doi={10.1038/s41598-018-38343-3}
}

















