@article{badrinarayanan2017segnet,
  title={SegNet: A Deep Convolutional Encoder-Decoder Architecture for Image Segmentation},
  author={Badrinarayanan, V. and Kendall, A. and Cipolla, R.},
  journal={IEEE Transactions on Pattern Analysis and Machine Intelligence},
  volume={39},
  number={12},
  pages={2481-2495},
  year={2017},
  month={Dec},
  doi={10.1109/TPAMI.2016.2644615}
}

@article{bah2018deep,
  title={Deep Learning with Unsupervised Data Labeling for Weed Detection in Line Crops in UAV Images},
  author={Bah, M. D. and Hafiane, A. and Canals, R.},
  journal={Remote Sensing},
  volume={10},
  number={11},
  pages={1690},
  year={2018},
  month={Oct},
  doi={10.3390/rs10111690}
}

@article{chen2018deeplab,
  title={DeepLab: Semantic Image Segmentation with Deep Convolutional Nets, Atrous Convolution, and Fully Connected CRFs},
  author={Chen, L.-C. and Papandreou, G. and Kokkinos, I. and Murphy, K. and Yuille, A. L.},
  journal={IEEE Transactions on Pattern Analysis and Machine Intelligence},
  volume={40},
  number={4},
  pages={834-848},
  year={2018},
  month={Apr},
  doi={10.1109/TPAMI.2017.2699184}
}

@inproceedings{huang2024unsupervised,
  title={Unsupervised Domain Adaptation for Weed Segmentation Using Greedy Pseudo-Labeling},
  author={Huang, Z. and Deng, X. and Zhu, J.},
  booktitle={CVPR Workshops},
  year={2024},
  doi={10.1109/CVPRW.2024.00329}
}

@article{mendoza2022cnn,
  title={A Convolutional Neural Network Approach for Image-Based Anomaly Detection in Agriculture},
  author={Mendoza-Bernal, M. I. and Gómez-Gil, J. and Molina-Martínez, J. M.},
  journal={Sensors},
  volume={22},
  number={4},
  pages={1480},
  year={2022},
  doi={10.3390/s22041480}
}

@inproceedings{ronneberger2015unet,
  title={U-Net: Convolutional Networks for Biomedical Image Segmentation},
  author={Ronneberger, O. and Fischer, P. and Brox, T.},
  booktitle={Medical Image Computing and Computer-Assisted Intervention--MICCAI 2015},
  pages={234-241},
  year={2015},
  doi={10.1007/978-3-319-24574-4_28}
}

@inproceedings{szegedy2016rethinking,
  title={Rethinking the Inception Architecture for Computer Vision},
  author={Szegedy, C. and Vanhoucke, V. and Ioffe, S. and Shlens, J. and Wojna, Z.},
  booktitle={Proceedings of the IEEE Conference on Computer Vision and Pattern Recognition (CVPR)},
  pages={2818-2826},
  year={2016},
  doi={10.1109/CVPR.2016.308}
}

