@inproceedings{9636281,
  author={Durner, Maximilian and Boerdijk, Wout and Sundermeyer, Martin and Friedl, Werner and Márton, Zoltán-Csaba and Triebel, Rudolph},
  booktitle={2021 IEEE/RSJ International Conference on Intelligent Robots and Systems (IROS)},
  title={Unknown Object Segmentation from Stereo Images},
  year={2021},
  volume={},
  number={},
  pages={4823-4830},}

@inproceedings{amir2021deep,
  title={Deep vit features as dense visual descriptors},
  author={Amir, Shir and Gandelsman, Yossi and Bagon, Shai and Dekel, Tali},
  booktitle={European Conference on Computer Vision},
  volume={2},
  number={3},
  pages={4},
  year={2022}
}

@article{awais2023foundational,
  title={Foundational models defining a new era in vision: A survey and outlook},
  author={Awais, Muhammad and Naseer, Muzammal and Khan, Salman and Anwer, Rao Muhammad and Cholakkal, Hisham and Shah, Mubarak and Yang, Ming-Hsuan and Khan, Fahad Shahbaz},
  journal={arXiv preprint arXiv:2307.13721},
  year={2023}
}

@inproceedings{back2022unseen,
  title={Unseen object amodal instance segmentation via hierarchical occlusion modeling},
  author={Back, Seunghyeok and Lee, Joosoon and Kim, Taewon and Noh, Sangjun and Kang, Raeyoung and Bak, Seongho and Lee, Kyoobin},
  booktitle={2022 International Conference on Robotics and Automation (ICRA)},
  pages={5085--5092},
  year={2022},
}

@inproceedings{bao2021beit,
  title={Beit: Bert pre-training of image transformers},
  author={Bao, Hangbo and Dong, Li and Piao, Songhao and Wei, Furu},
  booktitle={The International Conference on Learning Representations (ICLR)},
  year={2022}
}

@inproceedings{bolya2019yolact,
  title={Yolact: Real-time instance segmentation},
  author={Bolya, Daniel and Zhou, Chong and Xiao, Fanyi and Lee, Yong Jae},
  booktitle={Proceedings of the IEEE/CVF International Conference on Computer Vision},
  pages={9157--9166},
  year={2019}
}

@inproceedings{caron2021emerging,
  title={Emerging properties in self-supervised vision transformers},
  author={Caron, Mathilde and Touvron, Hugo and Misra, Ishan and J{\'e}gou, Herv{\'e} and Mairal, Julien and Bojanowski, Piotr and Joulin, Armand},
  booktitle={Proceedings of the IEEE/CVF international conference on computer vision},
  pages={9650--9660},
  year={2021}
}

@inproceedings{chen2021mocov3,
  title={An Empirical Study of Training Self-Supervised Vision Transformers},
  author={Xinlei Chen and Saining Xie and Kaiming He},
  booktitle={Proceedings of the IEEE/CVF International Conference on Computer Vision (ICCV)},
  pages={9640-9649},
  year={2021}
}

@article{chen20233d,
  title={3D Model-based Zero-Shot Pose Estimation Pipeline},
  author={Chen, Jianqiu and Sun, Mingshan and Bao, Tianpeng and Zhao, Rui and Wu, Liwei and He, Zhenyu},
  journal={arXiv preprint arXiv:2305.17934},
  year={2023}
}

@article{cheng2023segment,
  title={Segment and track anything},
  author={Cheng, Yangming and Li, Liulei and Xu, Yuanyou and Li, Xiaodi and Yang, Zongxin and Wang, Wenguan and Yang, Yi},
  journal={arXiv preprint arXiv:2305.06558},
  year={2023}
}

@article{cui2023all,
  title={All-in-sam: from weak annotation to pixel-wise nuclei segmentation with prompt-based finetuning},
  author={Cui, Can and Deng, Ruining and Liu, Quan and Yao, Tianyuan and Bao, Shunxing and Remedios, Lucas W and Tang, Yucheng and Huo, Yuankai},
  journal={Journal of Physics: Conference Series},
  year = {2024},
  volume = {2722},
  number = {1},
  pages = {012012},
  year={2024},
}

@inproceedings{devlin2018bert,
  title={Bert: Pre-training of deep bidirectional transformers for language understanding},
  author={Devlin, Jacob and Chang, Ming-Wei and Lee, Kenton and Toutanova, Kristina},
  booktitle={Proceedings of the 2019 Conference of the North American Chapter of the Association for Computational Linguistics: Human Language Technologies (NAACL-HLT)},
  year={2019},
  pages={4171-4186},
}

@inproceedings{dosovitskiy2020image,
  title={An image is worth 16x16 words: Transformers for image recognition at scale},
  author={Dosovitskiy, Alexey and Beyer, Lucas and Kolesnikov, Alexander and Weissenborn, Dirk and Zhai, Xiaohua and Unterthiner, Thomas and Dehghani, Mostafa and Minderer, Matthias and Heigold, Georg and Gelly, Sylvain and others},
  booktitle={9th International Conference on Learning Representations},
  year={2021},
}

@inproceedings{he2022masked,
  title={Masked autoencoders are scalable vision learners},
  author={He, Kaiming and Chen, Xinlei and Xie, Saining and Li, Yanghao and Doll{\'a}r, Piotr and Girshick, Ross},
  booktitle={Proceedings of the IEEE/CVF Conference on Computer Vision and Pattern Recognition},
  pages={16000--16009},
  year={2022}
}

@article{he2023accuracy,
  title={Accuracy of segment-anything model (sam) in medical image segmentation tasks},
  author={He, Sheng and Bao, Rina and Li, Jingpeng and Grant, P Ellen and Ou, Yangming},
  journal={arXiv preprint arXiv:2304.09324},
  year={2023}
}

@inproceedings{kirillov2019panoptic,
  title={Panoptic segmentation},
  author={Kirillov, Alexander and He, Kaiming and Girshick, Ross and Rother, Carsten and Doll{\'a}r, Piotr},
  booktitle={Proceedings of the IEEE/CVF Conference on Computer Vision and Pattern Pecognition},
  pages={9404--9413},
  year={2019}
}

@article{kirillov2023segment,
  title={Segment anything},
  author={Kirillov, Alexander and Mintun, Eric and Ravi, Nikhila and Mao, Hanzi and Rolland, Chloe and Gustafson, Laura and Xiao, Tete and Whitehead, Spencer and Berg, Alexander C and Lo, Wan-Yen and others},
  journal={arXiv preprint arXiv:2304.02643},
  year={2023}
}

@article{li2021mst,
  title={Mst: Masked self-supervised transformer for visual representation},
  author={Li, Zhaowen and Chen, Zhiyang and Yang, Fan and Li, Wei and Zhu, Yousong and Zhao, Chaoyang and Deng, Rui and Wu, Liwei and Zhao, Rui and Tang, Ming and others},
  journal={Advances in Neural Information Processing Systems},
  volume={34},
  pages={13165--13176},
  year={2021}
}

@inproceedings{long2015fully,
  title={Fully convolutional networks for semantic segmentation},
  author={Long, Jonathan and Shelhamer, Evan and Darrell, Trevor},
  booktitle={Proceedings of the IEEE Conference on Computer Vision and Pattern Recognition},
  pages={3431--3440},
  year={2015}
}

@article{lu2023self,
  title={Self-Supervised Unseen Object Instance Segmentation via Long-Term Robot Interaction},
  author={Lu, Yangxiao and Khargonkar, Ninad and Xu, Zesheng and Averill, Charles and Palanisamy, Kamalesh and Hang, Kaiyu and Guo, Yunhui and Ruozzi, Nicholas and Xiang, Yu},
  journal={arXiv preprint arXiv:2302.03793},
  year={2023}
}

@inproceedings{nguyen2023cnos,
  title={CNOS: A Strong Baseline for CAD-based Novel Object Segmentation},
  author={Nguyen, Van Nguyen and Groueix, Thibault and Ponimatkin, Georgy and Lepetit, Vincent and Hodan, Tomas},
  booktitle={Proceedings of the IEEE/CVF International Conference on Computer Vision},
  pages={2134--2140},
  year={2023}
}

@article{oquab2023dinov2,
  title={Dinov2: Learning robust visual features without supervision},
  author={Oquab, Maxime and Darcet, Timoth{\'e}e and Moutakanni, Th{\'e}o and Vo, Huy and Szafraniec, Marc and Khalidov, Vasil and Fernandez, Pierre and Haziza, Daniel and Massa, Francisco and El-Nouby, Alaaeldin and others},
  journal={Transactions on Machine Learning Research},
  year={2024},
}

@inproceedings{vaswani2017attention,
  title={Attention is all you need},
  author={Vaswani, Ashish and Shazeer, Noam and Parmar, Niki and Uszkoreit, Jakob and Jones, Llion and Gomez, Aidan N and Kaiser, {\L}ukasz and Polosukhin, Illia},
  booktitle={Proceedings of the 31st International Conference on Neural Information Processing Systems},
  pages={6000-6010},
  year={2017}
}

@inproceedings{xiang2021learning,
  title={Learning rgb-d feature embeddings for unseen object instance segmentation},
  author={Xiang, Yu and Xie, Christopher and Mousavian, Arsalan and Fox, Dieter},
  booktitle={Conference on Robot Learning},
  pages={461--470},
  year={2021},
}

@inproceedings{xie2020best,
  title={The best of both modes: Separately leveraging rgb and depth for unseen object instance segmentation},
  author={Xie, Christopher and Xiang, Yu and Mousavian, Arsalan and Fox, Dieter},
  booktitle={Conference on Robot Learning},
  pages={1369--1378},
  year={2020},
}

@article{xie2021unseen,
	title={Unseen object instance segmentation for robotic environments},
	author={Xie, Christopher and Xiang, Yu and Mousavian, Arsalan and Fox, Dieter},
	journal={IEEE Transactions on Robotics},
	volume={37},
	number={5},
	pages={1343--1359},
	year={2021},
}

@inproceedings{xie2022rice,
  title={Rice: Refining instance masks in cluttered environments with graph neural networks},
  author={Xie, Chris and Mousavian, Arsalan and Xiang, Yu and Fox, Dieter},
  booktitle={Conference on Robot Learning},
  pages={1655--1665},
  year={2022},
}

@inproceedings{yu2022self,
  title={Self-supervised Interactive Object Segmentation Through a Singulation-and-Grasping Approach},
  author={Yu, Houjian and Choi, Changhyun},
  booktitle={European Conference on Computer Vision},
  pages={621--637},
  year={2022},
}

@article{yu2023inpaint,
  title={Inpaint Anything: Segment Anything Meets Image Inpainting},
  author={Yu, Tao and Feng, Runseng and Feng, Ruoyu and Liu, Jinming and Jin, Xin and Zeng, Wenjun and Chen, Zhibo},
  journal={arXiv preprint arXiv:2304.06790},
  year={2023}
}

@article{zhang2023cross,
  title={Cross-Level Multi-Modal Features Learning with Transformer for RGB-D Object Recognition},
  author={Zhang, Ying and Yin, Maoliang and Wang, Heyong and Hua, Changchun},
  journal={IEEE Transactions on Circuits and Systems for Video Technology},
  year={2023},
  volume={33},
  number={12},
  pages={7121-7130},
}

@inproceedings{zhang2023unseen,
  title={Unseen object instance segmentation with fully test-time rgb-d embeddings adaptation},
  author={Zhang, Lu and Zhang, Siqi and Yang, Xu and Qiao, Hong and Liu, Zhiyong},
  booktitle={2023 IEEE International Conference on Robotics and Automation (ICRA)},
  pages={4945--4952},
  year={2023},
}

@article{zhang2023uvosam,
  title={UVOSAM: A Mask-free Paradigm for Unsupervised Video Object Segmentation via Segment Anything Model},
  author={Zhang, Zhenghao and Wei, Zhichao and Zhang, Shengfan and Dai, Zuozhuo and Zhu, Siyu},
  journal={arXiv preprint arXiv:2305.12659},
  year={2023}
}

