% segmentation in robotics
% UOIS
@article{xie2021unseen,
	title={Unseen object instance segmentation for robotic environments},
	author={Xie, Christopher and Xiang, Yu and Mousavian, Arsalan and Fox, Dieter},
	journal={IEEE Transactions on Robotics},
	volume={37},
	number={5},
	pages={1343--1359},
	year={2021},
}

@article{fu2024taylor,
  title={Taylor Neural Network for Unseen Object Instance Segmentation in Hierarchical Grasping},
  author={Fu, Kui and Dang, Xuanju and Zhang, Yichen},
  journal={IEEE/ASME Transactions on Mechatronics},
  year={2024},
  note={to be published, DOI: 10.1109/TMECH.2023.3347558}
}

@article{zhang2021safe,
  title={Safe and efficient robot manipulation: Task-oriented environment modeling and object pose estimation},
  author={Zhang, Ying and Tian, Guohui and Shao, Xuyang},
  journal={IEEE Transactions on Instrumentation and Measurement},
  volume={70},
  pages={1--12},
  year={2021},
}

@inproceedings{li2023stow,
  title={Stow: Discrete-frame segmentation and tracking of unseen objects for warehouse picking robots},
  author={Li, Yi and Zhang, Muru and Grotz, Markus and Mo, Kaichun and Fox, Dieter},
  booktitle={Proceedings of the Conference on Robot Learning (CoRL)},
  year={2023}
}

@inproceedings{xie2020best,
  title={The best of both modes: Separately leveraging rgb and depth for unseen object instance segmentation},
  author={Xie, Christopher and Xiang, Yu and Mousavian, Arsalan and Fox, Dieter},
  booktitle={Conference on Robot Learning},
  pages={1369--1378},
  year={2020},
}

@inproceedings{xiang2021learning,
  title={Learning rgb-d feature embeddings for unseen object instance segmentation},
  author={Xiang, Yu and Xie, Christopher and Mousavian, Arsalan and Fox, Dieter},
  booktitle={Conference on Robot Learning},
  pages={461--470},
  year={2021},
}

@inproceedings{back2022unseen,
  title={Unseen object amodal instance segmentation via hierarchical occlusion modeling},
  author={Back, Seunghyeok and Lee, Joosoon and Kim, Taewon and Noh, Sangjun and Kang, Raeyoung and Bak, Seongho and Lee, Kyoobin},
  booktitle={2022 International Conference on Robotics and Automation (ICRA)},
  pages={5085--5092},
  year={2022},
}

@inproceedings{zhang2023unseen,
  title={Unseen object instance segmentation with fully test-time rgb-d embeddings adaptation},
  author={Zhang, Lu and Zhang, Siqi and Yang, Xu and Qiao, Hong and Liu, Zhiyong},
  booktitle={2023 IEEE International Conference on Robotics and Automation (ICRA)},
  pages={4945--4952},
  year={2023},
}

@article{lu2022mean,
  title={Mean shift mask transformer for unseen object instance segmentation},
  author={Lu, Yangxiao and Chen, Yuqiao and Ruozzi, Nicholas and Xiang, Yu},
  journal={arXiv preprint arXiv:2211.11679},
  year={2022}
}

@inproceedings{9636281,
  author={Durner, Maximilian and Boerdijk, Wout and Sundermeyer, Martin and Friedl, Werner and Márton, Zoltán-Csaba and Triebel, Rudolph},
  booktitle={2021 IEEE/RSJ International Conference on Intelligent Robots and Systems (IROS)},
  title={Unknown Object Segmentation from Stereo Images},
  year={2021},
  volume={},
  number={},
  pages={4823-4830},}

% fast
@inproceedings{ceola2021fast,
  title={Fast object segmentation learning with kernel-based methods for robotics},
  author={Ceola, Federico and Maiettini, Elisa and Pasquale, Giulia and Rosasco, Lorenzo and Natale, Lorenzo},
  booktitle={2021 IEEE International Conference on Robotics and Automation (ICRA)},
  pages={13581--13588},
  year={2021},
}

@article{ceola2022learn,
  title={Learn Fast, Segment Well: Fast Object Segmentation Learning on the iCub Robot},
  author={Ceola, Federico and Maiettini, Elisa and Pasquale, Giulia and Meanti, Giacomo and Rosasco, Lorenzo and Natale, Lorenzo},
  journal={IEEE Transactions on Robotics},
  volume={38},
  number={5},
  pages={3154--3172},
  year={2022},
}


% sslt
@article{lu2023self,
  title={Self-Supervised Unseen Object Instance Segmentation via Long-Term Robot Interaction},
  author={Lu, Yangxiao and Khargonkar, Ninad and Xu, Zesheng and Averill, Charles and Palanisamy, Kamalesh and Hang, Kaiyu and Guo, Yunhui and Ruozzi, Nicholas and Xiang, Yu},
  journal={arXiv preprint arXiv:2302.03793},
  year={2023}
}

@inproceedings{yu2022self,
  title={Self-supervised Interactive Object Segmentation Through a Singulation-and-Grasping Approach},
  author={Yu, Houjian and Choi, Changhyun},
  booktitle={European Conference on Computer Vision},
  pages={621--637},
  year={2022},
}

@inproceedings{pathak2018learning,
  title={Learning instance segmentation by interaction},
  author={Pathak, Deepak and Shentu, Yide and Chen, Dian and Agrawal, Pulkit and Darrell, Trevor and Levine, Sergey and Malik, Jitendra},
  booktitle={Proceedings of the IEEE Conference on Computer Vision and Pattern Recognition Workshops},
  pages={2042--2045},
  year={2018}
}

@article{awais2023foundational,
  title={Foundational models defining a new era in vision: A survey and outlook},
  author={Awais, Muhammad and Naseer, Muzammal and Khan, Salman and Anwer, Rao Muhammad and Cholakkal, Hisham and Shah, Mubarak and Yang, Ming-Hsuan and Khan, Fahad Shahbaz},
  journal={arXiv preprint arXiv:2307.13721},
  year={2023}
}

@inproceedings{kirillov2019panoptic,
  title={Panoptic segmentation},
  author={Kirillov, Alexander and He, Kaiming and Girshick, Ross and Rother, Carsten and Doll{\'a}r, Piotr},
  booktitle={Proceedings of the IEEE/CVF Conference on Computer Vision and Pattern Pecognition},
  pages={9404--9413},
  year={2019}
}

@inproceedings{bolya2019yolact,
  title={Yolact: Real-time instance segmentation},
  author={Bolya, Daniel and Zhou, Chong and Xiao, Fanyi and Lee, Yong Jae},
  booktitle={Proceedings of the IEEE/CVF International Conference on Computer Vision},
  pages={9157--9166},
  year={2019}
}

@inproceedings{long2015fully,
  title={Fully convolutional networks for semantic segmentation},
  author={Long, Jonathan and Shelhamer, Evan and Darrell, Trevor},
  booktitle={Proceedings of the IEEE Conference on Computer Vision and Pattern Recognition},
  pages={3431--3440},
  year={2015}
}

@inproceedings{eitel2019self,
  title={Self-supervised transfer learning for instance segmentation through physical interaction},
  author={Eitel, Andreas and Hauff, Nico and Burgard, Wolfram},
  booktitle={2019 IEEE/RSJ International Conference on Intelligent Robots and Systems (IROS)},
  pages={4020--4026},
  year={2019},
}

% cad
@article{chen20233d,
  title={3D Model-based Zero-Shot Pose Estimation Pipeline},
  author={Chen, Jianqiu and Sun, Mingshan and Bao, Tianpeng and Zhao, Rui and Wu, Liwei and He, Zhenyu},
  journal={arXiv preprint arXiv:2305.17934},
  year={2023}
}

@inproceedings{nguyen2023cnos,
  title={CNOS: A Strong Baseline for CAD-based Novel Object Segmentation},
  author={Nguyen, Van Nguyen and Groueix, Thibault and Ponimatkin, Georgy and Lepetit, Vincent and Hodan, Tomas},
  booktitle={Proceedings of the IEEE/CVF International Conference on Computer Vision},
  pages={2134--2140},
  year={2023}
}


% instance segmentation
@inproceedings{he2017mask,
  title={Mask r-cnn},
  author={He, Kaiming and Gkioxari, Georgia and Doll{\'a}r, Piotr and Girshick, Ross},
  booktitle={Proceedings of the IEEE International Conference on Computer Vision},
  pages={2961--2969},
  year={2017}
}

@inproceedings{li2023mask,
  title={Mask dino: Towards a unified transformer-based framework for object detection and segmentation},
  author={Li, Feng and Zhang, Hao and Xu, Huaizhe and Liu, Shilong and Zhang, Lei and Ni, Lionel M and Shum, Heung-Yeung},
  booktitle={Proceedings of the IEEE/CVF Conference on Computer Vision and Pattern Recognition},
  pages={3041--3050},
  year={2023}
}

@article{minaee2021image,
  title={Image segmentation using deep learning: A survey},
  author={Minaee, Shervin and Boykov, Yuri and Porikli, Fatih and Plaza, Antonio and Kehtarnavaz, Nasser and Terzopoulos, Demetri},
  journal={IEEE Transactions on Pattern Analysis and Machine Intelligence},
  volume={44},
  number={7},
  pages={3523--3542},
  year={2022},
}

@INPROCEEDINGS{9578180,
  author={Zheng, Ye and Wu, Jiahong and Qin, Yongqiang and Zhang, Faen and Cui, Li},
  booktitle={2021 IEEE/CVF Conference on Computer Vision and Pattern Recognition (CVPR)},
  title={Zero-Shot Instance Segmentation},
  year={2021},
  volume={},
  number={},
  pages={2593-2602},}

@INPROCEEDINGS{9578456,
  author={Joseph, K J and Khan, Salman and Khan, Fahad Shahbaz and Balasubramanian, Vineeth N},
  booktitle={2021 IEEE/CVF Conference on Computer Vision and Pattern Recognition (CVPR)},
  title={Towards Open World Object Detection},
  year={2021},
  volume={},
  number={},
  pages={5826-5836}}
% dataset
@article{russakovsky2015imagenet,
  title={Imagenet large scale visual recognition challenge},
  author={Russakovsky, Olga and Deng, Jia and Su, Hao and Krause, Jonathan and Satheesh, Sanjeev and Ma, Sean and Huang, Zhiheng and Karpathy, Andrej and Khosla, Aditya and Bernstein, Michael and others},
  journal={International Journal of Computer Vision},
  volume={115},
  pages={211--252},
  year={2015},
}

@inproceedings{lin2014microsoft,
  title={Microsoft coco: Common objects in context},
  author={Lin, Tsung-Yi and Maire, Michael and Belongie, Serge and Hays, James and Perona, Pietro and Ramanan, Deva and Doll{\'a}r, Piotr and Zitnick, C Lawrence},
  booktitle={European Conference Computer Vision},
  pages={740--755},
  year={2014},
}

@inproceedings{suchi2019easylabel,
  title={EasyLabel: A semi-automatic pixel-wise object annotation tool for creating robotic RGB-D datasets},
  author={Suchi, Markus and Patten, Timothy and Fischinger, David and Vincze, Markus},
  booktitle={2019 International Conference on Robotics and Automation (ICRA)},
  pages={6678--6684},
  year={2019},
}

@inproceedings{richtsfeld2012segmentation,
  title={Segmentation of unknown objects in indoor environments},
  author={Richtsfeld, Andreas and M{\"o}rwald, Thomas and Prankl, Johann and Zillich, Michael and Vincze, Markus},
  booktitle={2012 IEEE/RSJ International Conference on Intelligent Robots and Systems},
  pages={4791--4796},
  year={2012},
}

@inproceedings{back2020segmenting,
  title={Segmenting unseen industrial components in a heavy clutter using rgb-d fusion and synthetic data},
  author={Back, Seunghyeok and Kim, Jongwon and Kang, Raeyoung and Choi, Seungjun and Lee, Kyoobin},
  booktitle={2020 IEEE International Conference on Image Processing (ICIP)},
  pages={828--832},
  year={2020},
}

@inproceedings{danielczuk2019segmenting,
  title={Segmenting unknown 3d objects from real depth images using mask r-cnn trained on synthetic data},
  author={Danielczuk, Michael and Matl, Matthew and Gupta, Saurabh and Li, Andrew and Lee, Andrew and Mahler, Jeffrey and Goldberg, Ken},
  booktitle={2019 International Conference on Robotics and Automation (ICRA)},
  pages={7283--7290},
  year={2019},
}

@article{zhang2023cross,
  title={Cross-Level Multi-Modal Features Learning with Transformer for RGB-D Object Recognition},
  author={Zhang, Ying and Yin, Maoliang and Wang, Heyong and Hua, Changchun},
  journal={IEEE Transactions on Circuits and Systems for Video Technology},
  year={2023},
  volume={33},
  number={12},
  pages={7121-7130},
}
% sam
@article{kirillov2023segment,
  title={Segment anything},
  author={Kirillov, Alexander and Mintun, Eric and Ravi, Nikhila and Mao, Hanzi and Rolland, Chloe and Gustafson, Laura and Xiao, Tete and Whitehead, Spencer and Berg, Alexander C and Lo, Wan-Yen and others},
  journal={arXiv preprint arXiv:2304.02643},
  year={2023}
}

@article{mobile_sam,
  title={Faster Segment Anything: Towards Lightweight SAM for Mobile Applications},
  author={Zhang, Chaoning and Han, Dongshen and Qiao, Yu and Kim, Jung Uk and Bae, Sung-Ho and Lee, Seungkyu and Hong, Choong Seon},
  journal={arXiv preprint arXiv:2306.14289},
  year={2023}
}

@misc{zhao2023fast,
      title={Fast Segment Anything},
      author={Xu Zhao and Wenchao Ding and Yongqi An and Yinglong Du and Tao Yu and Min Li and Ming Tang and Jinqiao Wang},
      year={2023},
      eprint={2306.12156},
      archivePrefix={arXiv},
      primaryClass={cs.CV}
}

@inproceedings{wang2023seggpt,
  title={Seggpt: Segmenting everything in context},
  author={Wang, Xinlong and Zhang, Xiaosong and Cao, Yue and Wang, Wen and Shen, Chunhua and Huang, Tiejun},
  booktitle={Proceedings of the IEEE/CVF International Conference on Computer Vision (ICCV)},
  pages={1130-1140},
  year={2023},
}


@misc{chen2023semantic,
    title = {Semantic Segment Anything},
    author = {Chen, Jiaqi and Yang, Zeyu and Zhang, Li},
    howpublished = {\url{https://github.com/fudan-zvg/Semantic-Segment-Anything}},
    year = {2023}
}


@inproceedings{zou2023segment,
  title={Segment everything everywhere all at once},
  author={Zou, Xueyan and Yang, Jianwei and Zhang, Hao and Li, Feng and Li, Linjie and Gao, Jianfeng and Lee, Yong Jae},
  booktitle={Proceedings of the 37th International Conference on Neural Information Processing Systems},
  pages={19769-19782},
  year={2023},
}


@article{rajivc2023segment,
  title={Segment Anything Meets Point Tracking},
  author={Raji{\v{c}}, Frano and Ke, Lei and Tai, Yu-Wing and Tang, Chi-Keung and Danelljan, Martin and Yu, Fisher},
  journal={arXiv preprint arXiv:2307.01197},
  year={2023}
}

@article{deng2023segment,
  title={Segment anything model (sam) for digital pathology: Assess zero-shot segmentation on whole slide imaging},
  author={Deng, Ruining and Cui, Can and Liu, Quan and Yao, Tianyuan and Remedios, Lucas W and Bao, Shunxing and Landman, Bennett A and Wheless, Lee E and Coburn, Lori A and Wilson, Keith T and others},
  journal={arXiv preprint arXiv:2304.04155},
  year={2023}
}

@article{ma2023segment,
  title={Segment anything in medical images},
  author={Ma, Jun and Wang, Bo},
  journal={arXiv preprint arXiv:2304.12306},
  year={2023}
}

@article{he2023accuracy,
  title={Accuracy of segment-anything model (sam) in medical image segmentation tasks},
  author={He, Sheng and Bao, Rina and Li, Jingpeng and Grant, P Ellen and Ou, Yangming},
  journal={arXiv preprint arXiv:2304.09324},
  year={2023}
}

@article{cheng2023segment,
  title={Segment and track anything},
  author={Cheng, Yangming and Li, Liulei and Xu, Yuanyou and Li, Xiaodi and Yang, Zongxin and Wang, Wenguan and Yang, Yi},
  journal={arXiv preprint arXiv:2305.06558},
  year={2023}
}

@article{yu2023inpaint,
  title={Inpaint Anything: Segment Anything Meets Image Inpainting},
  author={Yu, Tao and Feng, Runseng and Feng, Ruoyu and Liu, Jinming and Jin, Xin and Zeng, Wenjun and Chen, Zhibo},
  journal={arXiv preprint arXiv:2304.06790},
  year={2023}
}

@article{cui2023all,
  title={All-in-sam: from weak annotation to pixel-wise nuclei segmentation with prompt-based finetuning},
  author={Cui, Can and Deng, Ruining and Liu, Quan and Yao, Tianyuan and Bao, Shunxing and Remedios, Lucas W and Tang, Yucheng and Huo, Yuankai},
  journal={Journal of Physics: Conference Series},
  year = {2024},
  volume = {2722},
  number = {1},
  pages = {012012},
  year={2024},
}

@article{zhang2023uvosam,
  title={UVOSAM: A Mask-free Paradigm for Unsupervised Video Object Segmentation via Segment Anything Model},
  author={Zhang, Zhenghao and Wei, Zhichao and Zhang, Shengfan and Dai, Zuozhuo and Zhu, Siyu},
  journal={arXiv preprint arXiv:2305.12659},
  year={2023}
}

% vision transformer
@inproceedings{vaswani2017attention,
  title={Attention is all you need},
  author={Vaswani, Ashish and Shazeer, Noam and Parmar, Niki and Uszkoreit, Jakob and Jones, Llion and Gomez, Aidan N and Kaiser, {\L}ukasz and Polosukhin, Illia},
  booktitle={Proceedings of the 31st International Conference on Neural Information Processing Systems},
  pages={6000-6010},
  year={2017}
}

@inproceedings{dosovitskiy2020image,
  title={An image is worth 16x16 words: Transformers for image recognition at scale},
  author={Dosovitskiy, Alexey and Beyer, Lucas and Kolesnikov, Alexander and Weissenborn, Dirk and Zhai, Xiaohua and Unterthiner, Thomas and Dehghani, Mostafa and Minderer, Matthias and Heigold, Georg and Gelly, Sylvain and others},
  booktitle={9th International Conference on Learning Representations},
  year={2021},
}



@inproceedings{caron2021emerging,
  title={Emerging properties in self-supervised vision transformers},
  author={Caron, Mathilde and Touvron, Hugo and Misra, Ishan and J{\'e}gou, Herv{\'e} and Mairal, Julien and Bojanowski, Piotr and Joulin, Armand},
  booktitle={Proceedings of the IEEE/CVF international conference on computer vision},
  pages={9650--9660},
  year={2021}
}

@article{oquab2023dinov2,
  title={Dinov2: Learning robust visual features without supervision},
  author={Oquab, Maxime and Darcet, Timoth{\'e}e and Moutakanni, Th{\'e}o and Vo, Huy and Szafraniec, Marc and Khalidov, Vasil and Fernandez, Pierre and Haziza, Daniel and Massa, Francisco and El-Nouby, Alaaeldin and others},
  journal={Transactions on Machine Learning Research},
  year={2024},
}

@inproceedings{chen2021mocov3,
  title={An Empirical Study of Training Self-Supervised Vision Transformers},
  author={Xinlei Chen and Saining Xie and Kaiming He},
  booktitle={Proceedings of the IEEE/CVF International Conference on Computer Vision (ICCV)},
  pages={9640-9649},
  year={2021}
}


@article{hinton2015distilling,
  title={Distilling the knowledge in a neural network},
  author={Hinton, Geoffrey and Vinyals, Oriol and Dean, Jeff},
  journal={arXiv preprint arXiv:1503.02531},
  year={2015}
}

@inproceedings{devlin2018bert,
  title={Bert: Pre-training of deep bidirectional transformers for language understanding},
  author={Devlin, Jacob and Chang, Ming-Wei and Lee, Kenton and Toutanova, Kristina},
  booktitle={Proceedings of the 2019 Conference of the North American Chapter of the Association for Computational Linguistics: Human Language Technologies (NAACL-HLT)},
  year={2019},
  pages={4171-4186},
}


@article{li2021mst,
  title={Mst: Masked self-supervised transformer for visual representation},
  author={Li, Zhaowen and Chen, Zhiyang and Yang, Fan and Li, Wei and Zhu, Yousong and Zhao, Chaoyang and Deng, Rui and Wu, Liwei and Zhao, Rui and Tang, Ming and others},
  journal={Advances in Neural Information Processing Systems},
  volume={34},
  pages={13165--13176},
  year={2021}
}

@inproceedings{bao2021beit,
  title={Beit: Bert pre-training of image transformers},
  author={Bao, Hangbo and Dong, Li and Piao, Songhao and Wei, Furu},
  booktitle={The International Conference on Learning Representations (ICLR)},
  year={2022}
}

@inproceedings{he2022masked,
  title={Masked autoencoders are scalable vision learners},
  author={He, Kaiming and Chen, Xinlei and Xie, Saining and Li, Yanghao and Doll{\'a}r, Piotr and Girshick, Ross},
  booktitle={Proceedings of the IEEE/CVF Conference on Computer Vision and Pattern Recognition},
  pages={16000--16009},
  year={2022}
}

@inproceedings{amir2021deep,
  title={Deep vit features as dense visual descriptors},
  author={Amir, Shir and Gandelsman, Yossi and Bagon, Shai and Dekel, Tali},
  booktitle={European Conference on Computer Vision},
  volume={2},
  number={3},
  pages={4},
  year={2022}
}

% metric
@InProceedings{Dave_2019_ICCV,
author = {Dave, Achal and Tokmakov, Pavel and Ramanan, Deva},
title = {Towards Segmenting Anything That Moves},
booktitle = {Proceedings of the IEEE/CVF International Conference on Computer Vision (ICCV) Workshops},
month = {Oct},
year = {2019}
}

@article{hunter2007matplotlib,
  title={Matplotlib: A 2D graphics environment},
  author={Hunter, John D},
  journal={Computing in science \& engineering},
  volume={9},
  number={03},
  pages={90--95},
  year={2007},
  publisher={IEEE Computer Society}
}

@article{park2009simple,
  title={A simple and fast algorithm for K-medoids clustering},
  author={Park, Hae-Sang and Jun, Chi-Hyuck},
  journal={Expert Systems With Applications},
  volume={36},
  number={2},
  pages={3336--3341},
  year={2009},
}

@inproceedings{xie2022rice,
  title={Rice: Refining instance masks in cluttered environments with graph neural networks},
  author={Xie, Chris and Mousavian, Arsalan and Xiang, Yu and Fox, Dieter},
  booktitle={Conference on Robot Learning},
  pages={1655--1665},
  year={2022},
}

@article{back2023insta,
  title={INSTA-BEEER: Explicit Error Estimation and Refinement for Fast and Accurate Unseen Object Instance Segmentation},
  author={Back, Seunghyeok and Lee, Sangbeom and Kim, Kangmin and Lee, Joosoon and Shin, Sungho and Maeng, Jaemo and Lee, Kyoobin},
  journal={arXiv preprint arXiv:2306.16132},
  year={2023},
}

@inproceedings{yang2023improving,
  title={On Improving Boundary Quality of Instance Segmentation in Cluttered and Chaotic Scenarios},
  author={Yang, Biqi and Gao, Xiaojie and Li, Xianzhi and Liu, Yun-Hui and Fu, Chi-Wing and Heng, Pheng-Ann},
  booktitle={2023 IEEE International Conference on Robotics and Automation (ICRA)},
  pages={9310--9316},
  year={2023},
}

@inproceedings{sundermeyer2021contact,
  title={Contact-graspnet: Efficient 6-dof grasp generation in cluttered scenes},
  author={Sundermeyer, Martin and Mousavian, Arsalan and Triebel, Rudolph and Fox, Dieter},
  booktitle={2021 IEEE International Conference on Robotics and Automation (ICRA)},
  pages={13438--13444},
  year={2021},
}

@article{chitta2012moveit,
  title={Moveit![ros topics]},
  author={Chitta, Sachin and Sucan, Ioan and Cousins, Steve},
  journal={IEEE Robotics \& Automation Magazine},
  volume={19},
  number={1},
  pages={18--19},
  year={2012},
}

@inproceedings{darcet2023vitneedreg,
  title={Vision Transformers Need Registers},
  author={Timoth{\'e}e Darcet and Maxime Oquab and Julien Mairal and Piotr Bojanowski},
  booktitle={The Twelfth International Conference on Learning Representations (ICLR)},
  year={2024},
}

@article{paszke2019pytorch,
  title={Pytorch: An imperative style, high-performance deep learning library},
  author={Paszke, Adam and Gross, Sam and Massa, Francisco and Lerer, Adam and Bradbury, James and Chanan, Gregory and Killeen, Trevor and Lin, Zeming and Gimelshein, Natalia and Antiga, Luca and others},
  journal={Advances in neural information processing systems},
  volume={32},
  year={2019}
}
