%--------fhdenet
@inproceedings{he2020fhde,
  title={FHDe 2 Net: Full High Definition Demoireing Network},
  author={He, Bin and Wang, Ce and Shi, Boxin and Duan, Ling-Yu},
  booktitle={Computer Vision--ECCV 2020: 16th European Conference, Glasgow, UK, August 23--28, 2020, Proceedings, Part XXII 16},
  pages={713--729},
  year={2020},
  organization={Springer}
}
%------mbcnn
@inproceedings{zheng2020image,
  title={Image demoireing with learnable bandpass filters},
  author={Zheng, Bolun and Yuan, Shanxin and Slabaugh, Gregory and Leonardis, Ales},
  booktitle={Proceedings of the IEEE/CVF Conference on Computer Vision and Pattern Recognition},
  pages={3636--3645},
  year={2020}
}
@article{zheng2021learning,
  title={Learning frequency domain priors for image demoireing},
  author={Zheng, Bolun and Yuan, Shanxin and Yan, Chenggang and Tian, Xiang and Zhang, Jiyong and Sun, Yaoqi and Liu, Lin and Leonardis, Ale{\v{s}} and Slabaugh, Gregory},
  journal={IEEE Transactions on Pattern Analysis and Machine Intelligence},
  volume={44},
  number={11},
  pages={7705--7717},
  year={2021},
  publisher={IEEE}
}

%esdNet 
@inproceedings{yu2022towards,
  title={Towards efficient and scale-robust ultra-high-definition image demoir{\'e}ing},
  author={Yu, Xin and Dai, Peng and Li, Wenbo and Ma, Lan and Shen, Jiajun and Li, Jia and Qi, Xiaojuan},
  booktitle={European Conference on Computer Vision},
  pages={646--662},
  year={2022},
  organization={Springer}
}

%-----mopnet
@inproceedings{he2019mop,
  title={Mop moire patterns using mopnet},
  author={He, Bin and Wang, Ce and Shi, Boxin and Duan, Ling-Yu},
  booktitle={Proceedings of the IEEE/CVF International Conference on Computer Vision},
  pages={2424--2432},
  year={2019}
}
%--------dmcnn
@article{sun2018moire,
  title={Moir{\'e} photo restoration using multiresolution convolutional neural networks},
  author={Sun, Yujing and Yu, Yizhou and Wang, Wenping},
  journal={IEEE Transactions on Image Processing},
  volume={27},
  number={8},
  pages={4160--4172},
  year={2018},
  publisher={IEEE}
}
%----wdnet
@inproceedings{liu2020wavelet,
  title={Wavelet-based dual-branch network for image demoir{\'e}ing},
  author={Liu, Lin and Liu, Jianzhuang and Yuan, Shanxin and Slabaugh, Gregory and Leonardis, Ale{\v{s}} and Zhou, Wengang and Tian, Qi},
  booktitle={Computer Vision--ECCV 2020: 16th European Conference, Glasgow, UK, August 23--28, 2020, Proceedings, Part XIII 16},
  pages={86--102},
  year={2020},
  organization={Springer}
}
%---self demoire
@article{liu2020self,
  title={Self-adaptively learning to demoir{\'e} from focused and defocused image pairs},
  author={Liu, Lin and Yuan, Shanxin and Liu, Jianzhuang and Bao, Liping and Slabaugh, Gregory and Tian, Qi},
  journal={Advances in Neural Information Processing Systems},
  volume={33},
  pages={22282--22292},
  year={2020}
}

%---MDDM
@inproceedings{cheng2019multi,
  title={Multi-scale dynamic feature encoding network for image demoir{\'e}ing},
  author={Cheng, Xi and Fu, Zhenyong and Yang, Jian},
  booktitle={2019 IEEE/CVF International Conference on Computer Vision Workshop (ICCVW)},
  pages={3486--3493},
  year={2019},
  organization={IEEE}
}
%---DCNN
@article{liu2018demoir,
  title={Demoir$\backslash$'eing of Camera-Captured Screen Images Using Deep Convolutional Neural Network},
  author={Liu, Bolin and Shu, Xiao and Wu, Xiaolin},
  journal={arXiv preprint arXiv:1804.03809},
  year={2018}
}

%---------CAS-CNN-----
@inproceedings{cavigelli2017cas,
  title={CAS-CNN: A deep convolutional neural network for image compression artifact suppression},
  author={Cavigelli, Lukas and Hager, Pascal and Benini, Luca},
  booktitle={2017 International Joint Conference on Neural Networks (IJCNN)},
  pages={752--759},
  year={2017},
  organization={IEEE}
}


%-----------AIM-----
@inproceedings{yuan2019aim,
  title={Aim 2019 challenge on image demoireing: Methods and results},
  author={Yuan, Shanxin and Timofte, Radu and Slabaugh, Gregory and Leonardis, Ale{\v{s}} and Zheng, Bolun and Ye, Xin and Tian, Xiang and Chen, Yaowu and Cheng, Xi and Fu, Zhenyong and others},
  booktitle={2019 IEEE/CVF International Conference on Computer Vision Workshop (ICCVW)},
  pages={3534--3545},
  year={2019},
  organization={IEEE}
}

@inproceedings{yuan2020ntire,
  title={Ntire 2020 challenge on image demoireing: Methods and results},
  author={Yuan, Shanxin and Timofte, Radu and Leonardis, Ales and Slabaugh, Gregory},
  booktitle={Proceedings of the IEEE/CVF Conference on Computer Vision and Pattern Recognition Workshops},
  pages={460--461},
  year={2020}
}

%---------------unet
@inproceedings{ronneberger2015u,
  title={U-net: Convolutional networks for biomedical image segmentation},
  author={Ronneberger, Olaf and Fischer, Philipp and Brox, Thomas},
  booktitle={International Conference on Medical image computing and computer-assisted intervention},
  pages={234--241},
  year={2015},
  organization={Springer}
}

@article{odena2016deconvolution,
  author = {Odena, Augustus and Dumoulin, Vincent and Olah, Chris},
  title = {Deconvolution and Checkerboard Artifacts},
  journal = {Distill},
  year = {2016},
  url = {http://distill.pub/2016/deconv-checkerboard},
  doi = {10.23915/distill.00003}
}

@misc{wang2019carafe,
      title={CARAFE: Content-Aware ReAssembly of FEatures}, 
      author={Jiaqi Wang and Kai Chen and Rui Xu and Ziwei Liu and Chen Change Loy and Dahua Lin},
      year={2019},
      eprint={1905.02188},
      archivePrefix={arXiv},
      primaryClass={cs.CV},
      url={https://arxiv.org/abs/1905.02188}, 
}

%----- ddim
@misc{song2022ddim,
      title={Denoising Diffusion Implicit Models}, 
      author={Jiaming Song and Chenlin Meng and Stefano Ermon},
      year={2022},
      eprint={2010.02502},
      archivePrefix={arXiv},
      primaryClass={cs.LG},
      url={https://arxiv.org/abs/2010.02502}, 
}

%-------------------------------------------general---------------------------
%-----adam
@article{kingma2014adam,
  title={Adam: A method for stochastic optimization},
  author={Kingma, Diederik P and Ba, Jimmy},
  journal={arXiv preprint arXiv:1412.6980},
  year={2014}
}

%-----adamw
@misc{loshchilov2019adamw,
      title={Decoupled Weight Decay Regularization}, 
      author={Ilya Loshchilov and Frank Hutter},
      year={2019},
      eprint={1711.05101},
      archivePrefix={arXiv},
      primaryClass={cs.LG},
      url={https://arxiv.org/abs/1711.05101}, 
}

%-----perceptual loss----
@inproceedings{johnson2016perceptual,
  title={Perceptual losses for real-time style transfer and super-resolution},
  author={Johnson, Justin and Alahi, Alexandre and Fei-Fei, Li},
  booktitle={European conference on computer vision},
  pages={694--711},
  year={2016},
  organization={Springer}
}

%------------LR-----
@article{loshchilov2016sgdr,
  title={Sgdr: Stochastic gradient descent with warm restarts},
  author={Loshchilov, Ilya and Hutter, Frank},
  journal={arXiv preprint arXiv:1608.03983},
  year={2016}
}

%------lpips----
@inproceedings{zhang2018unreasonable,
  title={The unreasonable effectiveness of deep features as a perceptual metric},
  author={Zhang, Richard and Isola, Phillip and Efros, Alexei A and Shechtman, Eli and Wang, Oliver},
  booktitle={Proceedings of the IEEE conference on computer vision and pattern recognition},
  pages={586--595},
  year={2018}
}

%---------ssim
@article{wang2004image,
  title={Image quality assessment: from error visibility to structural similarity},
  author={Wang, Zhou and Bovik, Alan C and Sheikh, Hamid R and Simoncelli, Eero P},
  journal={IEEE transactions on image processing},
  volume={13},
  number={4},
  pages={600--612},
  year={2004},
  publisher={IEEE}
}

%---------imagenet
@article{russakovsky2015imagenet,
  title={Imagenet large scale visual recognition challenge},
  author={Russakovsky, Olga and Deng, Jia and Su, Hao and Krause, Jonathan and Satheesh, Sanjeev and Ma, Sean and Huang, Zhiheng and Karpathy, Andrej and Khosla, Aditya and Bernstein, Michael and others},
  journal={International journal of computer vision},
  volume={115},
  number={3},
  pages={211--252},
  year={2015},
  publisher={Springer}
}

%------vgg16----
@article{simonyan2014very,
  title={Very deep convolutional networks for large-scale image recognition},
  author={Simonyan, Karen and Zisserman, Andrew},
  journal={arXiv preprint arXiv:1409.1556},
  year={2014}
}

%-------dense block
@inproceedings{huang2017densely,
  title={Densely connected convolutional networks},
  author={Huang, Gao and Liu, Zhuang and Van Der Maaten, Laurens and Weinberger, Kilian Q},
  booktitle={Proceedings of the IEEE conference on computer vision and pattern recognition},
  pages={4700--4708},
  year={2017}
}

%--------resnet
@inproceedings{he2016deep,
  title={Deep residual learning for image recognition},
  author={He, Kaiming and Zhang, Xiangyu and Ren, Shaoqing and Sun, Jian},
  booktitle={Proceedings of the IEEE conference on computer vision and pattern recognition},
  pages={770--778},
  year={2016}
}

%-----------SENet
@inproceedings{hu2018squeeze,
  title={Squeeze-and-excitation networks},
  author={Hu, Jie and Shen, Li and Sun, Gang},
  booktitle={Proceedings of the IEEE conference on computer vision and pattern recognition},
  pages={7132--7141},
  year={2018}
}

%----------------pixel shuffle----
@inproceedings{shi2016real,
  title={Real-time single image and video super-resolution using an efficient sub-pixel convolutional neural network},
  author={Shi, Wenzhe and Caballero, Jose and Husz{\'a}r, Ferenc and Totz, Johannes and Aitken, Andrew P and Bishop, Rob and Rueckert, Daniel and Wang, Zehan},
  booktitle={Proceedings of the IEEE conference on computer vision and pattern recognition},
  pages={1874--1883},
  year={2016}
}

%--------dilated conv
@article{yu2015multi,
  title={Multi-scale context aggregation by dilated convolutions},
  author={Yu, Fisher and Koltun, Vladlen},
  journal={arXiv preprint arXiv:1511.07122},
  year={2015}
}

@inproceedings{wang2021real,
  title={Real-ESRGAN: Training Real-World Blind Super-Resolution with Pure Synthetic Data},
  author={Wang, Xintao and Xie, Liangbin and Dong, Chao and Shan, Ying},
  booktitle={Proceedings of the IEEE/CVF International Conference on Computer Vision},
  pages={1905--1914},
  year={2021}
}

@inproceedings{wang2023uhdlol4k,
  title={Ultra-high-definition low-light image enhancement: A benchmark and transformer-based method},
  author={Wang, Tao and Zhang, Kaihao and Shen, Tianrun and Luo, Wenhan and Stenger, Bjorn and Lu, Tong},
  booktitle={Proceedings of the AAAI Conference on Artificial Intelligence},
  volume={37},
  number={3},
  pages={2654--2662},
  year={2023}
}

@misc{hosu2024uhdiqa,
      title={UHD-IQA Benchmark Database: Pushing the Boundaries of Blind Photo Quality Assessment}, 
      author={Vlad Hosu and Lorenzo Agnolucci and Oliver Wiedemann and Daisuke Iso},
      year={2024},
      eprint={2406.17472},
      archivePrefix={arXiv},
      primaryClass={cs.CV},
      url={https://arxiv.org/abs/2406.17472}, 
}

%------- Color Constancy
@inproceedings{Afifi2021histogan,   
    title={HistoGAN: Controlling Colors of GAN-Generated and Real Images via Color Histograms},  
    url={http://dx.doi.org/10.1109/cvpr46437.2021.00785},  DOI={10.1109/cvpr46437.2021.00785},  
    booktitle={2021 IEEE/CVF Conference on Computer Vision and Pattern Recognition (CVPR)},  
    author={Afifi, Mahmoud and Brubaker, Marcus A. and Brown, Michael S.},  
    year={2021},  
    month={Jun},  
    language={en-US}  
}

@misc{afifi2019sensor,
      title={Sensor-Independent Illumination Estimation for DNN Models}, 
      author={Mahmoud Afifi and Michael S. Brown},
      year={2019},
      eprint={1912.06888},
      archivePrefix={arXiv},
      primaryClass={cs.CV},
      url={https://arxiv.org/abs/1912.06888}, 
}

@inproceedings{Afifi2019CVPR,
    author = {Afifi, Mahmoud and Price, Brian and Cohen, Scott and Brown, Michael S.},
    title = {When Color Constancy Goes Wrong: Correcting Improperly White-Balanced Images},
    booktitle = {Proceedings of the IEEE/CVF Conference on Computer Vision and Pattern Recognition (CVPR)},
    month = {June},
    year = {2019}
}

@misc{barron2015ccc,
      title={Convolutional Color Constancy}, 
      author={Jonathan T. Barron},
      year={2015},
      eprint={1507.00410},
      archivePrefix={arXiv},
      primaryClass={cs.CV},
      url={https://arxiv.org/abs/1507.00410}, 
}

@inproceedings{Eibenberger2012log,  
 title={The importance of the normalizing channel in log-chromaticity space}, 
 url={http://dx.doi.org/10.1109/icip.2012.6466987}, 
 DOI={10.1109/icip.2012.6466987}, 
 booktitle={2012 19th IEEE International Conference on Image Processing}, 
 author={Eibenberger, Eva and Angelopoulou, Elli}, 
 year={2012}, 
 month={Sep}, 
 language={en-US} 
 }

%-------------------------------------------------------------------------------
%----------------------------------------------------others---------------------------------
@inproceedings{zhang2018residual,
  title={Residual dense network for image super-resolution},
  author={Zhang, Yulun and Tian, Yapeng and Kong, Yu and Zhong, Bineng and Fu, Yun},
  booktitle={Proceedings of the IEEE conference on computer vision and pattern recognition},
  pages={2472--2481},
  year={2018}
}

@article{he2010single,
  title={Single image haze removal using dark channel prior},
  author={He, Kaiming and Sun, Jian and Tang, Xiaoou},
  journal={IEEE transactions on pattern analysis and machine intelligence},
  volume={33},
  number={12},
  pages={2341--2353},
  year={2010},
  publisher={IEEE}
}

@article{rudin1992nonlinear,
  title={Nonlinear total variation based noise removal algorithms},
  author={Rudin, Leonid I and Osher, Stanley and Fatemi, Emad},
  journal={Physica D: nonlinear phenomena},
  volume={60},
  number={1-4},
  pages={259--268},
  year={1992},
  publisher={Elsevier}
}

@inproceedings{tao2018scale,
  title={Scale-recurrent network for deep image deblurring},
  author={Tao, Xin and Gao, Hongyun and Shen, Xiaoyong and Wang, Jue and Jia, Jiaya},
  booktitle={Proceedings of the IEEE Conference on Computer Vision and Pattern Recognition},
  pages={8174--8182},
  year={2018}
}

@article{zhang2017beyond,
  title={Beyond a gaussian denoiser: Residual learning of deep cnn for image denoising},
  author={Zhang, Kai and Zuo, Wangmeng and Chen, Yunjin and Meng, Deyu and Zhang, Lei},
  journal={IEEE transactions on image processing},
  volume={26},
  number={7},
  pages={3142--3155},
  year={2017},
  publisher={IEEE}
}


@inproceedings{guo2019toward,
  title={Toward convolutional blind denoising of real photographs},
  author={Guo, Shi and Yan, Zifei and Zhang, Kai and Zuo, Wangmeng and Zhang, Lei},
  booktitle={Proceedings of the IEEE/CVF Conference on Computer Vision and Pattern Recognition},
  pages={1712--1722},
  year={2019}
}


@article{anwar2020densely,
  title={Densely residual laplacian super-resolution},
  author={Anwar, Saeed and Barnes, Nick},
  journal={IEEE Transactions on Pattern Analysis and Machine Intelligence},
  year={2020},
  publisher={IEEE}
}

@inproceedings{lim2017enhanced,
  title={Enhanced deep residual networks for single image super-resolution},
  author={Lim, Bee and Son, Sanghyun and Kim, Heewon and Nah, Seungjun and Mu Lee, Kyoung},
  booktitle={Proceedings of the IEEE conference on computer vision and pattern recognition workshops},
  pages={136--144},
  year={2017}
}


@inproceedings{kim2016accurate,
  title={Accurate image super-resolution using very deep convolutional networks},
  author={Kim, Jiwon and Lee, Jung Kwon and Lee, Kyoung Mu},
  booktitle={Proceedings of the IEEE conference on computer vision and pattern recognition},
  pages={1646--1654},
  year={2016}
}

@inproceedings{gao2019dynamic,
  title={Dynamic scene deblurring with parameter selective sharing and nested skip connections},
  author={Gao, Hongyun and Tao, Xin and Shen, Xiaoyong and Jia, Jiaya},
  booktitle={Proceedings of the IEEE/CVF Conference on Computer Vision and Pattern Recognition},
  pages={3848--3856},
  year={2019}
}

@inproceedings{zhang2019deep,
  title={Deep stacked hierarchical multi-patch network for image deblurring},
  author={Zhang, Hongguang and Dai, Yuchao and Li, Hongdong and Koniusz, Piotr},
  booktitle={Proceedings of the IEEE/CVF Conference on Computer Vision and Pattern Recognition},
  pages={5978--5986},
  year={2019}
}

@inproceedings{liu2018multi,
  title={Multi-level wavelet-CNN for image restoration},
  author={Liu, Pengju and Zhang, Hongzhi and Zhang, Kai and Lin, Liang and Zuo, Wangmeng},
  booktitle={Proceedings of the IEEE conference on computer vision and pattern recognition workshops},
  pages={773--782},
  year={2018}
}

@inproceedings{zamir2021multi,
  title={Multi-stage progressive image restoration},
  author={Zamir, Syed Waqas and Arora, Aditya and Khan, Salman and Hayat, Munawar and Khan, Fahad Shahbaz and Yang, Ming-Hsuan and Shao, Ling},
  booktitle={Proceedings of the IEEE/CVF Conference on Computer Vision and Pattern Recognition},
  pages={14821--14831},
  year={2021}
}

@article{xie2021learning,
  title={Learning Frequency-aware Dynamic Network for Efficient Super-Resolution},
  author={Xie, Wenbin and Song, Dehua and Xu, Chang and Xu, Chunjing and Zhang, Hui and Wang, Yunhe},
  journal={arXiv preprint arXiv:2103.08357},
  year={2021}
}

@article{Porter_Duff_1984,   
    title={Compositing digital images},
    url={http://dx.doi.org/10.1145/964965.808606},
    DOI={10.1145/964965.808606},
    journal={ACM SIGGRAPH Computer Graphics},
    author={Porter, Thomas and Duff, Tom},
    year={1984},
    month={Jul},
    pages={253–259},
    language={en-US}
}

@inproceedings{Wang2022Uformer,   
    title={Uformer: A General U-Shaped Transformer for Image Restoration},  
    url={http://dx.doi.org/10.1109/cvpr52688.2022.01716},  DOI={10.1109/cvpr52688.2022.01716},  booktitle={2022 IEEE/CVF Conference on Computer Vision and Pattern Recognition (CVPR)},  
    author={Wang, Zhendong and Cun, Xiaodong and Bao, Jianmin and Zhou, Wengang and Liu, Jianzhuang and Li, Houqiang},  
    year={2022},  
    month={Jun},  
    language={en-US}  
}

@article{Zhou2021Mixstyle,   
    title={MixStyle Neural Networks for Domain Generalization and Adaptation.},  
    journal={Cornell University - arXiv,Cornell University - arXiv},  
    author={Zhou, Kaiyang and Yang, Yongxin and Qiao, Yu and Xiang, Tao},  
    year={2021},  
    month={Jul},  
    language={en-US}  
}

@article{Ulyanov2016IN,   
    title={Instance Normalization: The Missing Ingredient for Fast Stylization.},  
    journal={arXiv: Computer Vision and Pattern Recognition,arXiv: Computer Vision and Pattern Recognition},  
    author={Ulyanov, Dmitry and Vedaldi, Andrea and Lempitsky, Victor},  
    year={2016},  
    month={Jul},  
    language={en-US}  
}

@inproceedings{Huang2017Arbitrary,   
    title={Arbitrary Style Transfer in Real-time with Adaptive Instance Normalization},  
    url={http://dx.doi.org/10.1109/iccv.2017.167},  
    DOI={10.1109/iccv.2017.167},  
    booktitle={2017 IEEE International Conference on Computer Vision (ICCV)},  
    author={Huang, Xun and Belongie, Serge},  
    year={2017},  
    month={Oct},  
    language={en-US}  
}

@article{Radford2021Clip,   
    title={Learning Transferable Visual Models From Natural Language Supervision},  
    journal={Cornell University - arXiv,Cornell University - arXiv},  
    author={Radford, Alec and Kim, JongWook and Hallacy, Chris and Ramesh, A. and Goh, Gabriel and Agarwal, Sandhini and Sastry, Girish and Amanda, Askell and Mishkin, Pamela and Clark, Jack and Krueger, Gretchen and Sutskever, Ilya},  
    year={2021},  
    month={Feb},  
    language={en-US}  
}

@misc{dhariwal2021diffusionmodelsbeatgans,
      title={Diffusion Models Beat GANs on Image Synthesis}, 
      author={Prafulla Dhariwal and Alex Nichol},
      year={2021},
      eprint={2105.05233},
      archivePrefix={arXiv},
      primaryClass={cs.LG},
      url={https://arxiv.org/abs/2105.05233}, 
}

% ------- LDM
@inproceedings{Rombach2022LDM,   
    title={High-Resolution Image Synthesis with Latent Diffusion Models},  
    url={http://dx.doi.org/10.1109/cvpr52688.2022.01042},  
    DOI={10.1109/cvpr52688.2022.01042},  
    booktitle={2022 IEEE/CVF Conference on Computer Vision and Pattern Recognition (CVPR)},  
    author={Rombach, Robin and Blattmann, Andreas and Lorenz, Dominik and Esser, Patrick and Ommer, Bjorn},  
    year={2022},  
    month={Jun},  
    language={en-US}  
}

@article{Gal2021styleGAN,   
    title={StyleGAN-NADA: CLIP-Guided Domain Adaptation of Image Generators},  
    journal={Cornell University - arXiv,Cornell University - arXiv},  
    author={Gal, Ran and Patashnik, Or and Maron, Haggai and Chechik, Gal and Cohen-Or, Daniel},  
    year={2021},  
    month={Aug},  
    language={en-US}  
}

@article{Ramesh2021Hierarchical,   
    title={Hierarchical Text-Conditional Image Generation with CLIP Latents},  
    author={Ramesh, Aditya and Dhariwal, Prafulla and Nichol, Alex and Chu, Casey and Chen, Mark},  
    language={en-US}  
}

@inproceedings{Kwon2022CLIPstyler,   
    title={CLIPstyler: Image Style Transfer with a Single Text Condition},  
    url={http://dx.doi.org/10.1109/cvpr52688.2022.01753},  
    DOI={10.1109/cvpr52688.2022.01753},  
    booktitle={2022 IEEE/CVF Conference on Computer Vision and Pattern Recognition (CVPR)},  
    author={Kwon, Gihyun and Ye, Jong Chul},  
    year={2022},  
    month={Jun},  
    language={en-US}  
}

@misc{wang2023stylediffusion,
      title={StyleDiffusion: Controllable Disentangled Style Transfer via Diffusion Models}, 
      author={Zhizhong Wang and Lei Zhao and Wei Xing},
      year={2023},
      eprint={2308.07863},
      archivePrefix={arXiv},
      primaryClass={cs.CV}
}

@misc{LayerModes,
	author = {GIMP},
	title = {Layer Blending Modes},
        year = "2023",
	url = "https://docs.gimp.org/en/gimp-concepts-layer-modes.html",
	note = {[Online; accessed 10-April-2024]},
}

@article{Dosovitskiy2016Generating,   
    title={Generating Images with Perceptual Similarity Metrics based on Deep Networks},  
    journal={Neural Information Processing Systems,Neural Information Processing Systems},  
    author={Dosovitskiy, Alexey and Brox, Thomas},  
    year={2016},  
    month={Feb},  
    language={en-US}  
}

@inproceedings{Esser2021Taming,   
    title={Taming Transformers for High-Resolution Image Synthesis},  
    url={http://dx.doi.org/10.1109/cvpr46437.2021.01268},  
    DOI={10.1109/cvpr46437.2021.01268},  
    booktitle={2021 IEEE/CVF Conference on Computer Vision and Pattern Recognition (CVPR)}, 
    author={Esser, Patrick and Rombach, Robin and Ommer, Bjorn},  
    year={2021},  
    month={Jun},  
    language={en-US}  
}

@article{Yu2021Vector,   
    title={Vector-quantized Image Modeling with Improved VQGAN},  
    journal={Cornell University - arXiv,Cornell University - arXiv},  
    author={Yu, Jiahui and Li, Xin and Koh, JingYu and Zhang, Han and Pang, Ruoming and Qin, James and Ku, Alexander and Xu, Yuanzhong and Baldridge, Jason and Wu, Yonghui},  
    year={2021},  
    month={Oct},  
    language={en-US}  
}



%----------------------------RAW---------
%----------------------------------
@inproceedings{brooks2019unprocessing,
  title={Unprocessing images for learned raw denoising},
  author={Brooks, Tim and Mildenhall, Ben and Xue, Tianfan and Chen, Jiawen and Sharlet, Dillon and Barron, Jonathan T},
  booktitle={Proceedings of the IEEE/CVF Conference on Computer Vision and Pattern Recognition},
  pages={11036--11045},
  year={2019}
}

@inproceedings{chen2018learning,
  title={Learning to see in the dark},
  author={Chen, Chen and Chen, Qifeng and Xu, Jia and Koltun, Vladlen},
  booktitle={Proceedings of the IEEE Conference on Computer Vision and Pattern Recognition},
  pages={3291--3300},
  year={2018}
}

@inproceedings{xing2021invertible,
  title={Invertible image signal processing},
  author={Xing, Yazhou and Qian, Zian and Chen, Qifeng},
  booktitle={Proceedings of the IEEE/CVF Conference on Computer Vision and Pattern Recognition},
  pages={6287--6296},
  year={2021}
}

@inproceedings{wang2020practical,
  title={Practical deep raw image denoising on mobile devices},
  author={Wang, Yuzhi and Huang, Haibin and Xu, Qin and Liu, Jiaming and Liu, Yiqun and Wang, Jue},
  booktitle={European Conference on Computer Vision},
  pages={1--16},
  year={2020},
  organization={Springer}
}

@article{wei2021physics,
  title={Physics-based Noise Modeling for Extreme Low-light Photography},
  author={Wei, Kaixuan and Fu, Ying and Zheng, Yinqiang and Yang, Jiaolong},
  journal={IEEE Transactions on Pattern Analysis and Machine Intelligence},
  year={2021},
  publisher={IEEE}
}

@inproceedings{lei2021robust,
  title={Robust reflection removal with reflection-free flash-only cues},
  author={Lei, Chenyang and Chen, Qifeng},
  booktitle={Proceedings of the IEEE/CVF Conference on Computer Vision and Pattern Recognition},
  pages={14811--14820},
  year={2021}
}

@inproceedings{zhang2019zoom,
  title={Zoom to learn, learn to zoom},
  author={Zhang, Xuaner and Chen, Qifeng and Ng, Ren and Koltun, Vladlen},
  booktitle={Proceedings of the IEEE/CVF Conference on Computer Vision and Pattern Recognition},
  pages={3762--3770},
  year={2019}
}

%------------------------enhancement-----------------

%-----23
@article{guo2016lime,
  title={LIME: Low-light image enhancement via illumination map estimation},
  author={Guo, Xiaojie and Li, Yu and Ling, Haibin},
  journal={IEEE Transactions on image processing},
  volume={26},
  number={2},
  pages={982--993},
  year={2016},
  publisher={IEEE}
}

%------30
@article{jobson1997multiscale,
  title={A multiscale retinex for bridging the gap between color images and the human observation of scenes},
  author={Jobson, Daniel J and Rahman, Zia-ur and Woodell, Glenn A},
  journal={IEEE Transactions on Image processing},
  volume={6},
  number={7},
  pages={965--976},
  year={1997},
  publisher={IEEE}
}

%-------35
@article{land1977retinex,
  title={The retinex theory of color vision},
  author={Land, Edwin H},
  journal={Scientific american},
  volume={237},
  number={6},
  pages={108--129},
  year={1977},
  publisher={JSTOR}
}

%----------47
@article{meylan2006high,
  title={High dynamic range image rendering with a retinex-based adaptive filter},
  author={Meylan, Laurence and Susstrunk, Sabine},
  journal={IEEE Transactions on image processing},
  volume={15},
  number={9},
  pages={2820--2830},
  year={2006},
  publisher={IEEE}
}

%-------69
@inproceedings{zhang2019dual,
  title={Dual illumination estimation for robust exposure correction},
  author={Zhang, Qing and Nie, Yongwei and Zheng, Wei-Shi},
  booktitle={Computer Graphics Forum},
  volume={38},
  number={7},
  pages={243--252},
  year={2019},
  organization={Wiley Online Library}
}
%----------70
@inproceedings{zhang2018high,
  title={High-quality exposure correction of underexposed photos},
  author={Zhang, Qing and Yuan, Ganzhao and Xiao, Chunxia and Zhu, Lei and Zheng, Wei-Shi},
  booktitle={Proceedings of the 26th ACM international conference on Multimedia},
  pages={582--590},
  year={2018}
}

%--------60
@inproceedings{wang2019underexposed,
  title={Underexposed photo enhancement using deep illumination estimation},
  author={Wang, Ruixing and Zhang, Qing and Fu, Chi-Wing and Shen, Xiaoyong and Zheng, Wei-Shi and Jia, Jiaya},
  booktitle={Proceedings of the IEEE/CVF Conference on Computer Vision and Pattern Recognition},
  pages={6849--6857},
  year={2019}
}

%---------62
@article{wei2018deep,
  title={Deep retinex decomposition for low-light enhancement},
  author={Wei, Chen and Wang, Wenjing and Yang, Wenhan and Liu, Jiaying},
  journal={arXiv preprint arXiv:1808.04560},
  year={2018}
}

%---------63
@inproceedings{xu2020learning,
  title={Learning to restore low-light images via decomposition-and-enhancement},
  author={Xu, Ke and Yang, Xin and Yin, Baocai and Lau, Rynson WH},
  booktitle={Proceedings of the IEEE/CVF Conference on Computer Vision and Pattern Recognition},
  pages={2281--2290},
  year={2020}
}

%------------------------------------------------------
@inproceedings{arjovsky2017wasserstein,
  title={Wasserstein generative adversarial networks},
  author={Arjovsky, Martin and Chintala, Soumith and Bottou, L{\'e}on},
  booktitle={International conference on machine learning},
  pages={214--223},
  year={2017},
  organization={PMLR}
}

@article{gulrajani2017improved,
  title={Improved training of wasserstein gans},
  author={Gulrajani, Ishaan and Ahmed, Faruk and Arjovsky, Martin and Dumoulin, Vincent and Courville, Aaron},
  journal={arXiv preprint arXiv:1704.00028},
  year={2017}
}

@article{goodfellow2014generative,
  title={Generative adversarial nets},
  author={Goodfellow, Ian and Pouget-Abadie, Jean and Mirza, Mehdi and Xu, Bing and Warde-Farley, David and Ozair, Sherjil and Courville, Aaron and Bengio, Yoshua},
  journal={Advances in neural information processing systems},
  volume={27},
  year={2014}
}

@inproceedings{wang2020vcnet,
  title={VCNet: A Robust Approach to Blind Image Inpainting},
  author={Wang, Yi and Chen, Ying-Cong and Tao, Xin and Jia, Jiaya},
  booktitle={Computer Vision--ECCV 2020: 16th European Conference, Glasgow, UK, August 23--28, 2020, Proceedings, Part XXV 16},
  pages={752--768},
  year={2020},
  organization={Springer}
}

@article{suvorov2021resolution,
  title={Resolution-robust Large Mask Inpainting with Fourier Convolutions},
  author={Suvorov, Roman and Logacheva, Elizaveta and Mashikhin, Anton and Remizova, Anastasia and Ashukha, Arsenii and Silvestrov, Aleksei and Kong, Naejin and Goka, Harshith and Park, Kiwoong and Lempitsky, Victor},
  journal={arXiv preprint arXiv:2109.07161},
  year={2021}
}

@inproceedings{yang2017high,
  title={High-resolution image inpainting using multi-scale neural patch synthesis},
  author={Yang, Chao and Lu, Xin and Lin, Zhe and Shechtman, Eli and Wang, Oliver and Li, Hao},
  booktitle={Proceedings of the IEEE conference on computer vision and pattern recognition},
  pages={6721--6729},
  year={2017}
}

@inproceedings{song2018contextual,
  title={Contextual-based image inpainting: Infer, match, and translate},
  author={Song, Yuhang and Yang, Chao and Lin, Zhe and Liu, Xiaofeng and Huang, Qin and Li, Hao and Kuo, C-C Jay},
  booktitle={Proceedings of the European Conference on Computer Vision (ECCV)},
  pages={3--19},
  year={2018}
}

@inproceedings{liu2018image,
  title={Image inpainting for irregular holes using partial convolutions},
  author={Liu, Guilin and Reda, Fitsum A and Shih, Kevin J and Wang, Ting-Chun and Tao, Andrew and Catanzaro, Bryan},
  booktitle={Proceedings of the European Conference on Computer Vision (ECCV)},
  pages={85--100},
  year={2018}
}

@inproceedings{xie2019image,
  title={Image inpainting with learnable bidirectional attention maps},
  author={Xie, Chaohao and Liu, Shaohui and Li, Chao and Cheng, Ming-Ming and Zuo, Wangmeng and Liu, Xiao and Wen, Shilei and Ding, Errui},
  booktitle={Proceedings of the IEEE/CVF International Conference on Computer Vision},
  pages={8858--8867},
  year={2019}
}

@inproceedings{zhang2018single,
title={Single image reflection separation with perceptual losses},
author={Zhang, Xuaner and Ng, Ren and Chen, Qifeng},
booktitle={Proceedings of the IEEE conference on computer vision and pattern recognition},
pages={4786--4794},
year={2018}
}

@article{wang2020deep,
  title={Deep high-resolution representation learning for visual recognition},
  author={Wang, Jingdong and Sun, Ke and Cheng, Tianheng and Jiang, Borui and Deng, Chaorui and Zhao, Yang and Liu, Dong and Mu, Yadong and Tan, Mingkui and Wang, Xinggang and others},
  journal={IEEE transactions on pattern analysis and machine intelligence},
  volume={43},
  number={10},
  pages={3349--3364},
  year={2020},
  publisher={IEEE}
}

@inproceedings{pohlen2017full,
  title={Full-resolution residual networks for semantic segmentation in street scenes},
  author={Pohlen, Tobias and Hermans, Alexander and Mathias, Markus and Leibe, Bastian},
  booktitle={Proceedings of the IEEE conference on computer vision and pattern recognition},
  pages={4151--4160},
  year={2017}
}

@article{zhou2018stereo,
  title={Stereo magnification: Learning view synthesis using multiplane images},
  author={Zhou, Tinghui and Tucker, Richard and Flynn, John and Fyffe, Graham and Snavely, Noah},
  journal={arXiv preprint arXiv:1805.09817},
  year={2018}
}

@inproceedings{cai2016unified,
  title={A unified multi-scale deep convolutional neural network for fast object detection},
  author={Cai, Zhaowei and Fan, Quanfu and Feris, Rogerio S and Vasconcelos, Nuno},
  booktitle={European conference on computer vision},
  pages={354--370},
  year={2016},
  organization={Springer}
}

@article{chen2017deeplab,
  title={Deeplab: Semantic image segmentation with deep convolutional nets, atrous convolution, and fully connected crfs},
  author={Chen, Liang-Chieh and Papandreou, George and Kokkinos, Iasonas and Murphy, Kevin and Yuille, Alan L},
  journal={IEEE transactions on pattern analysis and machine intelligence},
  volume={40},
  number={4},
  pages={834--848},
  year={2017},
  publisher={IEEE}
}

@inproceedings{chen2018cascaded,
  title={Cascaded pyramid network for multi-person pose estimation},
  author={Chen, Yilun and Wang, Zhicheng and Peng, Yuxiang and Zhang, Zhiqiang and Yu, Gang and Sun, Jian},
  booktitle={Proceedings of the IEEE conference on computer vision and pattern recognition},
  pages={7103--7112},
  year={2018}
}

@article{yeh2016semantic,
  title={Semantic image inpainting with perceptual and contextual losses},
  author={Yeh, Raymond and Chen, Chen and Lim, Teck Yian and Hasegawa-Johnson, Mark and Do, Minh N},
  journal={arXiv preprint arXiv:1607.07539},
  volume={2},
  number={3},
  year={2016}
}

@inproceedings{chen2017photographic,
  title={Photographic image synthesis with cascaded refinement networks},
  author={Chen, Qifeng and Koltun, Vladlen},
  booktitle={Proceedings of the IEEE international conference on computer vision},
  pages={1511--1520},
  year={2017}
}

@inproceedings{mechrez2018contextual,
  title={The contextual loss for image transformation with non-aligned data},
  author={Mechrez, Roey and Talmi, Itamar and Zelnik-Manor, Lihi},
  booktitle={Proceedings of the European conference on computer vision (ECCV)},
  pages={768--783},
  year={2018}
}

%------- Demoire literature copy from Sunnie's repository------
% other restoration tasks
%dehaze 
@inproceedings{zhang2018densely,
  title={Densely connected pyramid dehazing network},
  author={Zhang, He and Patel, Vishal M},
  booktitle={Proceedings of the IEEE conference on computer vision and pattern recognition},
  pages={3194--3203},
  year={2018}
}
@inproceedings{liu2019griddehazenet,
  title={Griddehazenet: Attention-based multi-scale network for image dehazing},
  author={Liu, Xiaohong and Ma, Yongrui and Shi, Zhihao and Chen, Jun},
  booktitle={Proceedings of the IEEE/CVF International Conference on Computer Vision},
  pages={7314--7323},
  year={2019}
}

% denoising
@inproceedings{byun2021fbi,
  title={FBI-Denoiser: Fast Blind Image Denoiser for Poisson-Gaussian Noise},
  author={Byun, Jaeseok and Cha, Sungmin and Moon, Taesup},
  booktitle={Proceedings of the IEEE/CVF Conference on Computer Vision and Pattern Recognition},
  pages={5768--5777},
  year={2021}
}
@inproceedings{xing2021end,
  title={End-to-End Learning for Joint Image Demosaicing, Denoising and Super-Resolution},
  author={Xing, Wenzhu and Egiazarian, Karen},
  booktitle={Proceedings of the IEEE/CVF Conference on Computer Vision and Pattern Recognition},
  pages={3507--3516},
  year={2021}
}
%deblurr
@inproceedings{pan2016blind,
  title={Blind image deblurring using dark channel prior},
  author={Pan, Jinshan and Sun, Deqing and Pfister, Hanspeter and Yang, Ming-Hsuan},
  booktitle={Proceedings of the IEEE Conference on Computer Vision and Pattern Recognition},
  pages={1628--1636},
  year={2016}
}
@inproceedings{lee2021iterative,
  title={Iterative Filter Adaptive Network for Single Image Defocus Deblurring},
  author={Lee, Junyong and Son, Hyeongseok and Rim, Jaesung and Cho, Sunghyun and Lee, Seungyong},
  booktitle={Proceedings of the IEEE/CVF Conference on Computer Vision and Pattern Recognition},
  pages={2034--2042},
  year={2021}
}

@inproceedings{kupyn2019deblurgan,
  title={Deblurgan-v2: Deblurring (orders-of-magnitude) faster and better},
  author={Kupyn, Orest and Martyniuk, Tetiana and Wu, Junru and Wang, Zhangyang},
  booktitle={Proceedings of the IEEE/CVF International Conference on Computer Vision},
  pages={8878--8887},
  year={2019}
}
%super-resolution
@inproceedings{tai2017image,
  title={Image super-resolution via deep recursive residual network},
  author={Tai, Ying and Yang, Jian and Liu, Xiaoming},
  booktitle={Proceedings of the IEEE conference on computer vision and pattern recognition},
  pages={3147--3155},
  year={2017}
}

@inproceedings{zhang2018image,
  title={Image super-resolution using very deep residual channel attention networks},
  author={Zhang, Yulun and Li, Kunpeng and Li, Kai and Wang, Lichen and Zhong, Bineng and Fu, Yun},
  booktitle={Proceedings of the European conference on computer vision (ECCV)},
  pages={286--301},
  year={2018}
}

@inproceedings{hui2021learning,
  title={Learning the Non-Differentiable Optimization for Blind Super-Resolution},
  author={Hui, Zheng and Li, Jie and Wang, Xiumei and Gao, Xinbo},
  booktitle={Proceedings of the IEEE/CVF Conference on Computer Vision and Pattern Recognition},
  pages={2093--2102},
  year={2021}
}

@inproceedings{zhang2021mr,
  title={MR Image Super-Resolution With Squeeze and Excitation Reasoning Attention Network},
  author={Zhang, Yulun and Li, Kai and Li, Kunpeng and Fu, Yun},
  booktitle={Proceedings of the IEEE/CVF Conference on Computer Vision and Pattern Recognition},
  pages={13425--13434},
  year={2021}
} 

@inproceedings{wang2021exploring,
  title={Exploring Sparsity in Image Super-Resolution for Efficient Inference},
  author={Wang, Longguang and Dong, Xiaoyu and Wang, Yingqian and Ying, Xinyi and Lin, Zaiping and An, Wei and Guo, Yulan},
  booktitle={Proceedings of the IEEE/CVF Conference on Computer Vision and Pattern Recognition},
  pages={4917--4926},
  year={2021}
}

@inproceedings{xu2020unified,
  title={Unified dynamic convolutional network for super-resolution with variational degradations},
  author={Xu, Yu-Syuan and Tseng, Shou-Yao Roy and Tseng, Yu and Kuo, Hsien-Kai and Tsai, Yi-Min},
  booktitle={Proceedings of the IEEE/CVF Conference on Computer Vision and Pattern Recognition},
  pages={12496--12505},
  year={2020}
}

@inproceedings{mei2021image,
  title={Image Super-Resolution With Non-Local Sparse Attention},
  author={Mei, Yiqun and Fan, Yuchen and Zhou, Yuqian},
  booktitle={Proceedings of the IEEE/CVF Conference on Computer Vision and Pattern Recognition},
  pages={3517--3526},
  year={2021}
}

% artifacts removal
@inproceedings{feng2021removing,
  title={Removing Diffraction Image Artifacts in Under-Display Camera via Dynamic Skip Connection Network},
  author={Feng, Ruicheng and Li, Chongyi and Chen, Huaijin and Li, Shuai and Loy, Chen Change and Gu, Jinwei},
  booktitle={Proceedings of the IEEE/CVF Conference on Computer Vision and Pattern Recognition},
  pages={662--671},
  year={2021}
}

@inproceedings{yan2019attention,
  title={Attention-guided network for ghost-free high dynamic range imaging},
  author={Yan, Qingsen and Gong, Dong and Shi, Qinfeng and Hengel, Anton van den and Shen, Chunhua and Reid, Ian and Zhang, Yanning},
  booktitle={Proceedings of the IEEE/CVF Conference on Computer Vision and Pattern Recognition},
  pages={1751--1760},
  year={2019}
}

@inproceedings{luo2020deep,
  title={Deep wavelet network with domain adaptation for single image demoireing},
  author={Luo, Xiaotong and Zhang, Jiangtao and Hong, Ming and Qu, Yanyun and Xie, Yuan and Li, Cuihua},
  booktitle={Proceedings of the IEEE/CVF Conference on Computer Vision and Pattern Recognition Workshops},
  pages={420--421},
  year={2020}
}

%moire layer
@article{yang2023doing,
  title={Doing More With Moir{\'e} Pattern Detection in Digital Photos},
  author={Yang, Cong and Yang, Zhenyu and Ke, Yan and Chen, Tao and Grzegorzek, Marcin and See, John},
  journal={IEEE Transactions on Image Processing},
  volume={32},
  pages={694--708},
  year={2023},
  publisher={IEEE}
}

%UnDeM
@article{undem,
  title={Learning Image Demoireing from Unpaired Real Data},
  author={Zhong, Yunshan and Zhou, Yuyao and Zhang, Yuxin and Chao, Fei and Ji, Rongrong},
  journal={arXiv preprint arXiv:2401.02719 (AAAI2024)},
  year={2024}
}
zhong2024learning
%shooting
@article{shooting,
  title={Mori{\'e} attack (ma): A new potential risk of screen photos},
  author={Niu, Dantong and Guo, Ruohao and Wang, Yisen},
  journal={Advances in Neural Information Processing Systems},
  volume={34},
  pages={26117--26129},
  year={2021}
}

%cyclic
@article{cyclic,
  title={Unpaired screen-shot image demoir{\'e}ing with cyclic moir{\'e} learning},
  author={Park, Hyunkook and Vien, An Gia and Kim, Hanul and Koh, Yeong Jun and Lee, Chul},
  journal={IEEE Access},
  volume={10},
  pages={16254--16268},
  year={2022},
  publisher={IEEE}
}

% unsupervisedDemoire
@article{yue2021unsupervised,
  title={Unsupervised moir{\'e} pattern removal for recaptured screen images},
  author={Yue, Huanjing and Cheng, Yijia and Liu, Fanglong and Yang, Jingyu},
  journal={Neurocomputing},
  volume={456},
  pages={352--363},
  year={2021},
  publisher={Elsevier}
}

%Old schools
@book{amidror2009theory,
  title={The Theory of the Moir{\'e} Phenomenon: Volume I: Periodic Layers},
  author={Amidror, Isaac},
  volume={38},
  year={2009},
  publisher={Springer Science \& Business Media}
}




% space-variant filters 
@article{siddiqui2009hardware,
  title={Hardware-friendly descreening},
  author={Siddiqui, Hasib and Boutin, Mireille and Bouman, Charles A},
  journal={IEEE Transactions on Image Processing},
  volume={19},
  number={3},
  pages={746--757},
  year={2009},
  publisher={IEEE}
}

@article{sun2014scanned,
  title={Scanned image descreening with image redundancy and adaptive filtering},
  author={Sun, Bin and Li, Shutao and Sun, Jun},
  journal={IEEE transactions on image processing},
  volume={23},
  number={8},
  pages={3698--3710},
  year={2014},
  publisher={IEEE}
}

%a lowrank constrained sparse matrix decomposition 
@inproceedings{liu2015moire,
  title={Moir{\'e} pattern removal from texture images via low-rank and sparse matrix decomposition},
  author={Liu, Fanglei and Yang, Jingyu and Yue, Huanjing},
  booktitle={2015 Visual Communications and Image Processing (VCIP)},
  pages={1--4},
  year={2015},
  organization={IEEE}
}

@article{yang2017textured,
  title={Textured image demoir{\'e}ing via signal decomposition and guided filtering},
  author={Yang, Jingyu and Liu, Fanglei and Yue, Huanjing and Fu, Xiaomei and Hou, Chunping and Wu, Feng},
  journal={IEEE Transactions on Image Processing},
  volume={26},
  number={7},
  pages={3528--3541},
  year={2017},
  publisher={IEEE}
}

% layer decomposition
@inproceedings{yang2017demoireing,
  title={Demoir{\'e}ing for screen-shot images with multi-channel layer decomposition},
  author={Yang, Jingyu and Zhang, Xue and Cai, Changrui and Li, Kun},
  booktitle={2017 IEEE Visual Communications and Image Processing (VCIP)},
  pages={1--4},
  year={2017},
  organization={IEEE}
}


% real time demoire
@article{zhang2023real,
  title={Real-Time Image Demoireing on Mobile Devices},
  author={Zhang, Yuxin and Lin, Mingbao and Li, Xunchao and Liu, Han and Wang, Guozhi and Chao, Fei and Ren, Shuai and Wen, Yafei and Chen, Xiaoxin and Ji, Rongrong},
  journal={arXiv preprint arXiv:2302.02184},
  year={2023}
}

%progressiveDemoire
@article{niu2023progressive,
  title={Progressive Moire Removal and Texture Complementation for Image Demoireing},
  author={Niu, Yuzhen and Lin, Zhihua and Liu, Wenxi and Guo, Wenzhong},
  journal={IEEE Transactions on Circuits and Systems for Video Technology},
  year={2023},
  publisher={IEEE}
}

$coaseToFine demoire
@article{wang2023coarse,
  title={Coarse-to-fine Disentangling Demoir{\'e}ing Framework for Recaptured Screen Images},
  author={Wang, Ce and He, Bin and Wu, Shengsen and Wan, Renjie and Shi, Boxin and Duan, Ling-Yu},
  journal={IEEE Transactions on Pattern Analysis and Machine Intelligence},
  year={2023},
  publisher={IEEE}
}

% DM for restoration
@inproceedings{luo2023refusion,
  title={Refusion: Enabling large-size realistic image restoration with latent-space diffusion models},
  author={Luo, Ziwei and Gustafsson, Fredrik K and Zhao, Zheng and Sj{\"o}lund, Jens and Sch{\"o}n, Thomas B},
  booktitle={Proceedings of the IEEE/CVF Conference on Computer Vision and Pattern Recognition},
  pages={1680--1691},
  year={2023}
}

@inproceedings{zhu2023denoising,
  title={Denoising Diffusion Models for Plug-and-Play Image Restoration},
  author={Zhu, Yuanzhi and Zhang, Kai and Liang, Jingyun and Cao, Jiezhang and Wen, Bihan and Timofte, Radu and Van Gool, Luc},
  booktitle={Proceedings of the IEEE/CVF Conference on Computer Vision and Pattern Recognition},
  pages={1219--1229},
  year={2023}
}

@inproceedings{fei2023generative,
  title={Generative Diffusion Prior for Unified Image Restoration and Enhancement},
  author={Fei, Ben and Lyu, Zhaoyang and Pan, Liang and Zhang, Junzhe and Yang, Weidong and Luo, Tianyue and Zhang, Bo and Dai, Bo},
  booktitle={Proceedings of the IEEE/CVF Conference on Computer Vision and Pattern Recognition},
  pages={9935--9946},
  year={2023}
}

@misc{wiki:moire,
  author = {Wikipedia},
  title = "Moire Pattern",
  year = "2024",
  url = "https://en.wikipedia.org/wiki/Moir%C3%A9_pattern",
  note = "[Online; accessed 07-April-2024]"
}

@inproceedings{luo2020video,
  title={Video super-resolution using multi-scale pyramid 3d convolutional networks},
  author={Luo, Jianping and Huang, Shaofei and Yuan, Yuan},
  booktitle={Proceedings of the 28th ACM International Conference on Multimedia},
  pages={1882--1890},
  year={2020}
}

@inproceedings{chen2021lesion,
  title={Lesion-inspired denoising network: connecting medical image denoising and lesion detection},
  author={Chen, Kecheng and Long, Kun and Ren, Yazhou and Sun, Jiayu and Pu, Xiaorong},
  booktitle={Proceedings of the 29th ACM International Conference on Multimedia},
  pages={3283--3292},
  year={2021}
}

@inproceedings{gupta2020alanet,
  title={Alanet: Adaptive latent attention network for joint video deblurring and interpolation},
  author={Gupta, Akash and Aich, Abhishek and Roy-Chowdhury, Amit K},
  booktitle={Proceedings of the 28th ACM International Conference on Multimedia},
  pages={256--264},
  year={2020}
}

@inproceedings{li2021dehazeflow,
  title={Dehazeflow: Multi-scale conditional flow network for single image dehazing},
  author={Li, Hongyu and Li, Jia and Zhao, Dong and Xu, Long},
  booktitle={Proceedings of the 29th ACM International Conference on Multimedia},
  pages={2577--2585},
  year={2021}
}

@article{galteri2019deep,
  title={Deep universal generative adversarial compression artifact removal},
  author={Galteri, Leonardo and Seidenari, Lorenzo and Bertini, Marco and Del Bimbo, Alberto},
  journal={IEEE Transactions on Multimedia},
  volume={21},
  number={8},
  pages={2131--2145},
  year={2019},
  publisher={IEEE}
}

@inproceedings{zhang2023all,
  title={All-in-one multi-degradation image restoration network via hierarchical degradation representation},
  author={Zhang, Cheng and Zhu, Yu and Yan, Qingsen and Sun, Jinqiu and Zhang, Yanning},
  booktitle={Proceedings of the 31st ACM International Conference on Multimedia},
  pages={2285--2293},
  year={2023}
}

@article{liu2024video,
  title={Video Demoir{\'e}ing with Deep Temporal Color Embedding and Video-Image Invertible Consistency},
  author={Liu, Lin and An, Junfeng and Yuan, Shanxin and Zhou, Wengang and Li, Houqiang and Wang, Yanfeng and Tian, Qi},
  journal={IEEE Transactions on Multimedia},
  year={2024},
  publisher={IEEE}
}

@article{yue2022recaptured,
  title={Recaptured screen image demoir{\'e}ing in raw domain},
  author={Yue, Huanjing and Cheng, Yijia and Mao, Yan and Cao, Cong and Yang, Jingyu},
  journal={IEEE Transactions on Multimedia},
  year={2022},
  publisher={IEEE}
}

@inproceedings{wei2023moire,
  title={Moir{\'e} Backdoor Attack (MBA): A Novel Trigger for Pedestrian Detectors in the Physical World},
  author={Wei, Hui and Yu, Hanxun and Zhang, Kewei and Wang, Zhixiang and Zhu, Jianke and Wang, Zheng},
  booktitle={Proceedings of the 31st ACM International Conference on Multimedia},
  pages={8828--8838},
  year={2023}
}

@inproceedings{Zhang2020deepimageblend,   
    title={Deep Image Blending},  
    url={http://dx.doi.org/10.1109/wacv45572.2020.9093632},  
    DOI={10.1109/wacv45572.2020.9093632},  booktitle={2020 IEEE Winter Conference on Applications of Computer Vision (WACV)},  author={Zhang, Lingzhi and Wen, Tarmily and Shi, Jianbo},  
    year={2020},  
    month={Mar},  
    language={en-US}  
}