@article{cyclic,
  title={Unpaired screen-shot image demoir{\'e}ing with cyclic moir{\'e} learning},
  author={Park, Hyunkook and Vien, An Gia and Kim, Hanul and Koh, Yeong Jun and Lee, Chul},
  journal={IEEE Access},
  volume={10},
  pages={16254--16268},
  year={2022},
  publisher={IEEE}
}

@inproceedings{fei2023generative,
  title={Generative Diffusion Prior for Unified Image Restoration and Enhancement},
  author={Fei, Ben and Lyu, Zhaoyang and Pan, Liang and Zhang, Junzhe and Yang, Weidong and Luo, Tianyue and Zhang, Bo and Dai, Bo},
  booktitle={Proceedings of the IEEE/CVF Conference on Computer Vision and Pattern Recognition},
  pages={9935--9946},
  year={2023}
}

@inproceedings{he2019mop,
  title={Mop moire patterns using mopnet},
  author={He, Bin and Wang, Ce and Shi, Boxin and Duan, Ling-Yu},
  booktitle={Proceedings of the IEEE/CVF International Conference on Computer Vision},
  pages={2424--2432},
  year={2019}
}

@inproceedings{he2020fhde,
  title={FHDe 2 Net: Full High Definition Demoireing Network},
  author={He, Bin and Wang, Ce and Shi, Boxin and Duan, Ling-Yu},
  booktitle={Computer Vision--ECCV 2020: 16th European Conference, Glasgow, UK, August 23--28, 2020, Proceedings, Part XXII 16},
  pages={713--729},
  year={2020},
  organization={Springer}
}

@inproceedings{lee2021iterative,
  title={Iterative Filter Adaptive Network for Single Image Defocus Deblurring},
  author={Lee, Junyong and Son, Hyeongseok and Rim, Jaesung and Cho, Sunghyun and Lee, Seungyong},
  booktitle={Proceedings of the IEEE/CVF Conference on Computer Vision and Pattern Recognition},
  pages={2034--2042},
  year={2021}
}

@inproceedings{li2021dehazeflow,
  title={Dehazeflow: Multi-scale conditional flow network for single image dehazing},
  author={Li, Hongyu and Li, Jia and Zhao, Dong and Xu, Long},
  booktitle={Proceedings of the 29th ACM International Conference on Multimedia},
  pages={2577--2585},
  year={2021}
}

@inproceedings{liu2015moire,
  title={Moir{\'e} pattern removal from texture images via low-rank and sparse matrix decomposition},
  author={Liu, Fanglei and Yang, Jingyu and Yue, Huanjing},
  booktitle={2015 Visual Communications and Image Processing (VCIP)},
  pages={1--4},
  year={2015},
  organization={IEEE}
}

@inproceedings{liu2020wavelet,
  title={Wavelet-based dual-branch network for image demoir{\'e}ing},
  author={Liu, Lin and Liu, Jianzhuang and Yuan, Shanxin and Slabaugh, Gregory and Leonardis, Ale{\v{s}} and Zhou, Wengang and Tian, Qi},
  booktitle={Computer Vision--ECCV 2020: 16th European Conference, Glasgow, UK, August 23--28, 2020, Proceedings, Part XIII 16},
  pages={86--102},
  year={2020},
  organization={Springer}
}

@article{liu2024video,
  title={Video Demoir{\'e}ing with Deep Temporal Color Embedding and Video-Image Invertible Consistency},
  author={Liu, Lin and An, Junfeng and Yuan, Shanxin and Zhou, Wengang and Li, Houqiang and Wang, Yanfeng and Tian, Qi},
  journal={IEEE Transactions on Multimedia},
  year={2024},
  publisher={IEEE}
}

@inproceedings{luo2020deep,
  title={Deep wavelet network with domain adaptation for single image demoireing},
  author={Luo, Xiaotong and Zhang, Jiangtao and Hong, Ming and Qu, Yanyun and Xie, Yuan and Li, Cuihua},
  booktitle={Proceedings of the IEEE/CVF Conference on Computer Vision and Pattern Recognition Workshops},
  pages={420--421},
  year={2020}
}

@inproceedings{luo2023refusion,
  title={Refusion: Enabling large-size realistic image restoration with latent-space diffusion models},
  author={Luo, Ziwei and Gustafsson, Fredrik K and Zhao, Zheng and Sj{\"o}lund, Jens and Sch{\"o}n, Thomas B},
  booktitle={Proceedings of the IEEE/CVF Conference on Computer Vision and Pattern Recognition},
  pages={1680--1691},
  year={2023}
}

@article{niu2023progressive,
  title={Progressive Moire Removal and Texture Complementation for Image Demoireing},
  author={Niu, Yuzhen and Lin, Zhihua and Liu, Wenxi and Guo, Wenzhong},
  journal={IEEE Transactions on Circuits and Systems for Video Technology},
  year={2023},
  publisher={IEEE}
}

@article{shooting,
  title={Mori{\'e} attack (ma): A new potential risk of screen photos},
  author={Niu, Dantong and Guo, Ruohao and Wang, Yisen},
  journal={Advances in Neural Information Processing Systems},
  volume={34},
  pages={26117--26129},
  year={2021}
}

@article{sun2014scanned,
  title={Scanned image descreening with image redundancy and adaptive filtering},
  author={Sun, Bin and Li, Shutao and Sun, Jun},
  journal={IEEE transactions on image processing},
  volume={23},
  number={8},
  pages={3698--3710},
  year={2014},
  publisher={IEEE}
}

@article{sun2018moire,
  title={Moir{\'e} photo restoration using multiresolution convolutional neural networks},
  author={Sun, Yujing and Yu, Yizhou and Wang, Wenping},
  journal={IEEE Transactions on Image Processing},
  volume={27},
  number={8},
  pages={4160--4172},
  year={2018},
  publisher={IEEE}
}

@article{undem,
  title={Learning Image Demoireing from Unpaired Real Data},
  author={Zhong, Yunshan and Zhou, Yuyao and Zhang, Yuxin and Chao, Fei and Ji, Rongrong},
  journal={arXiv preprint arXiv:2401.02719 (AAAI2024)},
  year={2024}
}

@article{wang2023coarse,
  title={Coarse-to-fine Disentangling Demoir{\'e}ing Framework for Recaptured Screen Images},
  author={Wang, Ce and He, Bin and Wu, Shengsen and Wan, Renjie and Shi, Boxin and Duan, Ling-Yu},
  journal={IEEE Transactions on Pattern Analysis and Machine Intelligence},
  year={2023},
  publisher={IEEE}
}

@inproceedings{xing2021end,
  title={End-to-End Learning for Joint Image Demosaicing, Denoising and Super-Resolution},
  author={Xing, Wenzhu and Egiazarian, Karen},
  booktitle={Proceedings of the IEEE/CVF Conference on Computer Vision and Pattern Recognition},
  pages={3507--3516},
  year={2021}
}

@inproceedings{yang2017demoireing,
  title={Demoir{\'e}ing for screen-shot images with multi-channel layer decomposition},
  author={Yang, Jingyu and Zhang, Xue and Cai, Changrui and Li, Kun},
  booktitle={2017 IEEE Visual Communications and Image Processing (VCIP)},
  pages={1--4},
  year={2017},
  organization={IEEE}
}

@article{yang2017textured,
  title={Textured image demoir{\'e}ing via signal decomposition and guided filtering},
  author={Yang, Jingyu and Liu, Fanglei and Yue, Huanjing and Fu, Xiaomei and Hou, Chunping and Wu, Feng},
  journal={IEEE Transactions on Image Processing},
  volume={26},
  number={7},
  pages={3528--3541},
  year={2017},
  publisher={IEEE}
}

@article{yang2023doing,
  title={Doing More With Moir{\'e} Pattern Detection in Digital Photos},
  author={Yang, Cong and Yang, Zhenyu and Ke, Yan and Chen, Tao and Grzegorzek, Marcin and See, John},
  journal={IEEE Transactions on Image Processing},
  volume={32},
  pages={694--708},
  year={2023},
  publisher={IEEE}
}

@inproceedings{yu2022towards,
  title={Towards efficient and scale-robust ultra-high-definition image demoir{\'e}ing},
  author={Yu, Xin and Dai, Peng and Li, Wenbo and Ma, Lan and Shen, Jiajun and Li, Jia and Qi, Xiaojuan},
  booktitle={European Conference on Computer Vision},
  pages={646--662},
  year={2022},
  organization={Springer}
}

@article{yue2022recaptured,
  title={Recaptured screen image demoir{\'e}ing in raw domain},
  author={Yue, Huanjing and Cheng, Yijia and Mao, Yan and Cao, Cong and Yang, Jingyu},
  journal={IEEE Transactions on Multimedia},
  year={2022},
  publisher={IEEE}
}

@inproceedings{zhang2023all,
  title={All-in-one multi-degradation image restoration network via hierarchical degradation representation},
  author={Zhang, Cheng and Zhu, Yu and Yan, Qingsen and Sun, Jinqiu and Zhang, Yanning},
  booktitle={Proceedings of the 31st ACM International Conference on Multimedia},
  pages={2285--2293},
  year={2023}
}

@inproceedings{zheng2020image,
  title={Image demoireing with learnable bandpass filters},
  author={Zheng, Bolun and Yuan, Shanxin and Slabaugh, Gregory and Leonardis, Ales},
  booktitle={Proceedings of the IEEE/CVF Conference on Computer Vision and Pattern Recognition},
  pages={3636--3645},
  year={2020}
}

@article{zheng2021learning,
  title={Learning frequency domain priors for image demoireing},
  author={Zheng, Bolun and Yuan, Shanxin and Yan, Chenggang and Tian, Xiang and Zhang, Jiyong and Sun, Yaoqi and Liu, Lin and Leonardis, Ale{\v{s}} and Slabaugh, Gregory},
  journal={IEEE Transactions on Pattern Analysis and Machine Intelligence},
  volume={44},
  number={11},
  pages={7705--7717},
  year={2021},
  publisher={IEEE}
}

@inproceedings{zhu2023denoising,
  title={Denoising Diffusion Models for Plug-and-Play Image Restoration},
  author={Zhu, Yuanzhi and Zhang, Kai and Liang, Jingyun and Cao, Jiezhang and Wen, Bihan and Timofte, Radu and Van Gool, Luc},
  booktitle={Proceedings of the IEEE/CVF Conference on Computer Vision and Pattern Recognition},
  pages={1219--1229},
  year={2023}
}

