@article{achiam2023gpt,
  title={Gpt-4 technical report},
  author={Achiam, Josh and Adler, Steven and Agarwal, Sandhini and Ahmad, Lama and Akkaya, Ilge and Aleman, Florencia Leoni and Almeida, Diogo and Altenschmidt, Janko and Altman, Sam and Anadkat, Shyamal and others},
  journal={arXiv preprint arXiv:2303.08774},
  year={2023}
}

@misc{aihub_dataset_189,
  author       = {AIHub},
  title        = {AI Hub: Sidewalk Dataset},
  year         = {2019},
  url          = {https://aihub.or.kr/aihubdata/data/view.do?currMenu=115&topMenu=100&aihubDataSe=realm&dataSetSn=189}
}

@misc{awadalla2023openflamingoopensourceframeworktraining,
      title={OpenFlamingo: An Open-Source Framework for Training Large Autoregressive Vision-Language Models}, 
      author={Anas Awadalla and Irena Gao and Josh Gardner and Jack Hessel and Yusuf Hanafy and Wanrong Zhu and Kalyani Marathe and Yonatan Bitton and Samir Gadre and Shiori Sagawa and Jenia Jitsev and Simon Kornblith and Pang Wei Koh and Gabriel Ilharco and Mitchell Wortsman and Ludwig Schmidt},
      year={2023},
      eprint={2308.01390},
      archivePrefix={arXiv},
      primaryClass={cs.CV},
      url={https://arxiv.org/abs/2308.01390}, 
}

@inproceedings{bafghi2023new,
  title={A new dataset based on images taken by blind people for testing the robustness of image classification models trained for imagenet categories},
  author={Bafghi, Reza Akbarian and Gurari, Danna},
  booktitle={Proceedings of the IEEE/CVF Conference on Computer Vision and Pattern Recognition},
  pages={16261--16270},
  year={2023}
}

@misc{be_my_eyes,
  author       = {Wiberg, Hans Jørgen},
  title        = {Be My Eyes - See the World Together},
  year         = {2015},
  url          = {https://www.bemyeyes.com/}
}

@inproceedings{bigham2010vizwiz,
  title={Vizwiz: nearly real-time answers to visual questions},
  author={Bigham, Jeffrey P and Jayant, Chandrika and Ji, Hanjie and Little, Greg and Miller, Andrew and Miller, Robert C and Miller, Robin and Tatarowicz, Aubrey and White, Brandyn and White, Samual and others},
  booktitle={Proceedings of the 23nd annual ACM symposium on User interface software and technology},
  pages={333--342},
  year={2010}
}

@inproceedings{chiu2020assessing,
  title={Assessing image quality issues for real-world problems. In 2020 IEEE},
  author={Chiu, Tai-Yin and Zhao, Yinan and Gurari, Danna},
  booktitle={CVF Conference on Computer Vision and Pattern Recognition (CVPR)},
  pages={3643--3653},
  year={2020}
}

@misc{dong2024internlmxcomposer2masteringfreeformtextimage,
      title={InternLM-XComposer2: Mastering Free-form Text-Image Composition and Comprehension in Vision-Language Large Model}, 
      author={Xiaoyi Dong and Pan Zhang and Yuhang Zang and Yuhang Cao and Bin Wang and Linke Ouyang and Xilin Wei and Songyang Zhang and Haodong Duan and Maosong Cao and Wenwei Zhang and Yining Li and Hang Yan and Yang Gao and Xinyue Zhang and Wei Li and Jingwen Li and Kai Chen and Conghui He and Xingcheng Zhang and Yu Qiao and Dahua Lin and Jiaqi Wang},
      year={2024},
      eprint={2401.16420},
      archivePrefix={arXiv},
      primaryClass={cs.CV},
      url={https://arxiv.org/abs/2401.16420}, 
}

@misc{gpt-4omini,
title={GPT-4o mini},
author={OpenAI},
url={https://openai.com/index/gpt-4o-mini-advancing-cost-efficient-intelligence/},
year={2024b},
}

@inproceedings{gurari2018vizwiz,
  title={Vizwiz grand challenge: Answering visual questions from blind people},
  author={Gurari, Danna and Li, Qing and Stangl, Abigale J and Guo, Anhong and Lin, Chi and Grauman, Kristen and Luo, Jiebo and Bigham, Jeffrey P},
  booktitle={Proceedings of the IEEE conference on computer vision and pattern recognition},
  pages={3608--3617},
  year={2018}
}

@inproceedings{gurari2019vizwiz,
  title={Vizwiz-priv: A dataset for recognizing the presence and purpose of private visual information in images taken by blind people},
  author={Gurari, Danna and Li, Qing and Lin, Chi and Zhao, Yinan and Guo, Anhong and Stangl, Abigale and Bigham, Jeffrey P},
  booktitle={Proceedings of the IEEE/CVF Conference on Computer Vision and Pattern Recognition},
  pages={939--948},
  year={2019}
}

@misc{jin2022goodpromptworthmillions,
      title={A Good Prompt Is Worth Millions of Parameters: Low-resource Prompt-based Learning for Vision-Language Models}, 
      author={Woojeong Jin and Yu Cheng and Yelong Shen and Weizhu Chen and Xiang Ren},
      year={2022},
      eprint={2110.08484},
      archivePrefix={arXiv},
      primaryClass={cs.CV},
      url={https://arxiv.org/abs/2110.08484}, 
}

@misc{liu2024objectfinderopenvocabularyassistiveinteractive,
      title={ObjectFinder: Open-Vocabulary Assistive System for Interactive Object Search by Blind People}, 
      author={Ruiping Liu and Jiaming Zhang and Angela Schön and Karin Müller and Junwei Zheng and Kailun Yang and Kathrin Gerling and Rainer Stiefelhagen},
      year={2024},
      eprint={2412.03118},
      archivePrefix={arXiv},
      primaryClass={cs.HC},
      url={https://arxiv.org/abs/2412.03118}, 
}

@misc{llama3_2,
    title = {Llama 3.2},
    author = {Meta},
    url = {https://ai.meta.com/blog/llama-3-2-connect-2024-vision-edge-mobile-devices/},
    year={2024}
}

@inproceedings{olson2021towards,
  title={Towards Using Live Photos to Mitigate Image Quality Issues In VQA Photography},
  author={Olson, Lauren and Kambhamettu, Chandra and McCoy, Kathleen},
  booktitle={Proceedings of the 23rd International ACM SIGACCESS Conference on Computers and Accessibility},
  pages={1--3},
  year={2021}
}

@inproceedings{park2020sideguide,
  title={Sideguide: a large-scale sidewalk dataset for guiding impaired people},
  author={Park, Kibaek and Oh, Youngtaek and Ham, Soomin and Joo, Kyungdon and Kim, Hyokyoung and Kum, Hyoyoung and Kweon, In So},
  booktitle={2020 IEEE/RSJ International Conference on Intelligent Robots and Systems (IROS)},
  pages={10022--10029},
  year={2020},
  organization={IEEE}
}

@article{tang2023dataset,
  title={A dataset for the recognition of obstacles on blind sidewalk},
  author={Tang, Wu and Liu, De-er and Zhao, Xiaoli and Chen, Zenghui and Zhao, Chen},
  journal={Universal Access in the Information Society},
  volume={22},
  number={1},
  pages={69--82},
  year={2023},
  publisher={Springer}
}

@inproceedings{tseng2022vizwiz,
  title={Vizwiz-fewshot: Locating objects in images taken by people with visual impairments},
  author={Tseng, Yu-Yun and Bell, Alexander and Gurari, Danna},
  booktitle={European Conference on Computer Vision},
  pages={575--591},
  year={2022},
  organization={Springer}
}

@article{tseng2024biv,
  title={BIV-Priv-Seg: Locating Private Content in Images Taken by People With Visual Impairments},
  author={Tseng, Yu-Yun and Sharma, Tanusree and Zhang, Lotus and Stangl, Abigale and Findlater, Leah and Wang, Yang and Gurari, Danna},
  journal={arXiv preprint arXiv:2407.18243},
  year={2024}
}

@misc{wang2024qwen2vlenhancingvisionlanguagemodels,
      title={Qwen2-VL: Enhancing Vision-Language Model's Perception of the World at Any Resolution}, 
      author={Peng Wang and Shuai Bai and Sinan Tan and Shijie Wang and Zhihao Fan and Jinze Bai and Keqin Chen and Xuejing Liu and Jialin Wang and Wenbin Ge and Yang Fan and Kai Dang and Mengfei Du and Xuancheng Ren and Rui Men and Dayiheng Liu and Chang Zhou and Jingren Zhou and Junyang Lin},
      year={2024},
      eprint={2409.12191},
      archivePrefix={arXiv},
      primaryClass={cs.CV},
      url={https://arxiv.org/abs/2409.12191}, 
}

@misc{wu2022generativevisualpromptunifying,
      title={Generative Visual Prompt: Unifying Distributional Control of Pre-Trained Generative Models}, 
      author={Chen Henry Wu and Saman Motamed and Shaunak Srivastava and Fernando De la Torre},
      year={2022},
      eprint={2209.06970},
      archivePrefix={arXiv},
      primaryClass={cs.CV},
      url={https://arxiv.org/abs/2209.06970}, 
}

@article{xia2023dataset,
  title={A dataset for the visually impaired walk on the road},
  author={Xia, Haiying and Yao, Cong and Tan, Yumei and Song, Shuxiang},
  journal={Displays},
  volume={79},
  pages={102486},
  year={2023},
  publisher={Elsevier}
}

@article{yang2024viassist,
  title={VIAssist: Adapting Multi-modal Large Language Models for Users with Visual Impairments},
  author={Yang, Bufang and He, Lixing and Liu, Kaiwei and Yan, Zhenyu},
  journal={arXiv preprint arXiv:2404.02508},
  year={2024}
}

@article{yuan2024walkvlm,
  title={WalkVLM: Aid Visually Impaired People Walking by Vision Language Model},
  author={Yuan, Zhiqiang and Zhang, Ting and Zhang, Jiapei and Zhou, Jie and Zhang, Jinchao},
  journal={arXiv preprint arXiv:2412.20903},
  year={2024}
}

