@inproceedings{langley00,
 author    = {P. Langley},
 title     = {Crafting Papers on Machine Learning},
 year      = {2000},
 pages     = {1207--1216},
 editor    = {Pat Langley},
 booktitle     = {Proceedings of the 17th International Conference
              on Machine Learning (ICML 2000)},
 address   = {Stanford, CA},
 publisher = {Morgan Kaufmann}
}

@TechReport{mitchell80,
  author = 	 "T. M. Mitchell",
  title = 	 "The Need for Biases in Learning Generalizations",
  institution =  "Computer Science Department, Rutgers University",
  year = 	 "1980",
  address =	 "New Brunswick, MA",
}

@phdthesis{kearns89,
  author = {M. J. Kearns},
  title =  {Computational Complexity of Machine Learning},
  school = {Department of Computer Science, Harvard University},
  year =   {1989}
}

@Book{MachineLearningI,
  editor = 	 "R. S. Michalski and J. G. Carbonell and T.
		  M. Mitchell",
  title = 	 "Machine Learning: An Artificial Intelligence
		  Approach, Vol. I",
  publisher = 	 "Tioga",
  year = 	 "1983",
  address =	 "Palo Alto, CA"
}

@Book{DudaHart2nd,
  author =       "R. O. Duda and P. E. Hart and D. G. Stork",
  title =        "Pattern Classification",
  publisher =    "John Wiley and Sons",
  edition =      "2nd",
  year =         "2000"
}

@misc{anonymous,
  title= {Suppressed for Anonymity},
  author= {Author, N. N.},
  year= {2021}
}

@InCollection{Newell81,
  author =       "A. Newell and P. S. Rosenbloom",
  title =        "Mechanisms of Skill Acquisition and the Law of
                  Practice", 
  booktitle =    "Cognitive Skills and Their Acquisition",
  pages =        "1--51",
  publisher =    "Lawrence Erlbaum Associates, Inc.",
  year =         "1981",
  editor =       "J. R. Anderson",
  chapter =      "1",
  address =      "Hillsdale, NJ"
}


@Article{Samuel59,
  author = 	 "A. L. Samuel",
  title = 	 "Some Studies in Machine Learning Using the Game of
		  Checkers",
  journal =	 "IBM Journal of Research and Development",
  year =	 "1959",
  volume =	 "3",
  number =	 "3",
  pages =	 "211--229"
}

@article{jaech2024openai,
  title={OpenAI o1 System Card},
  author={Jaech, Aaron and Kalai, Adam and Lerer, Adam and Richardson, Adam and El-Kishky, Ahmed and Low, Aiden and Helyar, Alec and Madry, Aleksander and Beutel, Alex and Carney, Alex and others},
  journal={arXiv preprint arXiv:2412.16720},
  year={2024}
}

@article{dubey2024llama,
  title={The llama 3 herd of models},
  author={Dubey, Abhimanyu and Jauhri, Abhinav and Pandey, Abhinav and Kadian, Abhishek and Al-Dahle, Ahmad and Letman, Aiesha and Mathur, Akhil and Schelten, Alan and Yang, Amy and Fan, Angela and others},
  journal={arXiv preprint arXiv:2407.21783},
  year={2024}
}

@article{guo2025deepseek,
  title={Deepseek-r1: Incentivizing reasoning capability in llms via reinforcement learning},
  author={Guo, Daya and Yang, Dejian and Zhang, Haowei and Song, Junxiao and Zhang, Ruoyu and Xu, Runxin and Zhu, Qihao and Ma, Shirong and Wang, Peiyi and Bi, Xiao and others},
  journal={arXiv preprint arXiv:2501.12948},
  year={2025}
}

@article{shazeer2019fast,
  title={Fast transformer decoding: One write-head is all you need},
  author={Shazeer, Noam},
  journal={arXiv preprint arXiv:1911.02150},
  year={2019}
}

@inproceedings{leviathan2023fast,
  title={Fast inference from transformers via speculative decoding},
  author={Leviathan, Yaniv and Kalman, Matan and Matias, Yossi},
  booktitle={International Conference on Machine Learning},
  pages={19274--19286},
  year={2023},
  organization={PMLR}
}

@article{chen2023accelerating,
  title={Accelerating large language model decoding with speculative sampling},
  author={Chen, Charlie and Borgeaud, Sebastian and Irving, Geoffrey and Lespiau, Jean-Baptiste and Sifre, Laurent and Jumper, John},
  journal={arXiv preprint arXiv:2302.01318},
  year={2023}
}

@article{cai2024medusa,
  title={Medusa: Simple llm inference acceleration framework with multiple decoding heads},
  author={Cai, Tianle and Li, Yuhong and Geng, Zhengyang and Peng, Hongwu and Lee, Jason D and Chen, Deming and Dao, Tri},
  journal={arXiv preprint arXiv:2401.10774},
  year={2024}
}

@article{ankner2024hydra,
  title={Hydra: Sequentially-dependent draft heads for medusa decoding},
  author={Ankner, Zachary and Parthasarathy, Rishab and Nrusimha, Aniruddha and Rinard, Christopher and Ragan-Kelley, Jonathan and Brandon, William},
  journal={arXiv preprint arXiv:2402.05109},
  year={2024}
}

@article{li2024eagle,
  title={Eagle: Speculative sampling requires rethinking feature uncertainty},
  author={Li, Yuhui and Wei, Fangyun and Zhang, Chao and Zhang, Hongyang},
  journal={arXiv preprint arXiv:2401.15077},
  year={2024}
}

@article{li2024eagle2,
  title={Eagle-2: Faster inference of language models with dynamic draft trees},
  author={Li, Yuhui and Wei, Fangyun and Zhang, Chao and Zhang, Hongyang},
  journal={arXiv preprint arXiv:2406.16858},
  year={2024}
}

@article{arora2022exposure,
  title={Why exposure bias matters: An imitation learning perspective of error accumulation in language generation},
  author={Arora, Kushal and Asri, Layla El and Bahuleyan, Hareesh and Cheung, Jackie Chi Kit},
  journal={arXiv preprint arXiv:2204.01171},
  year={2022}
}

@article{xia2024unlocking,
  title={Unlocking efficiency in large language model inference: A comprehensive survey of speculative decoding},
  author={Xia, Heming and Yang, Zhe and Dong, Qingxiu and Wang, Peiyi and Li, Yongqi and Ge, Tao and Liu, Tianyu and Li, Wenjie and Sui, Zhifang},
  journal={arXiv preprint arXiv:2401.07851},
  year={2024}
}

@article{jiang2024mixtral,
  title={Mixtral of experts},
  author={Jiang, Albert Q and Sablayrolles, Alexandre and Roux, Antoine and Mensch, Arthur and Savary, Blanche and Bamford, Chris and Chaplot, Devendra Singh and Casas, Diego de las and Hanna, Emma Bou and Bressand, Florian and others},
  journal={arXiv preprint arXiv:2401.04088},
  year={2024}
}

@article{li2022contrastive,
  title={Contrastive decoding: Open-ended text generation as optimization},
  author={Li, Xiang Lisa and Holtzman, Ari and Fried, Daniel and Liang, Percy and Eisner, Jason and Hashimoto, Tatsunori and Zettlemoyer, Luke and Lewis, Mike},
  journal={arXiv preprint arXiv:2210.15097},
  year={2022}
}

@article{shi2024unchosen,
  title={Unchosen Experts Can Contribute Too: Unleashing MoE Models' Power by Self-Contrast},
  author={Shi, Chufan and Yang, Cheng and Zhu, Xinyu and Wang, Jiahao and Wu, Taiqiang and Li, Siheng and Cai, Deng and Yang, Yujiu and Meng, Yu},
  journal={arXiv preprint arXiv:2405.14507},
  year={2024}
}

@article{miao2023specinfer,
  title={SpecInfer: Accelerating Generative Large Language Model Serving with Tree-based Speculative Inference and Verification},
  author={Miao, Xupeng and Oliaro, Gabriele and Zhang, Zhihao and Cheng, Xinhao and Wang, Zeyu and Zhang, Zhengxin and Wong, Rae Ying Yee and Zhu, Alan and Yang, Lijie and Shi, Xiaoxiang and others},
  journal={arXiv preprint arXiv:2305.09781},
  year={2023}
}

@article{tonmoy2024comprehensive,
  title={A comprehensive survey of hallucination mitigation techniques in large language models},
  author={Tonmoy, SM and Zaman, SM and Jain, Vinija and Rani, Anku and Rawte, Vipula and Chadha, Aman and Das, Amitava},
  journal={arXiv preprint arXiv:2401.01313},
  year={2024}
}

@article{liu2024exploring,
  title={Exploring and evaluating hallucinations in llm-powered code generation},
  author={Liu, Fang and Liu, Yang and Shi, Lin and Huang, Houkun and Wang, Ruifeng and Yang, Zhen and Zhang, Li and Li, Zhongqi and Ma, Yuchi},
  journal={arXiv preprint arXiv:2404.00971},
  year={2024}
}


@article{o2023contrastive,
  title={Contrastive decoding improves reasoning in large language models},
  author={O'Brien, Sean and Lewis, Mike},
  journal={arXiv preprint arXiv:2309.09117},
  year={2023}
}

@article{chuang2023dola,
  title={Dola: Decoding by contrasting layers improves factuality in large language models},
  author={Chuang, Yung-Sung and Xie, Yujia and Luo, Hongyin and Kim, Yoon and Glass, James and He, Pengcheng},
  journal={arXiv preprint arXiv:2309.03883},
  year={2023}
}

@misc{vicuna2023,
    title = {Vicuna: An Open-Source Chatbot Impressing GPT-4 with 90\%* ChatGPT Quality},
    url = {https://lmsys.org/blog/2023-03-30-vicuna/},
    author = {Chiang, Wei-Lin and Li, Zhuohan and Lin, Zi and Sheng, Ying and Wu, Zhanghao and Zhang, Hao and Zheng, Lianmin and Zhuang, Siyuan and Zhuang, Yonghao and Gonzalez, Joseph E. and Stoica, Ion and Xing, Eric P.},
    month = {March},
    year = {2023}
}

@article{touvron2023llama,
  title={Llama: Open and efficient foundation language models (2023)},
  author={Touvron, Hugo and Lavril, Thibaut and Izacard, Gautier and Martinet, Xavier and Lachaux, Marie-Anne and Lacroix, Timoth{\'e}e and Rozi{\`e}re, Baptiste and Goyal, Naman and Hambro, Eric and Azhar, Faisal and others},
  journal={arXiv preprint arXiv:2302.13971},
  year={2023}
}

@misc{llama3,
  author = {{Meta}},
  title = {{LLaMA3}},
  year = {2024},
  publisher = {GitHub},
  journal = {GitHub repository},
  howpublished = {\url{https://github.com/pytorch-labs/gpt-fast/}}
}

@article{zheng2023judging,
  title={Judging LLM-as-a-judge with MT-Bench and Chatbot Arena},
  author={Zheng, Lianmin and Chiang, Wei-Lin and Sheng, Ying and Zhuang, Siyuan and Wu, Zhanghao and Zhuang, Yonghao and Lin, Zi and Li, Zhuohan and Li, Dacheng and Xing, Eric and others},
  journal={arXiv preprint arXiv:2306.05685},
  year={2023}
}

@article{chen2021evaluating,
  title={Evaluating large language models trained on code},
  author={Chen, Mark and Tworek, Jerry and Jun, Heewoo and Yuan, Qiming and Pinto, Henrique Ponde de Oliveira and Kaplan, Jared and Edwards, Harri and Burda, Yuri and Joseph, Nicholas and Brockman, Greg and others},
  journal={arXiv preprint arXiv:2107.03374},
  year={2021}
}

@article{cobbe2021training,
  title={Training verifiers to solve math word problems},
  author={Cobbe, Karl and Kosaraju, Vineet and Bavarian, Mohammad and Chen, Mark and Jun, Heewoo and Kaiser, Lukasz and Plappert, Matthias and Tworek, Jerry and Hilton, Jacob and Nakano, Reiichiro and others},
  journal={arXiv preprint arXiv:2110.14168},
  year={2021}
}

@misc{alpaca,
  author = {Rohan Taori and Ishaan Gulrajani and Tianyi Zhang and Yann Dubois and Xuechen Li and Carlos Guestrin and Percy Liang and Tatsunori B. Hashimoto },
  title = {Stanford Alpaca: An Instruction-following LLaMA model},
  year = {2023},
  publisher = {GitHub},
  journal = {GitHub repository},
  howpublished = {\url{https://github.com/tatsu-lab/stanford_alpaca}},
}

@article{nallapati2016abstractive,
  title={Abstractive text summarization using sequence-to-sequence rnns and beyond},
  author={Nallapati, Ramesh and Zhou, Bowen and Gulcehre, Caglar and Xiang, Bing and others},
  journal={arXiv preprint arXiv:1602.06023},
  year={2016}
}

@article{kwiatkowski2019natural,
  title={Natural questions: a benchmark for question answering research},
  author={Kwiatkowski, Tom and Palomaki, Jennimaria and Redfield, Olivia and Collins, Michael and Parikh, Ankur and Alberti, Chris and Epstein, Danielle and Polosukhin, Illia and Devlin, Jacob and Lee, Kenton and others},
  journal={Transactions of the Association for Computational Linguistics},
  volume={7},
  pages={453--466},
  year={2019},
  publisher={MIT Press One Rogers Street, Cambridge, MA 02142-1209, USA journals-info~…}
}

@article{stern2018blockwise,
  title={Blockwise parallel decoding for deep autoregressive models},
  author={Stern, Mitchell and Shazeer, Noam and Uszkoreit, Jakob},
  journal={Advances in Neural Information Processing Systems},
  volume={31},
  year={2018}
}

@article{sun2021instantaneous,
  title={Instantaneous grammatical error correction with shallow aggressive decoding},
  author={Sun, Xin and Ge, Tao and Wei, Furu and Wang, Houfeng},
  journal={arXiv preprint arXiv:2106.04970},
  year={2021}
}

@article{ori_moe1,
  author    = {Robert A. Jacobs and
               Michael I. Jordan and
               Steven J. Nowlan and
               Geoffrey E. Hinton},
  title     = {Adaptive Mixtures of Local Experts},
  journal   = {Neural Computing},
  volume    = {3},
  number    = {1},
  pages     = {79--87},
  year      = {1991},
  url       = {https://doi.org/10.1162/neco.1991.3.1.79},
}

@article{ori_moe2,
  author    = {Michael I. Jordan and
               Robert A. Jacobs},
  title     = {Hierarchical Mixtures of Experts and the {EM} Algorithm},
  journal   = {Neural Computing},
  volume    = {6},
  number    = {2},
  pages     = {181--214},
  year      = {1994},
  url       = {https://doi.org/10.1162/neco.1994.6.2.181},
}

@inproceedings{gshard,
  author    = {Dmitry Lepikhin and
               HyoukJoong Lee and
               Yuanzhong Xu and
               Dehao Chen and
               Orhan Firat and
               Yanping Huang and
               Maxim Krikun and
               Noam Shazeer and
               Zhifeng Chen},
  title     = {GShard: Scaling Giant Models with Conditional Computation and Automatic Sharding},
  booktitle = {9th International Conference on Learning Representations, {ICLR} 2021},
  publisher = {OpenReview.net},
  year      = {2021},
  url       = {https://openreview.net/forum?id=qrwe7XHTmYb},
}

@article{switch,
  author    = {William Fedus and
               Barret Zoph and
               Noam Shazeer},
  title     = {Switch Transformers: Scaling to Trillion Parameter Models with Simple and Efficient Sparsity},
  journal   = {CoRR},
  volume    = {abs/2101.03961},
  year      = {2021},
  url       = {https://arxiv.org/abs/2101.03961},
  archivePrefix = {arXiv},
  eprint    = {2101.03961},
}

@inproceedings{stablemoe,
  author       = {Damai Dai and
                  Li Dong and
                  Shuming Ma and
                  Bo Zheng and
                  Zhifang Sui and
                  Baobao Chang and
                  Furu Wei},
  editor       = {Smaranda Muresan and
                  Preslav Nakov and
                  Aline Villavicencio},
  title        = {StableMoE: Stable Routing Strategy for Mixture of Experts},
  booktitle    = {Proceedings of the 60th Annual Meeting of the Association for Computational
                  Linguistics (Volume 1: Long Papers), {ACL} 2022, Dublin, Ireland,
                  May 22-27, 2022},
  pages        = {7085--7095},
  publisher    = {Association for Computational Linguistics},
  year         = {2022},
  url          = {https://doi.org/10.18653/v1/2022.acl-long.489},
  doi          = {10.18653/V1/2022.ACL-LONG.489},
}

@inproceedings{glam,
  author       = {Nan Du and
                  Yanping Huang and
                  Andrew M. Dai and
                  Simon Tong and
                  Dmitry Lepikhin and
                  Yuanzhong Xu and
                  Maxim Krikun and
                  Yanqi Zhou and
                  Adams Wei Yu and
                  Orhan Firat and
                  Barret Zoph and
                  Liam Fedus and
                  Maarten P. Bosma and
                  Zongwei Zhou and
                  Tao Wang and
                  Yu Emma Wang and
                  Kellie Webster and
                  Marie Pellat and
                  Kevin Robinson and
                  Kathleen S. Meier{-}Hellstern and
                  Toju Duke and
                  Lucas Dixon and
                  Kun Zhang and
                  Quoc V. Le and
                  Yonghui Wu and
                  Zhifeng Chen and
                  Claire Cui},
  title        = {GLaM: Efficient Scaling of Language Models with Mixture-of-Experts},
  booktitle    = {International Conference on Machine Learning, {ICML} 2022, 17-23 July
                  2022, Baltimore, Maryland, {USA}},
  series       = {Proceedings of Machine Learning Research},
  volume       = {162},
  pages        = {5547--5569},
  publisher    = {{PMLR}},
  year         = {2022},
  url          = {https://proceedings.mlr.press/v162/du22c.html},
}

@misc{openmoe,
  author = {Fuzhao Xue and Zian Zheng and Yao Fu and Jinjie Ni and Zangwei Zheng and Wangchunshu Zhou and Yang You},
  title = {OpenMoE: Open Mixture-of-Experts Language Models},
  year = {2023},
  publisher = {GitHub},
  journal = {GitHub repository},
  howpublished = {\url{https://github.com/XueFuzhao/OpenMoE}},
}

@inproceedings{moe,
  author    = {Noam Shazeer and
               Azalia Mirhoseini and
               Krzysztof Maziarz and
               Andy Davis and
               Quoc V. Le and
               Geoffrey E. Hinton and
               Jeff Dean},
  title     = {Outrageously Large Neural Networks: The Sparsely-Gated Mixture-of-Experts Layer},
  booktitle = {5th International Conference on Learning Representations, {ICLR} 2017},
  publisher = {OpenReview.net},
  year      = {2017},
  url       = {https://openreview.net/forum?id=B1ckMDqlg},
}

@inproceedings{parallel_dec_1,
    title = "Mask-Predict: Parallel Decoding of Conditional Masked Language Models",
    author = "Ghazvininejad, Marjan  and
      Levy, Omer  and
      Liu, Yinhan  and
      Zettlemoyer, Luke",
    booktitle = "Proceedings of the 2019 Conference on Empirical Methods in Natural Language Processing and the 9th International Joint Conference on Natural Language Processing (EMNLP-IJCNLP)",
    month = nov,
    year = "2019",
    address = "Hong Kong, China",
    publisher = "Association for Computational Linguistics",
    pages = "6112--6121",
}

@inproceedings{parallel_dec_2,
    title = "Accelerating Transformer Inference for Translation via Parallel Decoding",
    author = "Santilli, Andrea  and
      Severino, Silvio  and
      Postolache, Emilian  and
      Maiorca, Valentino  and
      Mancusi, Michele  and
      Marin, Riccardo  and
      Rodola, Emanuele",
    editor = "Rogers, Anna  and
      Boyd-Graber, Jordan  and
      Okazaki, Naoaki",
    booktitle = "Proceedings of the 61st Annual Meeting of the Association for Computational Linguistics (Volume 1: Long Papers)",
    month = jul,
    year = "2023",
    address = "Toronto, Canada",
    publisher = "Association for Computational Linguistics",
    pages = "12336--12355",
}

@article{monea2023pass,
  title={Pass: Parallel speculative sampling},
  author={Monea, Giovanni and Joulin, Armand and Grave, Edouard},
  journal={arXiv preprint arXiv:2311.13581},
  year={2023}
}

@inproceedings{yi-etal-2024-generation,
    title = "Generation Meets Verification: Accelerating Large Language Model Inference with Smart Parallel Auto-Correct Decoding",
    author = "Yi, Hanling  and
      Lin, Feng  and
      Li, Hongbin  and
      Peiyang, Ning  and
      Yu, Xiaotian  and
      Xiao, Rong",
    booktitle = "Findings of the Association for Computational Linguistics ACL 2024",
    month = aug,
    year = "2024",
    address = "Bangkok, Thailand and virtual meeting",
    publisher = "Association for Computational Linguistics",
    pages = "5285--5299",
}

@article{meta_multitoken,
  title   = {Better \& Faster Large Language Models via Multi-token Prediction},
  author  = {Fabian Gloeckle and Badr Youbi Idrissi and Baptiste Rozière and David Lopez-Paz and Gabriel Synnaeve},
  year    = {2024},
  journal = {arXiv preprint arXiv: 2404.19737}
}