@article{simbiology,
  title={Meal simulation model of the glucose-insulin system},
  author={Dalla Man, Chiara and Rizza, Robert A and Cobelli, Claudio},
  journal={IEEE Transactions on biomedical engineering},
  volume={54},
  number={10},
  pages={1740--1749},
  year={2007},
  publisher={IEEE}
}

