@article{brehmer2022weakly,
  title={Weakly supervised causal representation learning},
  author={Brehmer, Johann and De Haan, Pim and Lippe, Phillip and Cohen, Taco S},
  journal={Advances in Neural Information Processing Systems},
  volume={35},
  pages={38319--38331},
  year={2022}
}


@article{covid_postt,
  title={Effectiveness of Pfizer-BioNTech and Moderna vaccines against COVID-19 among hospitalized adults aged≥ 65 years—United States, January--March 2021},
  author={Tenforde, Mark W},
  journal={MMWR. Morbidity and mortality weekly report},
  volume={70},
  year={2021}
}


@InProceedings{pmlr-v119-locatello20a,
  title = 	 {Weakly-Supervised Disentanglement Without Compromises},
  author =       {Locatello, Francesco and Poole, Ben and Raetsch, Gunnar and Sch{\"o}lkopf, Bernhard and Bachem, Olivier and Tschannen, Michael},
  booktitle = 	 {Proceedings of the 37th International Conference on Machine Learning},
  pages = 	 {6348--6359},
  year = 	 {2020},
  editor = 	 {III, Hal Daumé and Singh, Aarti},
  volume = 	 {119},
  series = 	 {Proceedings of Machine Learning Research},
  month = 	 {13--18 Jul},
  publisher =    {PMLR},
  pdf = 	 {http://proceedings.mlr.press/v119/locatello20a/locatello20a.pdf},
  url = 	 {https://proceedings.mlr.press/v119/locatello20a.html},
  abstract = 	 {Intelligent agents should be able to learn useful representations by observing changes in their environment. We model such observations as pairs of non-i.i.d. images sharing at least one of the underlying factors of variation. First, we theoretically show that only knowing how many factors have changed, but not which ones, is sufficient to learn disentangled representations. Second, we provide practical algorithms that learn disentangled representations from pairs of images without requiring annotation of groups, individual factors, or the number of factors that have changed. Third, we perform a large-scale empirical study and show that such pairs of observations are sufficient to reliably learn disentangled representations on several benchmark data sets. Finally, we evaluate our learned representations and find that they are simultaneously useful on a diverse suite of tasks, including generalization under covariate shifts, fairness, and abstract reasoning. Overall, our results demonstrate that weak supervision enables learning of useful disentangled representations in realistic scenarios.}
}


@misc{
locatello2019disentangling,
title={Disentangling Factors of Variations Using Few Labels},
author={Francesco Locatello and Michael Tschannen and Stefan Bauer and Gunnar R{\textasciidieresis}{\textasciidieresis}{\"a}tsch and Bernhard Sch{\"o}lkopf and Olivier Bachem},
year={2019},
url={https://openreview.net/forum?id=SkGy6hjvPE}
}

@inproceedings{locatello2019challenging,
  title={Challenging common assumptions in the unsupervised learning of disentangled representations},
  author={Locatello, Francesco and Bauer, Stefan and Lucic, Mario and Raetsch, Gunnar and Gelly, Sylvain and Sch{\"o}lkopf, Bernhard and Bachem, Olivier},
  booktitle={international conference on machine learning},
  pages={4114--4124},
  year={2019},
  organization={PMLR}
}

@article{ahuja2023multi,
  title={Multi-Domain Causal Representation Learning via Weak Distributional Invariances},
  author={Ahuja, Kartik and Mansouri, Amin and Wang, Yixin},
  journal={arXiv preprint arXiv:2310.02854},
  year={2023}
}


@inproceedings{Gondal2019OnTT,
  title={On the Transfer of Inductive Bias from Simulation to the Real World: a New Disentanglement Dataset},
  author={Muhammad Waleed Gondal and Manuel W{\"u}thrich and Ðorðe Miladinovic and Francesco Locatello and Martin Breidt and Valentin Volchkov and Joel Bessekon Akpo and Olivier Bachem and Bernhard Scholkopf and Stefan Bauer},
  booktitle={Neural Information Processing Systems},
  year={2019},
  url={https://api.semanticscholar.org/CorpusID:182952649}
}

@article{Cruz2022AutoencoderFS,
  title={Autoencoder for Synthetic to Real Generalization: From Simple to More Complex Scenes},
  author={Steve Dias da Cruz and Bertram Taetz and Thomas Stifter and Didier Stricker},
  journal={2022 26th International Conference on Pattern Recognition (ICPR)},
  year={2022},
  pages={5060-5066},
  url={https://api.semanticscholar.org/CorpusID:247922698}
}


@article{vonKgelgen2023NonparametricIO,
  title={Nonparametric Identifiability of Causal Representations from Unknown Interventions},
  author={Julius von K{\"u}gelgen and Michel Besserve and Wendong Liang and Luigi Gresele and Armin Keki'c and Elias Bareinboim and David M. Blei and Bernhard Scholkopf},
  journal={ArXiv},
  year={2023},
  volume={abs/2306.00542},
  url={https://api.semanticscholar.org/CorpusID:258999192}
}



@article{gdpr,
  title={The eu general data protection regulation (gdpr)},
  author={Voigt, Paul and Von dem Bussche, Axel},
  journal={A Practical Guide, 1st Ed., Cham: Springer International Publishing},
  volume={10},
  pages={3152676},
  year={2017},
  publisher={Springer}
}

@inproceedings{vaeica,
  title={Variational autoencoders and nonlinear ica: A unifying framework},
  author={Khemakhem, Ilyes and Kingma, Diederik and Monti, Ricardo and Hyvarinen, Aapo},
  booktitle={International Conference on Artificial Intelligence and Statistics},
  pages={2207--2217},
  year={2020},
  organization={PMLR}
}


@article{nonlinearirm,
  title={Nonlinear invariant risk minimization: A causal approach},
  author={Lu, Chaochao and Wu, Yuhuai and Hern{\'a}ndez-Lobato, Jo{\'s}e Miguel and Sch{\"o}lkopf, Bernhard},
  journal={arXiv preprint arXiv:2102.12353},
  year={2021}
}

@article{shen2022weakly,
  title={Weakly supervised disentangled generative causal representation learning},
  author={Shen, Xinwei and Liu, Furui and Dong, Hanze and Lian, Qing and Chen, Zhitang and Zhang, Tong},
  journal={The Journal of Machine Learning Research},
  volume={23},
  number={1},
  pages={10994--11048},
  year={2022},
  publisher={JMLRORG}
}


@article{jin2023learning,
  title={Learning Causal Representations from General Environments: Identifiability and Intrinsic Ambiguity},
  author={Jin, Jikai and Syrgkanis, Vasilis},
  journal={arXiv preprint arXiv:2311.12267},
  year={2023}
}

@inproceedings{ahuja2023interventional,
  title={Interventional causal representation learning},
  author={Ahuja, Kartik and Mahajan, Divyat and Wang, Yixin and Bengio, Yoshua},
  booktitle={International conference on machine learning},
  pages={372--407},
  year={2023},
  organization={PMLR}
}

@inproceedings{lu2021invariant,
  title={Invariant causal representation learning for out-of-distribution generalization},
  author={Lu, Chaochao and Wu, Yuhuai and Hern{\'a}ndez-Lobato, Jos{\'e} Miguel and Sch{\"o}lkopf, Bernhard},
  booktitle={International Conference on Learning Representations},
  year={2021}
}

@article{dubois2022improving,
  title={Improving self-supervised learning by characterizing idealized representations},
  author={Dubois, Yann and Ermon, Stefano and Hashimoto, Tatsunori B and Liang, Percy S},
  journal={Advances in Neural Information Processing Systems},
  volume={35},
  pages={11279--11296},
  year={2022}
}

@article{von2021self,
  title={Self-supervised learning with data augmentations provably isolates content from style},
  author={Von K{\"u}gelgen, Julius and Sharma, Yash and Gresele, Luigi and Brendel, Wieland and Sch{\"o}lkopf, Bernhard and Besserve, Michel and Locatello, Francesco},
  journal={Advances in neural information processing systems},
  volume={34},
  pages={16451--16467},
  year={2021}
}

@inproceedings{intintertrn,
  title={Inducing causal structure for interpretable neural networks},
  author={Geiger, Atticus and Wu, Zhengxuan and Lu, Hanson and Rozner, Josh and Kreiss, Elisa and Icard, Thomas and Goodman, Noah and Potts, Christopher},
  booktitle={International Conference on Machine Learning},
  pages={7324--7338},
  year={2022},
  organization={PMLR}
}

@inproceedings{weaklytotal,
  title={Weakly-supervised group disentanglement using total correlation},
  author={Tran, Linh and Taghanaki, Saeid Asgari and Khasahmadi, Amir Hosein and Sanghi, Aditya},
  booktitle={Workshop on Weakly Supervised Learning (WeaSuL) at the International Conference on Learning Representations (ICLR)},
  year={2021}
}

@inproceedings{yang2021causalvae,
  title={Causalvae: Disentangled representation learning via neural structural causal models},
  author={Yang, Mengyue and Liu, Furui and Chen, Zhitang and Shen, Xinwei and Hao, Jianye and Wang, Jun},
  booktitle={Proceedings of the IEEE/CVF conference on computer vision and pattern recognition},
  pages={9593--9602},
  year={2021}
}

@article{karimi2020algorithmic,
  title={Algorithmic recourse under imperfect causal knowledge: a probabilistic approach},
  author={Karimi, Amir-Hossein and Von K{\"u}gelgen, Julius and Sch{\"o}lkopf, Bernhard and Valera, Isabel},
  journal={Advances in neural information processing systems},
  volume={33},
  pages={265--277},
  year={2020}
}


@conference{karimi_algorec_fromctr_int,
  title = {Algorithmic Recourse: from Counterfactual Explanations to Interventions},
  author = {Karimi, A.-H. and Sch{\"o}lkopf, B. and Valera, I.},
  booktitle = {FAccT '21: Proceedings of the 2021 ACM Conference on Fairness, Accountability, and Transparency},
  pages = {353--362},
  editors = {Madeleine Clare Elish and William Isaac and Richard S. Zemel},
  publisher = {ACM},
  address = {New York, NY},
  month = mar,
  year = {2021},
  doi = {10.1145/3442188.3445899},
  url = {https://doi.org/10.1145/3442188.3445899},
  month_numeric = {3}
}


@inproceedings{squires2023linear,
  title={Linear causal disentanglement via interventions},
  author={Squires, Chandler and Seigal, Anna and Bhate, Salil S and Uhler, Caroline},
  booktitle={International Conference on Machine Learning},
  pages={32540--32560},
  year={2023},
  organization={PMLR}
}

@inproceedings{saunshi2022understanding,
  title={Understanding contrastive learning requires incorporating inductive biases},
  author={Saunshi, Nikunj and Ash, Jordan and Goel, Surbhi and Misra, Dipendra and Zhang, Cyril and Arora, Sanjeev and Kakade, Sham and Krishnamurthy, Akshay},
  booktitle={International Conference on Machine Learning},
  pages={19250--19286},
  year={2022},
  organization={PMLR}
}


@article{zimmermann2021cl,
  author = {
    Zimmermann, Roland S. and
    Sharma, Yash and
    Schneider, Steffen and
    Bethge, Matthias and
    Brendel, Wieland
  },
  title = {
    Contrastive Learning Inverts
    the Data Generating Process
  },
  booktitle = {Proceedings of the 38th International Conference on Machine Learning,
    {ICML} 2021, 18-24 July 2021, Virtual Event},
  series = {Proceedings of Machine Learning Research},
  volume = {139},
  pages = {12979--12990},
  publisher = {{PMLR}},
  year = {2021},
  url = {http://proceedings.mlr.press/v139/zimmermann21a.html},
}

@inproceedings{vae_grouped_observations,
  title={Multi-level variational autoencoder: Learning disentangled representations from grouped observations},
  author={Bouchacourt, Diane and Tomioka, Ryota and Nowozin, Sebastian},
  booktitle={Proceedings of the AAAI Conference on Artificial Intelligence},
  volume={32},
  number={1},
  year={2018}
}

@article{eastwood2023self,
  title={Self-Supervised Disentanglement by Leveraging Structure in Data Augmentations},
  author={Eastwood, Cian and von K{\"u}gelgen, Julius and Ericsson, Linus and Bouchacourt, Diane and Vincent, Pascal and Sch{\"o}lkopf, Bernhard and Ibrahim, Mark},
  journal={arXiv preprint arXiv:2311.08815},
  year={2023}
}

@article{wiles2021fine,
  title={A fine-grained analysis on distribution shift},
  author={Wiles, Olivia and Gowal, Sven and Stimberg, Florian and Alvise-Rebuffi, Sylvestre and Ktena, Ira and Dvijotham, Krishnamurthy and Cemgil, Taylan},
  journal={arXiv preprint arXiv:2110.11328},
  year={2021}
}


@article{xlearner,
  title={Metalearners for estimating heterogeneous treatment effects using machine learning},
  author={K{\"u}nzel, S{\"o}ren R and Sekhon, Jasjeet S and Bickel, Peter J and Yu, Bin},
  journal={Proceedings of the national academy of sciences},
  volume={116},
  number={10},
  pages={4156--4165},
  year={2019},
  publisher={National Acad Sciences}
}


% recourse as counterfactual explanations

@inproceedings{tolomei2017interpretable,
  title={Interpretable predictions of tree-based ensembles via actionable feature tweaking},
  author={Tolomei, Gabriele and Silvestri, Fabrizio and Haines, Andrew and Lalmas, Mounia},
  booktitle={Proceedings of the ACM SIGKDD International Conference on Knowledge Discovery \& Data Mining (KDD)},
  year={2017},
  organization={ACM}
}

@article{laugel2017inverse,
  title={Inverse Classification for Comparison-based Interpretability in Machine Learning},
  author={Laugel, Thibault and Lesot, Marie-Jeanne and Marsala, Christophe and Renard, Xavier and Detyniecki, Marcin},
  journal={arXiv preprint arXiv:1712.08443},
  year={2017}
}

@article{wachter2017counterfactual,
  title={Counterfactual explanations without opening the black box: automated decisions and the GDPR},
  author={Wachter, Sandra and Mittelstadt, Brent and Russell, Chris},
  journal={Harvard Journal of Law \& Technology},
  volume={31},
  number={2},
  year={2018}
}


@article{van2019interpretable,
  title={Interpretable counterfactual explanations guided by prototypes},
  author={Van Looveren, Arnaud and Klaise, Janis},
  journal={arXiv preprint arXiv:1907.02584},
  year={2019}
}

@inproceedings{pawelczyk2019,
  author = {Pawelczyk, Martin and Broelemann, Klaus and Kasneci, Gjergji},
  title = {Learning Model-Agnostic Counterfactual Explanations for Tabular Data},
  year = {2020},
  publisher = {ACM},
  booktitle = {Proceedings of The Web Conference 2020 (WWW)}
  }

@article{mahajan2019preserving,
  title={Preserving causal constraints in counterfactual explanations for machine learning classifiers},
  author={Mahajan, Divyat and Tan, Chenhao and Sharma, Amit},
  journal={arXiv preprint arXiv:1912.03277},
  year={2019}
}


@inproceedings{mothilal2020fat,
author = {Mothilal, Ramaravind K. and Sharma, Amit and Tan, Chenhao},
title = {Explaining Machine Learning Classifiers through Diverse Counterfactual Explanations},
  booktitle={Proceedings of the Conference on Fairness, Accountability, and Transparency (FAT*)},
year = {2020},
}


@InProceedings{karimi2019model,
  title = 	 {Model-Agnostic Counterfactual Explanations for Consequential Decisions},
  author =       {Karimi, Amir-Hossein and Barthe, Gilles and Balle, Borja and Valera, Isabel},
  booktitle={International Conference on Artificial Intelligence and Statistics (AISTATS)},
  year={2020}
}



@inproceedings{dandl2020multi,
  title={Multi-objective counterfactual explanations},
  author={Dandl, Susanne and Molnar, Christoph and Binder, Martin and Bischl, Bernd},
  booktitle={International Conference on Parallel Problem Solving from Nature},
  pages={448--469},
  year={2020},
  organization={Springer}
}


@inproceedings{antoran2020getting,
      title={Getting a CLUE: A Method for Explaining Uncertainty Estimates}, 
      author={Javier Antorán and Umang Bhatt and Tameem Adel and Adrian Weller and José Miguel Hernández-Lobato},
      year={2021},
booktitle={International Conference on Learning Representations (ICLR)},
}

@article{spooner2021counterfactual,
  title={Counterfactual Explanations for Arbitrary Regression Models},
  author={Spooner, Thomas and Dervovic, Danial and Long, Jason and Shepard, Jon and Chen, Jiahao and Magazzeni, Daniele},
  journal={arXiv:2106.15212},
  year={2021}
}

@inproceedings{nagalapatti2022learning,
  title={Learning Recourse on Instance Environment to Enhance Prediction Accuracy},
  author={Nagalapatti, Lokesh and Koushik, Guntakanti Sai and De, Abir and Sarawagi, Sunita},
  booktitle={Advances in Neural Information Processing Systems},
  year={2022}
}


% unreliable recourse
@InProceedings{pawelczyk2020multiplicity,
  title = 	 {On Counterfactual Explanations under Predictive Multiplicity},
  author =       {Pawelczyk, Martin and Broelemann, Klaus and Kasneci, Gjergji.},
  booktitle = {Proceedings of the 36th Conference on Uncertainty in Artificial Intelligence (UAI)},
  pages = 	 {809--818},
  year = 	 {2020},
  publisher =    {PMLR},
  }

  
@article{rawal2021modelshifts,
      title={Algorithmic Recourse in the Wild: Understanding the Impact of Data and Model Shifts}, 
      author={Kaivalya Rawal and Ece Kamar and Himabindu Lakkaraju},
      year={2021},
      journal={arXiv:2012.11788},
}


@article{Bjorkegren2020manipulation,
    title={Manipulation-proof machine learning},
    author={Daniel Bj\"orkegren and Joshua E. Blumenstock and Samsun Knight},
    year={2020},
    journal={arXiv:2004.03865},
    archivePrefix={arXiv},
    primaryClass={cs.LG}
}



% actionable recourse

@inproceedings{Ustun2019ActionableRI,
  title={Actionable Recourse in Linear Classification},
  author={Berk Ustun and Alexander Spangher and Y. Liu},
  booktitle={Proceedings of the Conference on Fairness, Accountability, and Transparency (FAT*)},
  year={2019}
}

@inproceedings{pairnet,
  author       = {Lokesh Nagalapatti and
                  Pranava Singhal and
                  Avishek Ghosh and
                  Sunita Sarawagi},
  title        = {PairNet: Training with Observed Pairs to Estimate Individual Treatment
                  Effect},
  booktitle    = {Forty-first International Conference on Machine Learning, {ICML} 2024,
                  Vienna, Austria, July 21-27, 2024},
  publisher    = {OpenReview.net},
  year         = {2024},
  url          = {https://openreview.net/forum?id=o5SVr80Rgg},
  timestamp    = {Mon, 02 Sep 2024 16:55:25 +0200},
  biburl       = {https://dblp.org/rec/conf/icml/NagalapattiSGS24.bib},
  bibsource    = {dblp computer science bibliography, https://dblp.org}
}

@inproceedings{rawal2020interpretable,
 title={Interpretable and Interactive Summaries ofActionable Recourses},
  author={Rawal, Kaivalya and Lakkaraju, Himabindu},
 booktitle = {Advances in Neural Information Processing Systems (NeurIPS)},
 pages = {},
 volume = {33},
 year = {2020}
}


@inproceedings{karimi2020probabilistic,
title={Algorithmic recourse under imperfect causal knowledge: a probabilistic approach},
author={Karimi, Amir-Hossein and von K{\"u}gelgen, Julius and Sch{\"o}lkopf, Bernhard and Valera, Isabel},
year={2020},
 booktitle={Conference on Neural Information Processing Systems (NeurIPS)},
}


% disentangled representations

@article{disent_0,
  title={Towards a definition of disentangled representations},
  author={Higgins, Irina and Amos, David and Pfau, David and Racaniere, Sebastien and Matthey, Loic and Rezende, Danilo and Lerchner, Alexander},
  journal={arXiv preprint arXiv:1812.02230},
  year={2018}
}


@article{disent_1,
  title={Representation learning: A review and new perspectives},
  author={Bengio, Yoshua and Courville, Aaron and Vincent, Pascal},
  journal={IEEE transactions on pattern analysis and machine intelligence},
  volume={35},
  number={8},
  pages={1798--1828},
  year={2013},
  publisher={IEEE}
}

@inproceedings{disent_2,
  title={Robustly disentangled causal mechanisms: Validating deep representations for interventional robustness},
  author={Suter, Raphael and Miladinovic, Djordje and Sch{\"o}lkopf, Bernhard and Bauer, Stefan},
  booktitle={International Conference on Machine Learning},
  pages={6056--6065},
  year={2019},
  organization={PMLR}
}

@inproceedings{disent_3,
  title={On causally disentangled representations},
  author={Reddy, Abbavaram Gowtham and Balasubramanian, Vineeth N and others},
  booktitle={Proceedings of the AAAI Conference on Artificial Intelligence},
  volume={36},
  number={7},
  pages={8089--8097},
  year={2022}
}


@inproceedings{disent_4,
  title={Robustly disentangled causal mechanisms: Validating deep representations for interventional robustness},
  author={Suter, Raphael and Miladinovic, Djordje and Sch{\"o}lkopf, Bernhard and Bauer, Stefan},
  booktitle={International Conference on Machine Learning},
  pages={6056--6065},
  year={2019},
  organization={PMLR}
}

@article{disent_5,
  title={Learning debiased representation via disentangled feature augmentation},
  author={Lee, Jungsoo and Kim, Eungyeup and Lee, Juyoung and Lee, Jihyeon and Choo, Jaegul},
  journal={Advances in Neural Information Processing Systems},
  volume={34},
  pages={25123--25133},
  year={2021}
}



% VAE based reps

@article{vae_1,
  title={Recent advances in autoencoder-based representation learning},
  author={Tschannen, Michael and Bachem, Olivier and Lucic, Mario},
  journal={arXiv preprint arXiv:1812.05069},
  year={2018}
}

@article{vae_2,
  title={Auto-encoding variational bayes},
  author={Kingma, Diederik P and Welling, Max},
  journal={arXiv preprint arXiv:1312.6114},
  year={2013}
}

@inproceedings{vae_beta,
  title={beta-vae: Learning basic visual concepts with a constrained variational framework},
  author={Higgins, Irina and Matthey, Loic and Pal, Arka and Burgess, Christopher and Glorot, Xavier and Botvinick, Matthew and Mohamed, Shakir and Lerchner, Alexander},
  booktitle={International conference on learning representations},
  year={2016}
}

@article{vae_beta_2,
  title={Understanding disentangling in $\backslash$beta $-VAE},
  author={Burgess, Christopher P and Higgins, Irina and Pal, Arka and Matthey, Loic and Watters, Nick and Desjardins, Guillaume and Lerchner, Alexander},
  journal={arXiv preprint arXiv:1804.03599},
  year={2018}
}

@inproceedings{vae_factor,
  title={Disentangling by factorising},
  author={Kim, Hyunjik and Mnih, Andriy},
  booktitle={International Conference on Machine Learning},
  pages={2649--2658},
  year={2018},
  organization={PMLR}
}

@article{vae_tc,
  title={Isolating sources of disentanglement in variational autoencoders},
  author={Chen, Ricky TQ and Li, Xuechen and Grosse, Roger B and Duvenaud, David K},
  journal={Advances in neural information processing systems},
  volume={31},
  year={2018}
}


@article{vae_dip,
  title={Variational inference of disentangled latent concepts from unlabeled observations},
  author={Kumar, Abhishek and Sattigeri, Prasanna and Balakrishnan, Avinash},
  journal={arXiv preprint arXiv:1711.00848},
  year={2017}
}


@article{vae_wass,
  title={Wasserstein auto-encoders},
  author={Tolstikhin, Ilya and Bousquet, Olivier and Gelly, Sylvain and Schoelkopf, Bernhard},
  journal={arXiv preprint arXiv:1711.01558},
  year={2017}
}

% Contrastive learning

@inproceedings{contrast_1,
  title={Data-efficient image recognition with contrastive predictive coding},
  author={Henaff, Olivier},
  booktitle={International conference on machine learning},
  pages={4182--4192},
  year={2020},
  organization={PMLR}
}

@inproceedings{contrast_2,
  author       = {R. Devon Hjelm and
                  Alex Fedorov and
                  Samuel Lavoie{-}Marchildon and
                  Karan Grewal and
                  Philip Bachman and
                  Adam Trischler and
                  Yoshua Bengio},
  title        = {Learning deep representations by mutual information estimation and
                  maximization},
  booktitle    = {7th International Conference on Learning Representations, {ICLR} 2019,
                  New Orleans, LA, USA, May 6-9, 2019},
  publisher    = {OpenReview.net},
  year         = {2019},
  url          = {https://openreview.net/forum?id=Bklr3j0cKX},
  timestamp    = {Thu, 25 Jul 2019 13:03:16 +0200},
  biburl       = {https://dblp.org/rec/conf/iclr/HjelmFLGBTB19.bib},
  bibsource    = {dblp computer science bibliography, https://dblp.org}
}

@article{contrast_3,
  title={Learning representations by maximizing mutual information across views},
  author={Bachman, Philip and Hjelm, R Devon and Buchwalter, William},
  journal={Advances in neural information processing systems},
  volume={32},
  year={2019}
}

@inproceedings{simclr,
  title={A simple framework for contrastive learning of visual representations},
  author={Chen, Ting and Kornblith, Simon and Norouzi, Mohammad and Hinton, Geoffrey},
  booktitle={International conference on machine learning},
  pages={1597--1607},
  year={2020},
  organization={PMLR}
}


% Treatment Effect Estimation

@inproceedings{CurthS23,
  author       = {Alicia Curth and
                  Mihaela van der Schaar},
  title        = {In Search of Insights, Not Magic Bullets: Towards Demystification
                  of the Model Selection Dilemma in Heterogeneous Treatment Effect Estimation},
  booktitle    = {International Conference on Machine Learning, {ICML} 2023, 23-29 July
                  2023, Honolulu, Hawaii, {USA}},
  year         = {2023}
}

@inproceedings{Gao2020,
 author = {Gao, Zijun and Han, Yanjun},
 booktitle = {Advances in Neural Information Processing Systems},
 editor = {H. Larochelle and M. Ranzato and R. Hadsell and M.F. Balcan and H. L\
in},
 pages = {21751--21762},
 publisher = {Curran Associates, Inc.},
 title = {Minimax Optimal Nonparametric Estimation of Heterogeneous Treatment E\
ffects},
 url = {https://proceedings.neurips.cc/paper_files/paper/2020/file/f75b757d3459\
c3e93e98ddab7b903938-Paper.pdf},
 volume = {33},
 year = {2020}
}


@InProceedings{curth21a,
  title = 	 { Nonparametric Estimation of Heterogeneous Treatment Effects: From Theory to Learning Algorithms },
  author =       {Curth, Alicia and van der Schaar, Mihaela},
  booktitle = 	 {Proceedings of The 24th International Conference on Artificial Intelligence and Statistics},
  pages = 	 {1810--1818},
  year = 	 {2021},
  editor = 	 {Banerjee, Arindam and Fukumizu, Kenji},
  volume = 	 {130},
  series = 	 {Proceedings of Machine Learning Research},
  month = 	 {13--15 Apr},
  publisher =    {PMLR},
  pdf = 	 {http://proceedings.mlr.press/v130/curth21a/curth21a.pdf},
}



@article{sai2022learning,
  title={Learning Recourse on Instance Environment to Enhance Prediction Accuracy},
  author={Lokesh N, and Sai Koushik, Guntakanti and De, Abir and Sarawagi, Sunita},
  journal={Advances in Neural Information Processing Systems},
  volume={35},
  pages={25504--25516},
  year={2022}
}


@inproceedings{shalit2017estimating,
  title={Estimating individual treatment effect: generalization bounds and algorithms},
  author={Shalit, Uri and Johansson, Fredrik D and Sontag, David},
  booktitle={International conference on machine learning},
  pages={3076--3085},
  year={2017},
  organization={PMLR}
}

@article{bellot2022generalization,
  title={Generalization bounds and algorithms for estimating conditional average treatment effect of dosage},
  author={Bellot, Alexis and Dhir, Anish and Prando, Giulia},
  journal={arXiv preprint arXiv:2205.14692},
  year={2022}
}

@inproceedings{zhang2020learning,
  title={Learning overlapping representations for the estimation of individualized treatment effects},
  author={Zhang, Yao and Bellot, Alexis and Schaar, Mihaela},
  booktitle={International Conference on Artificial Intelligence and Statistics},
  pages={1005--1014},
  year={2020},
  organization={PMLR}
}

@inproceedings{hsu2012random,
  title={Random design analysis of ridge regression},
  author={Hsu, Daniel and Kakade, Sham M and Zhang, Tong},
  booktitle={Conference on learning theory},
  pages={9--1},
  year={2012},
  organization={JMLR Workshop and Conference Proceedings}
}



@article{drlearner,
  title={Towards optimal doubly robust estimation of heterogeneous causal effects},
  author={Kennedy, Edward H},
  journal={arXiv preprint arXiv:2004.14497},
  year={2020}
}

@article{matching_survey,
  title={Matching methods for causal inference: A review and a look forward},
  author={Stuart, Elizabeth A},
  journal={Statistical science: a review journal of the Institute of Mathematical Statistics},
  volume={25},
  number={1},
  pages={1},
  year={2010},
  publisher={NIH Public Access}
}

@article{coarsened_exact_matching,
  title={Causal inference without balance checking: Coarsened exact matching},
  author={Iacus, Stefano M and King, Gary and Porro, Giuseppe},
  journal={Political analysis},
  volume={20},
  number={1},
  pages={1--24},
  year={2012},
  publisher={Cambridge University Press}
}

@article{prop_score_matching,
  title={The central role of the propensity score in observational studies for causal effects},
  author={Rosenbaum, Paul R and Rubin, Donald B},
  journal={Biometrika},
  volume={70},
  number={1},
  pages={41--55},
  year={1983},
  publisher={Oxford University Press}
}

@article{tree_1,
  title={Estimation and inference of heterogeneous treatment effects using random forests},
  author={Wager, Stefan and Athey, Susan},
  journal={Journal of the American Statistical Association},
  volume={113},
  number={523},
  pages={1228--1242},
  year={2018},
  publisher={Taylor \& Francis}
}

@article{tree_2,
  title={Bayesian nonparametric modeling for causal inference},
  author={Hill, Jennifer L},
  journal={Journal of Computational and Graphical Statistics},
  volume={20},
  number={1},
  pages={217--240},
  year={2011},
  publisher={Taylor \& Francis}
}

@article{alaa2017bayesian,
  title={Bayesian inference of individualized treatment effects using multi-task gaussian processes},
  author={Alaa, Ahmed M and Van Der Schaar, Mihaela},
  journal={Advances in neural information processing systems},
  volume={30},
  year={2017}
}

@inproceedings{alaa2017deep,
  title={Deep multi-task gaussian processes for survival analysis with competing risks},
  author={Alaa, Ahmed M and van der Schaar, Mihaela},
  booktitle={Proceedings of the 31st International Conference on Neural Information Processing Systems},
  pages={2326--2334},
  year={2017}
}



@InProceedings{zou22a,
  title = 	 {Counterfactual Prediction for Outcome-Oriented Treatments},
  author =       {Zou, Hao and Li, Bo and Han, Jiangang and Chen, Shuiping and Ding, Xuetao and Cui, Peng},
  booktitle = 	 {Proceedings of the 39th International Conference on Machine Learning},
  pages = 	 {27693--27706},
  year = 	 {2022},
  editor = 	 {Chaudhuri, Kamalika and Jegelka, Stefanie and Song, Le and Szepesvari, Csaba and Niu, Gang and Sabato, Sivan},
  volume = 	 {162},
  series = 	 {Proceedings of Machine Learning Research},
  month = 	 {17--23 Jul},
  publisher =    {PMLR},
  pdf = 	 {https://proceedings.mlr.press/v162/zou22a/zou22a.pdf},
  url = 	 {https://proceedings.mlr.press/v162/zou22a.html},
}

@inproceedings{titsias2009variational, title={Variational learning of inducing variables in sparse Gaussian processes}, 
author={Titsias, Michalis},
booktitle={Artificial intelligence and statistics}, 
pages={567--574}, year={2009}, organization={PMLR} }

@misc{Bellot2022,
  doi = {10.48550/ARXIV.2205.14692},
  
  url = {https://arxiv.org/abs/2205.14692},
  
  author = {Bellot, Alexis and Dhir, Anish and Prando, Giulia},
  
  keywords = {Machine Learning (cs.LG), FOS: Computer and information sciences, FOS: Computer and information sciences},
  
  title = {Generalization bounds and algorithms for estimating conditional average treatment effect of dosage},
  
  publisher = {arXiv},
  
  year = {2022},
  
  copyright = {arXiv.org perpetual, non-exclusive license}
}


@inproceedings{song2019,
  title={Learning controllable fair representations},
  author={Song, Jiaming and Kalluri, Pratyusha and Grover, Aditya and Zhao, Shengjia and Ermon, Stefano},
  booktitle={The 22nd International Conference on Artificial Intelligence and Statistics},
  pages={2164--2173},
  year={2019},
  organization={PMLR}
}

@article{yao2018representation,
  title={Representation learning for treatment effect estimation from observational data},
  author={Yao, Liuyi and Li, Sheng and Li, Yaliang and Huai, Mengdi and Gao, Jing and Zhang, Aidong},
  journal={Advances in Neural Information Processing Systems},
  volume={31},
  year={2018}
}

@article{Johansson2022,
  author  = {Fredrik D. Johansson and Uri Shalit and Nathan Kallus and David Sontag},
  title   = {Generalization Bounds and Representation Learning for Estimation of  Potential Outcomes and Causal Effects},
  journal = {Journal of Machine Learning Research},
  year    = {2022},
  volume  = {23},
  number  = {166},
  pages   = {1--50},
  url     = {http://jmlr.org/papers/v23/19-511.html}
}

@inproceedings{uri_learning_reps,
  title={Learning representations for counterfactual inference},
  author={Johansson, Fredrik and Shalit, Uri and Sontag, David},
  booktitle={International conference on machine learning},
  pages={3020--3029},
  year={2016},
  organization={PMLR}
}

@inproceedings{cfrnet,
  title={Estimating individual treatment effect: generalization bounds and algorithms},
  author={Shalit, Uri and Johansson, Fredrik D and Sontag, David},
  booktitle={International Conference on Machine Learning},
  pages={3076--3085},
  year={2017},
  organization={PMLR}
}

@article{cevae,
  title={Causal effect inference with deep latent-variable models},
  author={Louizos, Christos and Shalit, Uri and Mooij, Joris M and Sontag, David and Zemel, Richard and Welling, Max},
  journal={Advances in neural information processing systems},
  volume={30},
  year={2017}
}

@article{cevae_critical,
  title={A critical look at the consistency of causal estimation with deep latent variable models},
  author={Rissanen, Severi and Marttinen, Pekka},
  journal={Advances in Neural Information Processing Systems},
  volume={34},
  pages={4207--4217},
  year={2021}
}

@inproceedings{ganite,
  title={GANITE: Estimation of individualized treatment effects using generative adversarial nets},
  author={Yoon, Jinsung and Jordon, James and Van Der Schaar, Mihaela},
  booktitle={International Conference on Learning Representations},
  year={2018}
}

@article{scigan,
  title={Estimating the effects of continuous-valued interventions using generative adversarial networks},
  author={Bica, Ioana and Jordon, James and van der Schaar, Mihaela},
  journal={Advances in Neural Information Processing Systems},
  volume={33},
  pages={16434--16445},
  year={2020}
}


@inproceedings{DRNet,
  title={Learning counterfactual representations for estimating individual dose-response curves},
  author={Schwab, Patrick and Linhardt, Lorenz and Bauer, Stefan and Buhmann, Joachim M and Karlen, Walter},
  booktitle={Proceedings of the AAAI Conference on Artificial Intelligence},
  volume={34},
  number={04},
  pages={5612--5619},
  year={2020}
}

@article{vcnet,
  title={Vcnet and functional targeted regularization for learning causal effects of continuous treatments},
  author={Nie, Lizhen and Ye, Mao and Liu, Qiang and Nicolae, Dan},
  journal={arXiv preprint arXiv:2103.07861},
  year={2021}
}

@article{inducbias,
  title={On inductive biases for heterogeneous treatment effect estimation},
  author={Curth, Alicia and van der Schaar, Mihaela},
  journal={Advances in Neural Information Processing Systems},
  volume={34},
  pages={15883--15894},
  year={2021}
}

@article{doublyrobust,
  title={Doubly robust estimation of causal effects},
  author={Funk, Michele Jonsson and Westreich, Daniel and Wiesen, Chris and St{\"u}rmer, Til and Brookhart, M Alan and Davidian, Marie},
  journal={American journal of epidemiology},
  volume={173},
  number={7},
  pages={761--767},
  year={2011},
  publisher={Oxford University Press}
}


@misc{Tarnet,
  doi = {10.48550/ARXIV.1606.03976},
  
  url = {https://arxiv.org/abs/1606.03976},
  
  author = {Shalit, Uri and Johansson, Fredrik D. and Sontag, David},
  
  keywords = {Machine Learning (stat.ML), Artificial Intelligence (cs.AI), Machine Learning (cs.LG), FOS: Computer and information sciences, FOS: Computer and information sciences},
  
  title = {Estimating individual treatment effect: generalization bounds and algorithms},
  
  publisher = {arXiv},
  
  year = {2016},
  
  copyright = {arXiv.org perpetual, non-exclusive license}
}


@misc{NCoRE,
  doi = {10.48550/ARXIV.2103.11175},
  
  url = {https://arxiv.org/abs/2103.11175},
  
  author = {Parbhoo, Sonali and Bauer, Stefan and Schwab, Patrick},
  
  keywords = {Machine Learning (cs.LG), Methodology (stat.ME), Machine Learning (stat.ML), FOS: Computer and information sciences, FOS: Computer and information sciences},
  
  title = {NCoRE: Neural Counterfactual Representation Learning for Combinations of Treatments},
  
  publisher = {arXiv},
  
  year = {2021},
  
  copyright = {arXiv.org perpetual, non-exclusive license}
}


@misc{TransTEE,
  doi = {10.48550/ARXIV.2202.01336},
  
  url = {https://arxiv.org/abs/2202.01336},
  
  author = {Zhang, Yi-Fan and Zhang, Hanlin and Lipton, Zachary C. and Li, Li Erran and Xing, Eric P.},
  
  keywords = {Machine Learning (cs.LG), FOS: Computer and information sciences, FOS: Computer and information sciences},
  
  title = {Exploring Transformer Backbones for Heterogeneous Treatment Effect Estimation},
  
  publisher = {arXiv},
  
  year = {2022},
  
  copyright = {arXiv.org perpetual, non-exclusive license}
}


@misc{HiCl,
  doi = {10.48550/ARXIV.2008.09858},
  
  url = {https://arxiv.org/abs/2008.09858},
  
  author = {Sharma, Ankit and Gupta, Garima and Prasad, Ranjitha and Chatterjee, Arnab and Vig, Lovekesh and Shroff, Gautam},
  
  keywords = {Methodology (stat.ME), Artificial Intelligence (cs.AI), Machine Learning (cs.LG), FOS: Computer and information sciences, FOS: Computer and information sciences},
  
  title = {Hi-CI: Deep Causal Inference in High Dimensions},
  
  publisher = {arXiv},
  
  year = {2020},
  
  copyright = {arXiv.org perpetual, non-exclusive license}
}




@article{iv_2,
  title={Learning deep features in instrumental variable regression},
  author={Xu, Liyuan and Chen, Yutian and Srinivasan, Siddarth and de Freitas, Nando and Doucet, Arnaud and Gretton, Arthur},
  journal={arXiv preprint arXiv:2010.07154},
  year={2020}
}

@article{iv_1,
  title={Learning deep features in instrumental variable regression},
  author={Xu, Liyuan and Chen, Yutian and Srinivasan, Siddarth and de Freitas, Nando and Doucet, Arnaud and Gretton, Arthur},
  journal={arXiv preprint arXiv:2010.07154},
  year={2020}
}

@article{iv_2,
  title={Counterfactual prediction with deep instrumental variables networks},
  author={Hartford, Jason and Lewis, Greg and Leyton-Brown, Kevin and Taddy, Matt},
  journal={arXiv preprint arXiv:1612.09596},
  year={2016}
}

@article{iv_3,
  title={Kernel instrumental variable regression},
  author={Singh, Rahul and Sahani, Maneesh and Gretton, Arthur},
  journal={Advances in Neural Information Processing Systems},
  volume={32},
  year={2019}
}

@article{replearning_ite,
  title={Representation learning for treatment effect estimation from observational data},
  author={Yao, Liuyi and Li, Sheng and Li, Yaliang and Huai, Mengdi and Gao, Jing and Zhang, Aidong},
  journal={Advances in Neural Information Processing Systems},
  volume={31},
  year={2018}
}

@article{dragonnet,
  title={Adapting neural networks for the estimation of treatment effects},
  author={Shi, Claudia and Blei, David and Veitch, Victor},
  journal={Advances in neural information processing systems},
  volume={32},
  year={2019}
}

@inproceedings{limits_ite,
  title={Limits of estimating heterogeneous treatment effects: Guidelines for practical algorithm design},
  author={Alaa, Ahmed and Schaar, Mihaela},
  booktitle={International Conference on Machine Learning},
  pages={129--138},
  year={2018},
  organization={PMLR}
}

@article{ctr_rnn,
  title={Estimating counterfactual treatment outcomes over time through adversarially balanced representations},
  author={Bica, Ioana and Alaa, Ahmed M and Jordon, James and van der Schaar, Mihaela},
  journal={arXiv preprint arXiv:2002.04083},
  year={2020}
}

@article{perfect_match,
  title={Perfect match: A simple method for learning representations for counterfactual inference with neural networks},
  author={Schwab, Patrick and Linhardt, Lorenz and Karlen, Walter},
  journal={arXiv preprint arXiv:1810.00656},
  year={2018}
}

@inproceedings{overlapping_rep,
  title={Learning overlapping representations for the estimation of individualized treatment effects},
  author={Zhang, Yao and Bellot, Alexis and Schaar, Mihaela},
  booktitle={International Conference on Artificial Intelligence and Statistics},
  pages={1005--1014},
  year={2020},
  organization={PMLR}
}

@inproceedings{ctr_importance,
  title={CounterFactual Regression with Importance Sampling Weights.},
  author={Hassanpour, Negar and Greiner, Russell},
  booktitle={IJCAI},
  pages={5880--5887},
  year={2019}
}

@inproceedings{disentangled_ite,
  title={Learning disentangled representations for counterfactual regression},
  author={Hassanpour, Negar and Greiner, Russell},
  booktitle={International Conference on Learning Representations},
  year={2019}
}

@inproceedings{deepmatch,
  title={Deepmatch: Balancing deep covariate representations for causal inference using adversarial training},
  author={Kallus, Nathan},
  booktitle={International Conference on Machine Learning},
  pages={5067--5077},
  year={2020},
  organization={PMLR}
}

@article{uplift,
  title={Uplift modeling from separate labels},
  author={Yamane, Ikko and Yger, Florian and Atif, Jamal and Sugiyama, Masashi},
  journal={Advances in Neural Information Processing Systems},
  volume={31},
  year={2018}
}

@article{weighted_factual,
  title={Learning causal effects via weighted empirical risk minimization},
  author={Jung, Yonghan and Tian, Jin and Bareinboim, Elias},
  journal={Advances in neural information processing systems},
  volume={33},
  pages={12697--12709},
  year={2020}
}

@article{weighted_factual_2,
  title={Adversarial Balancing for Causal Inference},
  author={Michal Ozery-Flato and Pierre Thodoroff and Tal El-Hay},
  journal={ArXiv},
  year={2018},
  volume={abs/1810.07406}
}

@article{reconsidering_gen,
  title={Reconsidering generative objectives for counterfactual reasoning},
  author={Lu, Danni and Tao, Chenyang and Chen, Junya and Li, Fan and Guo, Feng and Carin, Lawrence},
  journal={Advances in Neural Information Processing Systems},
  volume={33},
  pages={21539--21553},
  year={2020}
}

@inproceedings{nice_irm,
  title={Invariant representation learning for treatment effect estimation},
  author={Shi, Claudia and Veitch, Victor and Blei, David M},
  booktitle={Uncertainty in Artificial Intelligence},
  pages={1546--1555},
  year={2021},
  organization={PMLR}
}

@article{irm,
  title={Invariant risk minimization},
  author={Arjovsky, Martin and Bottou, L{\'e}on and Gulrajani, Ishaan and Lopez-Paz, David},
  journal={arXiv preprint arXiv:1907.02893},
  year={2019}
}

@inproceedings{ite_regret,
  title={Regret minimization for causal inference on large treatment space},
  author={Tanimoto, Akira and Sakai, Tomoya and Takenouchi, Takashi and Kashima, Hisashi},
  booktitle={International Conference on Artificial Intelligence and Statistics},
  pages={946--954},
  year={2021},
  organization={PMLR}
}



@article{ipw_1,
  title={Estimation of regression coefficients when some regressors are not always observed},
  author={Robins, James M and Rotnitzky, Andrea and Zhao, Lue Ping},
  journal={Journal of the American statistical Association},
  volume={89},
  number={427},
  pages={846--866},
  year={1994},
  publisher={Taylor \& Francis}
}

@article{ipw_2,
  title={Doubly robust estimation of causal effects},
  author={Funk, Michele Jonsson and Westreich, Daniel and Wiesen, Chris and St{\"u}rmer, Til and Brookhart, M Alan and Davidian, Marie},
  journal={American journal of epidemiology},
  volume={173},
  number={7},
  pages={761--767},
  year={2011},
  publisher={Oxford University Press}
}

@article{matching_propensity,
  title={Some practical guidance for the implementation of propensity score matching},
  author={Caliendo, Marco and Kopeinig, Sabine},
  journal={Journal of economic surveys},
  volume={22},
  number={1},
  pages={31--72},
  year={2008},
  publisher={Wiley Online Library}
}

@Article{Rubin2005,
  author={Donald B. Rubin},
  title={{Causal Inference Using Potential Outcomes: Design, Modeling, Decisions}},
  journal={Journal of the American Statistical Association},
  year=2005,
  volume={100},
  number={},
  pages={322-331},
  month={March},
  keywords={},
  doi={},
  abstract={No abstract is available for this item.},
  url={https://ideas.repec.org/a/bes/jnlasa/v100y2005p322-331.html}
}

@article{rubin1973matching,
  title={Matching to remove bias in observational studies},
  author={Rubin, Donald B},
  journal={Biometrics},
  pages={159--183},
  year={1973},
  publisher={JSTOR}
}

@Article{tcga,
author={Chang, Kyle
and Creighton, Chad J.
and Davis, Caleb
},
title={The Cancer Genome Atlas Pan-Cancer analysis project},
journal={Nature Genetics},
year={2013},
month={Oct},
day={01},
volume={45},
number={10},
pages={1113-1120},
abstract={Current clinical practice is organized according to tissue or organ of origin of tumors. Now, The Cancer Genome Atlas (TCGA) Research Network has started to identify genomic and other molecular commonalities among a dozen different types of cancer. Emerging similarities and contrasts will form the basis for targeted therapies of the future and for repurposing existing therapies by molecular rather than histological similarities of the diseases.},
issn={1546-1718},
doi={10.1038/ng.2764},
url={https://doi.org/10.1038/ng.2764}
}



@article{ihdp,
author = {Jennifer L. Hill},
title = {Bayesian Nonparametric Modeling for Causal Inference},
journal = {Journal of Computational and Graphical Statistics},
volume = {20},
number = {1},
pages = {217-240},
year  = {2011},
publisher = {Taylor & Francis},
doi = {10.1198/jcgs.2010.08162},

URL = { 
        https://doi.org/10.1198/jcgs.2010.08162
    
},
eprint = { 
        https://doi.org/10.1198/jcgs.2010.08162
    
}

}


@misc{news ,
author = "Dua, Dheeru and Graff, Casey",
year = "2017",
title = "{UCI} Machine Learning Repository",
url = "http://archive.ics.uci.edu/ml",
institution = "University of California, Irvine, School of Information and Computer Sciences" }

@article{gi_loss,
  title={Training for the Future: A Simple Gradient Interpolation Loss to Generalize Along Time},
  author={Nasery, Anshul and Thakur, Soumyadeep and Piratla, Vihari and De, Abir and Sarawagi, Sunita},
  journal={Advances in Neural Information Processing Systems},
  volume={34},
  pages={19198--19209},
  year={2021}
}

@book{gpml,
author = {Rasmussen, Carl Edward and Williams, Christopher K. I.},
title = {Gaussian Processes for Machine Learning (Adaptive Computation and Machine Learning)},
year = {2005},
isbn = {026218253X},
publisher = {The MIT Press}
}




@article{giks, title={Continuous Treatment Effect Estimation Using Gradient Interpolation and Kernel Smoothing}, volume={38}, url={https://ojs.aaai.org/index.php/AAAI/article/view/29353}, DOI={10.1609/aaai.v38i13.29353}, number={13}, journal={Proceedings of the AAAI Conference on Artificial Intelligence}, author={Nagalapatti, Lokesh and Iyer, Akshay and De, Abir and Sarawagi, Sunita}, year={2024}, month={Mar.}, pages={14397-14404} }



@inproceedings{senn,
 author = {Alvarez Melis, David and Jaakkola, Tommi},
 booktitle = {Advances in Neural Information Processing Systems},
 editor = {S. Bengio and H. Wallach and H. Larochelle and K. Grauman and N. Cesa-Bianchi and R. Garnett},
 pages = {},
 publisher = {Curran Associates, Inc.},
 title = {Towards Robust Interpretability with Self-Explaining Neural Networks},
 url = {https://proceedings.neurips.cc/paper/2018/file/3e9f0fc9b2f89e043bc6233994dfcf76-Paper.pdf},
 volume = {31},
 year = {2018}
}

@article{gumbel,
  title={Categorical reparameterization with gumbel-softmax},
  author={Jang, Eric and Gu, Shixiang and Poole, Ben},
  journal={arXiv preprint arXiv:1611.01144},
  year={2016}
}

@book{pearlbook,
  title={Causality: Models, Reasoning, and Inference},
  author={Pearl, J. and Cambridge University Press},
  isbn={9780521773621},
  lccn={99042108},
  url={https://books.google.co.in/books?id=wnGU\_TsW3BQC},
  year={2000},
  publisher={Cambridge University Press}
}

@article{ntk,
  title={Neural tangent kernel: Convergence and generalization in neural networks},
  author={Jacot, Arthur and Gabriel, Franck and Hongler, Cl{\'e}ment},
  journal={Advances in neural information processing systems},
  volume={31},
  year={2018}
}


@inproceedings{mitnet,
  author       = {Xingzhuo Guo and
                  Yuchen Zhang and
                  Jianmin Wang and
                  Mingsheng Long},
  editor       = {Andreas Krause and
                  Emma Brunskill and
                  Kyunghyun Cho and
                  Barbara Engelhardt and
                  Sivan Sabato and
                  Jonathan Scarlett},
  title        = {Estimating Heterogeneous Treatment Effects: Mutual Information Bounds
                  and Learning Algorithms},
  booktitle    = {International Conference on Machine Learning, {ICML} 2023, 23-29 July
                  2023, Honolulu, Hawaii, {USA}},
  series       = {Proceedings of Machine Learning Research},
  volume       = {202},
  pages        = {12108--12121},
  publisher    = {{PMLR}},
  year         = {2023},
  url          = {https://proceedings.mlr.press/v202/guo23k.html},
  timestamp    = {Mon, 28 Aug 2023 17:23:08 +0200},
  biburl       = {https://dblp.org/rec/conf/icml/Guo00L23.bib},
  bibsource    = {dblp computer science bibliography, https://dblp.org}
}

@article{vcnet_hsic,
  title={Generalization bounds and algorithms for estimating conditional average treatment effect of dosage},
  author={Bellot, Alexis and Dhir, Anish and Prando, Giulia},
  journal={arXiv preprint arXiv:2205.14692},
  year={2022}
}

@article{mansour2009domain,
  title={Domain adaptation: Learning bounds and algorithms},
  author={Mansour, Yishay and Mohri, Mehryar and Rostamizadeh, Afshin},
  journal={arXiv preprint arXiv:0902.3430},
  year={2009}
}

@book{wainwright2019high,
  title={High-dimensional statistics: A non-asymptotic viewpoint},
  author={Wainwright, Martin J},
  volume={48},
  year={2019},
  publisher={Cambridge university press}
}

@article{devroye2018total,
  title={The total variation distance between high-dimensional Gaussians with the same mean},
  author={Devroye, Luc and Mehrabian, Abbas and Reddad, Tommy},
  journal={arXiv preprint arXiv:1810.08693},
  year={2018}
}

@inproceedings{chauhan2023adversarial,
  title={Adversarial de-confounding in individualised treatment effects estimation},
  author={Chauhan, Vinod K and Molaei, Soheila and Tania, Marzia Hoque and Thakur, Anshul and Zhu, Tingting and Clifton, David A},
  booktitle={International Conference on Artificial Intelligence and Statistics},
  pages={837--849},
  year={2023},
  organization={PMLR}
}

@book{vaart_1998, place={Cambridge}, series={Cambridge Series in Statistical and Probabilistic Mathematics}, title={Asymptotic Statistics}, DOI={10.1017/CBO9780511802256}, publisher={Cambridge University Press}, author={Vaart, A. W. van der}, year={1998}, collection={Cambridge Series in Statistical and Probabilistic Mathematics}}

@inproceedings{benchmarking,
  title={Really doing great at estimating CATE? a critical look at ML benchmarking practices in treatment effect estimation},
  author={Curth, Alicia and Svensson, David and Weatherall, Jim and van der Schaar, Mihaela},
  booktitle={Thirty-fifth conference on neural information processing systems datasets and benchmarks track (round 2)},
  year={2021}
}

@article{rlearner,
  title={Quasi-oracle estimation of heterogeneous treatment effects},
  author={Nie, Xinkun and Wager, Stefan},
  journal={Biometrika},
  volume={108},
  number={2},
  pages={299--319},
  year={2021},
  publisher={Oxford University Press}
}

@article{ihdp,
  title={Bayesian nonparametric modeling for causal inference},
  author={Hill, Jennifer L},
  journal={Journal of Computational and Graphical Statistics},
  volume={20},
  number={1},
  pages={217--240},
  year={2011},
  publisher={Taylor \& Francis}
}

@software{jax2018github,
  author = {James Bradbury and Roy Frostig and Peter Hawkins and Matthew James Johnson and Chris Leary and Dougal Maclaurin and George Necula and Adam Paszke and Jake Vander{P}las and Skye Wanderman-{M}ilne and Qiao Zhang},
  title = {{JAX}: composable transformations of {P}ython+{N}um{P}y programs},
  url = {http://github.com/google/jax},
  version = {0.3.13},
  year = {2018},
}

@article{faiss,
  title={Billion-scale similarity search with {GPUs}},
  author={Johnson, Jeff and Douze, Matthijs and J{\'e}gou, Herv{\'e}},
  journal={IEEE Transactions on Big Data},
  volume={7},
  number={3},
  pages={535--547},
  year={2019},
  publisher={IEEE}
}


% impossibility of SCM

@inproceedings{good_incentive,
  title={Strategic classification is causal modeling in disguise},
  author={Miller, John and Milli, Smitha and Hardt, Moritz},
  booktitle={International Conference on Machine Learning},
  pages={6917--6926},
  year={2020},
  organization={PMLR}
}



@article{tian2000probabilities,
  title={Probabilities of causation: Bounds and identification},
  author={Tian, Jin and Pearl, Judea},
  journal={Annals of Mathematics and Artificial Intelligence},
  volume={28},
  number={1},
  pages={287--313},
  year={2000},
  publisher={Springer}
}

@article{shpitser2008complete,
  title={Complete identification methods for the causal hierarchy},
  author={Shpitser, Ilya and Pearl, Judea},
  journal={Journal of Machine Learning Research},
  volume={9},
  pages={1941--1979},
  year={2008}
}

% glucose

@misc{Simglucose2018,
    author = {Jinyu Xie},
    title = "{Simglucose v0.2.1 (2018) [Online]}", 
    url= {https://github.com/jxx123/simglucose},
    note="Accessed on September 25, 2023",
    year = 2018
}


@inproceedings{self_driving_cars,
  title={A survey on simulators for testing self-driving cars},
  author={Kaur, Prabhjot and Taghavi, Samira and Tian, Zhaofeng and Shi, Weisong},
  booktitle={2021 Fourth International Conference on Connected and Autonomous Driving (MetroCAD)},
  pages={62--70},
  year={2021},
  organization={IEEE}
}


@misc{ipm,
      title={On integral probability metrics, \phi-divergences and binary classification}, 
      author={Bharath K. Sriperumbudur and Kenji Fukumizu and Arthur Gretton and Bernhard Schölkopf and Gert R. G. Lanckriet},
      year={2009},
      eprint={0901.2698},
      archivePrefix={arXiv},
      primaryClass={cs.IT}
}

@article{push_forward,
  title={A review of change of variable formulas for generative modeling},
  author={K{\"o}the, Ullrich},
  journal={arXiv preprint arXiv:2308.02652},
  year={2023}
}

@article{acic,
  title={Automated versus do-it-yourself methods for causal inference: Lessons learned from a data analysis competition},
  author={Dorie, Vincent and Hill, Jennifer and Shalit, Uri and Scott, Marc and Cervone, Dan},
  journal={Statistical Science},
  volume={34},
  number={1},
  pages={43--68},
  year={2019},
  publisher={Institute of Mathematical Statistics}
}

@article{realnvp,
  title={Density estimation using real nvp},
  author={Dinh, Laurent and Sohl-Dickstein, Jascha and Bengio, Samy},
  journal={arXiv preprint arXiv:1605.08803},
  year={2016}
}


@article{policy_1,
  title={Estimating the effect of training programs on earnings},
  author={Ashenfelter, Orley},
  journal={The Review of Economics and Statistics},
  pages={47--57},
  year={1978},
  publisher={JSTOR}
}

@misc{policy_2,
  title={Estimating the labor market impact of voluntary military service using social security data on military applicants},
  author={Angrist, Joshua},
  year={1995},
  publisher={National Bureau of Economic Research Cambridge, Mass., USA}
}

@article{post_bias_1,
  title={How conditioning on posttreatment variables can ruin your experiment and what to do about it},
  author={Montgomery, Jacob M and Nyhan, Brendan and Torres, Michelle},
  journal={American Journal of Political Science},
  volume={62},
  number={3},
  pages={760--775},
  year={2018},
  publisher={Wiley Online Library}
}

@article{post_bias_2,
  title={Priming bias versus post-treatment bias in experimental designs},
  author={Blackwell, Matthew and Brown, Jacob R and Hill, Sophie and Imai, Kosuke and Yamamoto, Teppei},
  journal={arXiv preprint arXiv:2306.01211},
  year={2023}
}

@article{deepSCM,
  title={Deep structural causal models for tractable counterfactual inference},
  author={Pawlowski, Nick and Coelho de Castro, Daniel and Glocker, Ben},
  journal={Advances in neural information processing systems},
  volume={33},
  pages={857--869},
  year={2020}
}

@article{raabe2014alloy,
  title={Alloy design, combinatorial synthesis, and microstructure--property relations for low-density Fe-Mn-Al-C austenitic steels},
  author={Raabe, Dierk and Springer, Hauke and Guti{\'e}rrez-Urrutia, Ivan and Roters, Franz and Bausch, Michael and Seol, J -B and Koyama, Motomichi and Choi, P -P and Tsuzaki, Kaneaki},
  journal={Jom},
  volume={66},
  pages={1845--1856},
  year={2014},
  publisher={Springer}
}

@inproceedings{magic_bullets,
  title={In search of insights, not magic bullets: Towards demystification of the model selection dilemma in heterogeneous treatment effect estimation},
  author={Curth, Alicia and Van Der Schaar, Mihaela},
  booktitle={International Conference on Machine Learning},
  pages={6623--6642},
  year={2023},
  organization={PMLR}
}

@book{gmlpbook,
  title={Gaussian processes for machine learning},
  author={Williams, Christopher KI and Rasmussen, Carl Edward},
  volume={2},
  number={3},
  year={2006},
  publisher={MIT press Cambridge, MA}
}

@article{post_cf_proof,
  title={Conditioning on post-treatment variables},
  author={Pearl, Judea},
  journal={Journal of Causal Inference},
  volume={3},
  number={1},
  pages={131--137},
  year={2015},
  publisher={De Gruyter}
}

@inproceedings{post_selbias_1,
  title={Controlling selection bias in causal inference},
  author={Bareinboim, Elias and Pearl, Judea},
  booktitle={Artificial Intelligence and Statistics},
  pages={100--108},
  year={2012},
  organization={PMLR}
}

@inproceedings{post_selbias_2,
  title={Recovering causal effects from selection bias},
  author={Bareinboim, Elias and Tian, Jin},
  booktitle={Proceedings of the AAAI Conference on Artificial Intelligence},
  volume={29},
  number={1},
  year={2015}
}

@inproceedings{sel_bias_3,
  title={Generalized adjustment under confounding and selection biases},
  author={Correa, Juan and Tian, Jin and Bareinboim, Elias},
  booktitle={Proceedings of the AAAI Conference on Artificial Intelligence},
  volume={32},
  number={1},
  year={2018}
}

@article{cf_img_1,
  title={MedJourney: Counterfactual Medical Image Generation by Instruction-Learning from Multimodal Patient Journeys},
  author={Gu, Yu and Yang, Jianwei and Usuyama, Naoto and Li, Chunyuan and Zhang, Sheng and Lungren, Matthew P and Gao, Jianfeng and Poon, Hoifung},
  year={2023}
}
@article{cf_img_2,
  title={Designing counterfactual generators using deep model inversion},
  author={Thiagarajan, Jayaraman and Narayanaswamy, Vivek Sivaraman and Rajan, Deepta and Liang, Jia and Chaudhari, Akshay and Spanias, Andreas},
  journal={Advances in Neural Information Processing Systems},
  volume={34},
  pages={16873--16884},
  year={2021}
}

@article{cf_img_3,
  title={Counterfactual Image Editing},
  author={Pan, Yushu and Bareinboim, Elias},
  journal={arXiv preprint arXiv:2403.09683},
  year={2024}
}

@inproceedings{cf_img_4,
title={Counterfactual Generative Networks},
author={Axel Sauer and Andreas Geiger},
booktitle={International Conference on Learning Representations},
year={2021},
url={https://openreview.net/forum?id=BXewfAYMmJw}
}

@inproceedings{cf_img_5,
  title={Diffusion models for counterfactual explanations},
  author={Jeanneret, Guillaume and Simon, Lo{\"\i}c and Jurie, Fr{\'e}d{\'e}ric},
  booktitle={Proceedings of the Asian Conference on Computer Vision},
  pages={858--876},
  year={2022}
}


@article{cf_health_1,
title	= {Explaining counterfactual images},author	= {Oran Lang and Ilana Traynis and Yun Liu},year	= {2023},URL	= {https://rdcu.be/dwVKK},journal	= {Nature Biomedical Engineering}}

@InProceedings{cf_health_2,
author="Wang, Clinton J.
and Rost, Natalia S.
and Golland, Polina",
editor="Martel, Anne L.
and Abolmaesumi, Purang
and Stoyanov, Danail
and Mateus, Diana
and Zuluaga, Maria A.
and Zhou, S. Kevin
and Racoceanu, Daniel
and Joskowicz, Leo",
title="Spatial-Intensity Transform GANs for High Fidelity Medical Image-to-Image Translation",
booktitle="Medical Image Computing and Computer Assisted Intervention -- MICCAI 2020",
year="2020",
publisher="Springer International Publishing",
address="Cham",
pages="749--759",
isbn="978-3-030-59713-9"
}

@article{cf_health_3,
  title={Counterfactual MRI Generation with Denoising Diffusion Models for Interpretable Alzheimer's Disease Effect Detection},
  author={Dhinagar, Nikhil J and Thomopoulos, Sophia I and Laltoo, Emily and Thompson, Paul M},
  journal={bioRxiv},
  pages={2024--02},
  year={2024},
  publisher={Cold Spring Harbor Laboratory}
}

@inproceedings{cf_text_1,
  title={Generate Your Counterfactuals: Towards Controlled Counterfactual Generation for Text},
  author={Nishtha Madaan and Inkit Padhi and Naveen Panwar and Diptikalyan Saha},
  booktitle={AAAI Conference on Artificial Intelligence},
  year={2020},
  url={https://api.semanticscholar.org/CorpusID:228063841}
}

@inproceedings{cf_text_2,
    title = "{D}o{C}o{G}en: {D}omain Counterfactual Generation for Low Resource Domain Adaptation",
    author = "Calderon, Nitay  and
      Ben-David, Eyal  and
      Feder, Amir  and
      Reichart, Roi",
    editor = "Muresan, Smaranda  and
      Nakov, Preslav  and
      Villavicencio, Aline",
    booktitle = "Proceedings of the 60th Annual Meeting of the Association for Computational Linguistics (Volume 1: Long Papers)",
    month = may,
    year = "2022",
    address = "Dublin, Ireland",
    publisher = "Association for Computational Linguistics",
    url = "https://aclanthology.org/2022.acl-long.533",
    doi = "10.18653/v1/2022.acl-long.533",
    pages = "7727--7746",
    abstract = "Natural language processing (NLP) algorithms have become very successful, but they still struggle when applied to out-of-distribution examples. In this paper we propose a controllable generation approach in order to deal with this domain adaptation (DA) challenge. Given an input text example, our DoCoGen algorithm generates a domain-counterfactual textual example (D-con) - that is similar to the original in all aspects, including the task label, but its domain is changed to a desired one. Importantly, DoCoGen is trained using only unlabeled examples from multiple domains - no NLP task labels or parallel pairs of textual examples and their domain-counterfactuals are required. We show that DoCoGen can generate coherent counterfactuals consisting of multiple sentences. We use the D-cons generated by DoCoGen to augment a sentiment classifier and a multi-label intent classifier in 20 and 78 DA setups, respectively, where source-domain labeled data is scarce. Our model outperforms strong baselines and improves the accuracy of a state-of-the-art unsupervised DA algorithm.",
}

@inproceedings{cf_text_3,
    title = "{DISCO}: Distilling Counterfactuals with Large Language Models",
    author = "Chen, Zeming  and
      Gao, Qiyue  and
      Bosselut, Antoine  and
      Sabharwal, Ashish  and
      Richardson, Kyle",
    editor = "Rogers, Anna  and
      Boyd-Graber, Jordan  and
      Okazaki, Naoaki",
    booktitle = "Proceedings of the 61st Annual Meeting of the Association for Computational Linguistics (Volume 1: Long Papers)",
    month = jul,
    year = "2023",
    address = "Toronto, Canada",
    publisher = "Association for Computational Linguistics",
    url = "https://aclanthology.org/2023.acl-long.302",
    doi = "10.18653/v1/2023.acl-long.302",
    pages = "5514--5528",
    abstract = "Models trained with counterfactually augmented data learn representations of the causal structure of tasks, enabling robust generalization. However, high-quality counterfactual data is scarce for most tasks and not easily generated at scale. When crowdsourced, such data is typically limited in scale and diversity; when generated using supervised methods, it is computationally expensive to extend to new counterfactual dimensions. In this work, we introduce DISCO (DIStilled COunterfactual Data), a new method for automatically generating high-quality counterfactual data at scale. DISCO engineers prompts to generate phrasal perturbations with a large general language model. Then, a task-specific teacher model filters these generations to distill high-quality counterfactual data. While task-agnostic, we apply our pipeline to the task of natural language inference (NLI) and find that on challenging evaluations such as the NLI stress test, comparatively smaller student models trained with DISCO generated counterfactuals are more robust (6{\%} absolute) and generalize better across distributions (2{\%}) compared to models trained without data augmentation. Furthermore, DISCO augmented models are 10{\%} more consistent between counterfactual pairs on three evaluation sets, demonstrating that DISCO augmentation enables models to more reliably learn causal representations. Our repository are available at: \url{https://github.com/eric11eca/disco}",
}

@inproceedings{cf_text_4,
    title = "{CORE}: A Retrieve-then-Edit Framework for Counterfactual Data Generation",
    author = "Dixit, Tanay  and
      Paranjape, Bhargavi  and
      Hajishirzi, Hannaneh  and
      Zettlemoyer, Luke",
    editor = "Goldberg, Yoav  and
      Kozareva, Zornitsa  and
      Zhang, Yue",
    booktitle = "Findings of the Association for Computational Linguistics: EMNLP 2022",
    month = dec,
    year = "2022",
    address = "Abu Dhabi, United Arab Emirates",
    publisher = "Association for Computational Linguistics",
    url = "https://aclanthology.org/2022.findings-emnlp.216",
    doi = "10.18653/v1/2022.findings-emnlp.216",
    pages = "2964--2984",
    abstract = "Counterfactual data augmentation (CDA) {--} i.e., adding minimally perturbed inputs during training {--} helps reduce model reliance on spurious correlations and improves generalization to out-of-distribution (OOD) data. Prior work on generating counterfactuals only considered restricted classes of perturbations, limiting their effectiveness. We present Counterfactual Generation via Retrieval and Editing (CORE), a retrieval-augmented generation framework for creating diverse counterfactual perturbations for CDA. For each training example, CORE first performs a dense retrieval over a task-related unlabeled text corpus using a learned bi-encoder and extracts relevant counterfactual excerpts. CORE then incorporates these into prompts to a large language model with few-shot learning capabilities, for counterfactual editing. Conditioning language model edits on naturally occurring data results in more diverse perturbations. Experiments on natural language inference and sentiment analysis benchmarks show that CORE counterfactuals are more effective at improving generalization to OOD data compared to other DA approaches. We also show that the CORE retrieval framework can be used to encourage diversity in manually authored perturbations.",
}

@inproceedings{cf_text_5,
    title = "Generating Realistic Natural Language Counterfactuals",
    author = "Robeer, Marcel  and
      Bex, Floris  and
      Feelders, Ad",
    editor = "Moens, Marie-Francine  and
      Huang, Xuanjing  and
      Specia, Lucia  and
      Yih, Scott Wen-tau",
    booktitle = "Findings of the Association for Computational Linguistics: EMNLP 2021",
    month = nov,
    year = "2021",
    address = "Punta Cana, Dominican Republic",
    publisher = "Association for Computational Linguistics",
    url = "https://aclanthology.org/2021.findings-emnlp.306",
    doi = "10.18653/v1/2021.findings-emnlp.306",
    pages = "3611--3625",
    abstract = "Counterfactuals are a valuable means for understanding decisions made by ML systems. However, the counterfactuals generated by the methods currently available for natural language text are either unrealistic or introduce imperceptible changes. We propose CounterfactualGAN: a method that combines a conditional GAN and the embeddings of a pretrained BERT encoder to model-agnostically generate realistic natural language text counterfactuals for explaining regression and classification tasks. Experimental results show that our method produces perceptibly distinguishable counterfactuals, while outperforming four baseline methods on fidelity and human judgments of naturalness, across multiple datasets and multiple predictive models.",
}

@article{sim_real_inducbias,
  title={On the transfer of inductive bias from simulation to the real world: a new disentanglement dataset},
  author={Gondal, Muhammad Waleed and Wuthrich, Manuel and Miladinovic, Djordje and Locatello, Francesco and Breidt, Martin and Volchkov, Valentin and Akpo, Joel and Bachem, Olivier and Sch{\"o}lkopf, Bernhard and Bauer, Stefan},
  journal={Advances in Neural Information Processing Systems},
  volume={32},
  year={2019}
}

@article{post_trial_1,
  title={Avoiding post-treatment bias in audit experiments},
  author={Coppock, Alexander},
  journal={Journal of Experimental Political Science},
  volume={6},
  number={1},
  pages={1--4},
  year={2019},
  publisher={Cambridge University Press}
}

@article{post_trial_2, title={Fixed Effects and Post-Treatment Bias in Legacy Studies}, volume={118}, DOI={10.1017/S0003055423001351}, number={1}, journal={American Political Science Review}, author={HOMOLA, JONATHAN and PEREIRA, MIGUEL M. and TAVITS, MARGIT}, year={2024}, pages={537–544}}

@inproceedings{post_trial_3,
  title={A hard unsolved problem? Post-treatment bias in big social science questions},
  author={King, Gary},
  booktitle={Hard Problems in Social Science” Symposium, April},
  volume={10},
  year={2010}
}

@article{huang2023extracting,
  title={Extracting Post-Treatment Covariates for Heterogeneous Treatment Effect Estimation},
  author={Huang, Qiang and Cao, Defu and Chang, Yi and Liu, Yan},
  year={2023}
}

@article{escfr,
  title={Optimal transport for treatment effect estimation},
  author={Wang, Hao and Fan, Jiajun and Chen, Zhichao and Li, Haoxuan and Liu, Weiming and Liu, Tianqiao and Dai, Quanyu and Wang, Yichao and Dong, Zhenhua and Tang, Ruiming},
  journal={Advances in Neural Information Processing Systems},
  volume={36},
  year={2024}
}

@inproceedings{stablecfr,
  title={Stable estimation of heterogeneous treatment effects},
  author={Wu, Anpeng and Kuang, Kun and Xiong, Ruoxuan and Li, Bo and Wu, Fei},
  booktitle={International Conference on Machine Learning},
  pages={37496--37510},
  year={2023},
  organization={PMLR}
}

@article{simbiology,
  title={Meal simulation model of the glucose-insulin system},
  author={Dalla Man, Chiara and Rizza, Robert A and Cobelli, Claudio},
  journal={IEEE Transactions on biomedical engineering},
  volume={54},
  number={10},
  pages={1740--1749},
  year={2007},
  publisher={IEEE}
}