@inproceedings{bai2023fet,
  title={FET-OPU: A Flexible and Efficient FPGA-Based Overlay Processor for Transformer Networks},
  author={Bai, Yueyin and Zhou, Hao and Zhao, Keqing and Wang, Hongji and Chen, Jianli and Yu, Jun and Wang, Kun},
  booktitle={2023 IEEE/ACM International Conference on Computer Aided Design (ICCAD)},
  pages={1--9},
  year={2023},
  organization={IEEE}
}

@article{basalama2023flexcnn,
  title={FlexCNN: An end-to-end framework for composing CNN accelerators on FPGA},
  author={Basalama, Suhail and Sohrabizadeh, Atefeh and Wang, Jie and Guo, Licheng and Cong, Jason},
  journal={ACM Transactions on Reconfigurable Technology and Systems},
  volume={16},
  number={2},
  pages={1--32},
  year={2023},
  publisher={ACM New York, NY}
}

@inproceedings{cai2023inter,
  title={Inter-layer scheduling space definition and exploration for tiled accelerators},
  author={Cai, Jingwei and Wei, Yuchen and Wu, Zuotong and Peng, Sen and Ma, Kaisheng},
  booktitle={Proceedings of the 50th Annual International Symposium on Computer Architecture},
  pages={1--17},
  year={2023}
}

@inproceedings{cong2014fully,
  title={A fully pipelined and dynamically composable architecture of CGRA},
  author={Cong, Jason and Huang, Hui and Ma, Chiyuan and Xiao, Bingjun and Zhou, Peipei},
  booktitle={2014 IEEE 22nd Annual International Symposium on Field-Programmable Custom Computing Machines},
  pages={9--16},
  year={2014},
  organization={IEEE}
}

@inproceedings{hong2022dfx,
  title={Dfx: A low-latency multi-fpga appliance for accelerating transformer-based text generation},
  author={Hong, Seongmin and Moon, Seungjae and Kim, Junsoo and Lee, Sungjae and Kim, Minsub and Lee, Dongsoo and Kim, Joo-Young},
  booktitle={2022 55th IEEE/ACM International Symposium on Microarchitecture (MICRO)},
  pages={616--630},
  year={2022},
  organization={IEEE}
}

@inproceedings{liu2022overgen,
  title={OverGen: Improving FPGA usability through domain-specific overlay generation},
  author={Liu, Sihao and Weng, Jian and Kupsh, Dylan and Sohrabizadeh, Atefeh and Wang, Zhengrong and Guo, Licheng and Liu, Jiuyang and Zhulin, Maxim and Mani, Rishabh and Zhang, Lucheng and others},
  booktitle={2022 55th IEEE/ACM International Symposium on Microarchitecture (MICRO)},
  pages={35--56},
  year={2022},
  organization={IEEE}
}

@inproceedings{tong2024FEATHER, 
  author = {Tong, Jianming and Itagi, Anirudh and Chatarasi, Parsanth and Krishna, Tushar},
   title = {FEATHER: A Reconfigurable Accelerator with Data Reordering Support for Low-Cost On-Chip Dataflow Switching}, 
   year = {2024}, 
   publisher = {Association for Computing Machinery}, 
   address = {Argentina}, 
   booktitle = {Proceedings of the 51th Annual International Symposium on Computer Architecture}, 
   keywords = {flexible accelerator, dataflow-layout coswitching}, 
   location = {Argentina}, 
   series = {ISCA '24} }

@inproceedings{zeng2024flightllm,
  title={Flightllm: Efficient large language model inference with a complete mapping flow on fpgas},
  author={Zeng, Shulin and Liu, Jun and Dai, Guohao and Yang, Xinhao and Fu, Tianyu and Wang, Hongyi and Ma, Wenheng and Sun, Hanbo and Li, Shiyao and Huang, Zixiao and others},
  booktitle={Proceedings of the 2024 ACM/SIGDA International Symposium on Field Programmable Gate Arrays},
  pages={223--234},
  year={2024}
}

@inproceedings{zhang2020dnnexplorer,
  title={DNNExplorer: a framework for modeling and exploring a novel paradigm of FPGA-based DNN accelerator},
  author={Zhang, Xiaofan and Ye, Hanchen and Wang, Junsong and Lin, Yonghua and Xiong, Jinjun and Hwu, Wen-mei and Chen, Deming},
  booktitle={Proceedings of the 39th International Conference on Computer-Aided Design},
  pages={1--9},
  year={2020}
}

@inproceedings{zhao2023token,
  title={Token Packing for Transformers with Variable-Length Inputs},
  author={Zhao, Tiandong and Miao, Siyuan and Lu, Shaoqiang and Cao, Jialin and Qiu, Jun and Shi, Xiao and Wang, Kun and He, Lei},
  booktitle={2023 33rd International Conference on Field-Programmable Logic and Applications (FPL)},
  pages={49--56},
  year={2023},
  organization={IEEE}
}

@inproceedings{zhuang2023charm,
  title={CHARM: C omposing H eterogeneous A ccele R ators for M atrix Multiply on Versal ACAP Architecture},
  author={Zhuang, Jinming and Lau, Jason and Ye, Hanchen and Yang, Zhuoping and Du, Yubo and Lo, Jack and Denolf, Kristof and Neuendorffer, Stephen and Jones, Alex and Hu, Jingtong and others},
  booktitle={Proceedings of the 2023 ACM/SIGDA International Symposium on Field Programmable Gate Arrays},
  pages={153--164},
  year={2023}
}

