@article{chen2024allo,
  title={Allo: A Programming Model for Composable Accelerator Design},
  author={Chen, Hongzheng and Zhang, Niansong and Xiang, Shaojie and Zeng, Zhichen and Dai, Mengjia and Zhang, Zhiru},
  journal={Proceedings of the ACM on Programming Languages},
  volume={8},
  number={PLDI},
  pages={593--620},
  year={2024},
  publisher={ACM New York, NY, USA}
}

@article{basalama2023flexcnn,
  title={FlexCNN: An end-to-end framework for composing CNN accelerators on FPGA},
  author={Basalama, Suhail and Sohrabizadeh, Atefeh and Wang, Jie and Guo, Licheng and Cong, Jason},
  journal={ACM Transactions on Reconfigurable Technology and Systems},
  volume={16},
  number={2},
  pages={1--32},
  year={2023},
  publisher={ACM New York, NY}
}

@inproceedings{wang2021spatten,
  title={Spatten: Efficient sparse attention architecture with cascade token and head pruning},
  author={Wang, Hanrui and Zhang, Zhekai and Han, Song},
  booktitle={2021 IEEE International Symposium on High-Performance Computer Architecture (HPCA)},
  pages={97--110},
  year={2021},
  organization={IEEE}
}

@inproceedings{jouppi2023tpu,
  title={Tpu v4: An optically reconfigurable supercomputer for machine learning with hardware support for embeddings},
  author={Jouppi, Norm and Kurian, George and Li, Sheng and Ma, Peter and Nagarajan, Rahul and Nai, Lifeng and Patil, Nishant and Subramanian, Suvinay and Swing, Andy and Towles, Brian and others},
  booktitle={Proceedings of the 50th Annual International Symposium on Computer Architecture},
  pages={1--14},
  year={2023}
}

@inproceedings{liu2021hardware,
  title={Hardware acceleration of fully quantized bert for efficient natural language processing},
  author={Liu, Zejian and Li, Gang and Cheng, Jian},
  booktitle={2021 Design, Automation \& Test in Europe Conference \& Exhibition (DATE)},
  pages={513--516},
  year={2021},
  organization={IEEE}
}

@inproceedings{bai2023fet,
  title={FET-OPU: A Flexible and Efficient FPGA-Based Overlay Processor for Transformer Networks},
  author={Bai, Yueyin and Zhou, Hao and Zhao, Keqing and Wang, Hongji and Chen, Jianli and Yu, Jun and Wang, Kun},
  booktitle={2023 IEEE/ACM International Conference on Computer Aided Design (ICCAD)},
  pages={1--9},
  year={2023},
  organization={IEEE}
}

@article{devlin2018bert,
  title={Bert: Pre-training of deep bidirectional transformers for language understanding},
  author={Devlin, Jacob and Chang, Ming-Wei and Lee, Kenton and Toutanova, Kristina},
  journal={arXiv preprint arXiv:1810.04805},
  year={2018}
}

@inproceedings{zhuang2024ssr,
  title={SSR: Spatial Sequential Hybrid Architecture for Latency Throughput Tradeoff in Transformer Acceleration},
  author={Zhuang, Jinming and Yang, Zhuoping and Ji, Shixin and Huang, Heng and Jones, Alex K and Hu, Jingtong and Shi, Yiyu and Zhou, Peipei},
  booktitle={Proceedings of the 2024 ACM/SIGDA International Symposium on Field Programmable Gate Arrays},
  pages={55--66},
  year={2024}
}

@inproceedings{kwon2021heterogeneous,
  title={Heterogeneous dataflow accelerators for multi-DNN workloads},
  author={Kwon, Hyoukjun and Lai, Liangzhen and Pellauer, Michael and Krishna, Tushar and Chen, Yu-Hsin and Chandra, Vikas},
  booktitle={2021 IEEE International Symposium on High-Performance Computer Architecture (HPCA)},
  pages={71--83},
  year={2021},
  organization={IEEE}
}

@inproceedings{cong2014fully,
  title={A fully pipelined and dynamically composable architecture of CGRA},
  author={Cong, Jason and Huang, Hui and Ma, Chiyuan and Xiao, Bingjun and Zhou, Peipei},
  booktitle={2014 IEEE 22nd Annual International Symposium on Field-Programmable Custom Computing Machines},
  pages={9--16},
  year={2014},
  organization={IEEE}
}

@inproceedings{baek2020multi,
  title={A multi-neural network acceleration architecture},
  author={Baek, Eunjin and Kwon, Dongup and Kim, Jangwoo},
  booktitle={2020 ACM/IEEE 47th Annual International Symposium on Computer Architecture (ISCA)},
  pages={940--953},
  year={2020},
  organization={IEEE}
}

@inproceedings{cai2023inter,
  title={Inter-layer scheduling space definition and exploration for tiled accelerators},
  author={Cai, Jingwei and Wei, Yuchen and Wu, Zuotong and Peng, Sen and Ma, Kaisheng},
  booktitle={Proceedings of the 50th Annual International Symposium on Computer Architecture},
  pages={1--17},
  year={2023}
}

@inproceedings{zheng2022alpa,
  title={Alpa: Automating inter-and $\{$Intra-Operator$\}$ parallelism for distributed deep learning},
  author={Zheng, Lianmin and Li, Zhuohan and Zhang, Hao and Zhuang, Yonghao and Chen, Zhifeng and Huang, Yanping and Wang, Yida and Xu, Yuanzhong and Zhuo, Danyang and Xing, Eric P and others},
  booktitle={16th USENIX Symposium on Operating Systems Design and Implementation (OSDI 22)},
  pages={559--578},
  year={2022}
}

@article{vaswani2017attention,
  title={Attention is all you need},
  author={Vaswani, Ashish and Shazeer, Noam and Parmar, Niki and Uszkoreit, Jakob and Jones, Llion and Gomez, Aidan N and Kaiser, {\L}ukasz and Polosukhin, Illia},
  journal={Advances in neural information processing systems},
  volume={30},
  year={2017}
}

@article{dong2019unified,
  title={Unified language model pre-training for natural language understanding and generation},
  author={Dong, Li and Yang, Nan and Wang, Wenhui and Wei, Furu and Liu, Xiaodong and Wang, Yu and Gao, Jianfeng and Zhou, Ming and Hon, Hsiao-Wuen},
  journal={Advances in neural information processing systems},
  volume={32},
  year={2019}
}

@article{dosovitskiy2020image,
  title={An image is worth 16x16 words: Transformers for image recognition at scale},
  author={Dosovitskiy, Alexey and Beyer, Lucas and Kolesnikov, Alexander and Weissenborn, Dirk and Zhai, Xiaohua and Unterthiner, Thomas and Dehghani, Mostafa and Minderer, Matthias and Heigold, Georg and Gelly, Sylvain and others},
  journal={arXiv preprint arXiv:2010.11929},
  year={2020}
}

@article{brown2020language,
  title={Language models are few-shot learners},
  author={Brown, Tom and Mann, Benjamin and Ryder, Nick and Subbiah, Melanie and Kaplan, Jared D and Dhariwal, Prafulla and Neelakantan, Arvind and Shyam, Pranav and Sastry, Girish and Askell, Amanda and others},
  journal={Advances in neural information processing systems},
  volume={33},
  pages={1877--1901},
  year={2020}
}

@article{team2023gemini,
  title={Gemini: a family of highly capable multimodal models},
  author={Team, Gemini and Anil, Rohan and Borgeaud, Sebastian and Wu, Yonghui and Alayrac, Jean-Baptiste and Yu, Jiahui and Soricut, Radu and Schalkwyk, Johan and Dai, Andrew M and Hauth, Anja and others},
  journal={arXiv preprint arXiv:2312.11805},
  year={2023}
}

@article{stojkovic2024towards,
  title={Towards Greener LLMs: Bringing Energy-Efficiency to the Forefront of LLM Inference},
  author={Stojkovic, Jovan and Choukse, Esha and Zhang, Chaojie and Goiri, Inigo and Torrellas, Josep},
  journal={arXiv preprint arXiv:2403.20306},
  year={2024}
}

@article{yao2024survey,
  title={A survey on large language model (llm) security and privacy: The good, the bad, and the ugly},
  author={Yao, Yifan and Duan, Jinhao and Xu, Kaidi and Cai, Yuanfang and Sun, Zhibo and Zhang, Yue},
  journal={High-Confidence Computing},
  pages={100211},
  year={2024},
  publisher={Elsevier}
}

@article{naveed2023comprehensive,
  title={A comprehensive overview of large language models},
  author={Naveed, Humza and Khan, Asad Ullah and Qiu, Shi and Saqib, Muhammad and Anwar, Saeed and Usman, Muhammad and Barnes, Nick and Mian, Ajmal},
  journal={arXiv preprint arXiv:2307.06435},
  year={2023}
}

@inproceedings{xie2017aggregated,
  title={Aggregated residual transformations for deep neural networks},
  author={Xie, Saining and Girshick, Ross and Doll{\'a}r, Piotr and Tu, Zhuowen and He, Kaiming},
  booktitle={Proceedings of the IEEE conference on computer vision and pattern recognition},
  pages={1492--1500},
  year={2017}
}

@inproceedings{he2016deep,
  title={Deep residual learning for image recognition},
  author={He, Kaiming and Zhang, Xiangyu and Ren, Shaoqing and Sun, Jian},
  booktitle={Proceedings of the IEEE conference on computer vision and pattern recognition},
  pages={770--778},
  year={2016}
}

@article{radford2019language,
  title={Language models are unsupervised multitask learners},
  author={Radford, Alec and Wu, Jeffrey and Child, Rewon and Luan, David and Amodei, Dario and Sutskever, Ilya and others},
  journal={OpenAI blog},
  volume={1},
  number={8},
  pages={9},
  year={2019}
}

@article{touvron2023llama,
  title={Llama 2: Open foundation and fine-tuned chat models},
  author={Touvron, Hugo and Martin, Louis and Stone, Kevin and Albert, Peter and Almahairi, Amjad and Babaei, Yasmine and Bashlykov, Nikolay and Batra, Soumya and Bhargava, Prajjwal and Bhosale, Shruti and others},
  journal={arXiv preprint arXiv:2307.09288},
  year={2023}
}

@misc{
Xilinx, 
url={https://docs.xilinx.com/r/en-US/ds963-u280}, 
title={Alveo U280 Data Center Accelerator Card Data Sheet}
}

@misc{
versal, 
url={https://docs.amd.com/v/u/en-US/versal-hbm-product-selection-guide}, 
title={AMD Versal HBM Series Product Selection Guide}
}

@misc{
versal-premium, 
url={https://docs.amd.com/v/u/en-US/versal-premium-psg}, 
title={AMD Versal Premium Series Product Selection Guide}
}

@misc{
nvidia-v100, 
url={https://images.nvidia.com/content/technologies/volta/pdf/tesla-volta-v100-datasheet-letter-fnl-web.pdf}, 
title={NVIDIA TESLA V100 GPU ACCELERATOR}
}

@misc{altera,
    url={https://www.intel.com/content/www/us/en/docs/programmable/762191/current/variable-precision-dsp-in-fpgas-and-socs.html},
    title={Agilex 5 FPGAs and SoCs Device Overview}
}

@inproceedings{zhang2020dnnexplorer,
  title={DNNExplorer: a framework for modeling and exploring a novel paradigm of FPGA-based DNN accelerator},
  author={Zhang, Xiaofan and Ye, Hanchen and Wang, Junsong and Lin, Yonghua and Xiong, Jinjun and Hwu, Wen-mei and Chen, Deming},
  booktitle={Proceedings of the 39th International Conference on Computer-Aided Design},
  pages={1--9},
  year={2020}
}

@inproceedings{nguyen2017double,
  title={Double MAC: Doubling the performance of convolutional neural networks on modern FPGAs},
  author={Nguyen, Dong and Kim, Daewoo and Lee, Jongeun},
  booktitle={Design, Automation \& Test in Europe Conference \& Exhibition (DATE), 2017},
  pages={890--893},
  year={2017},
  organization={IEEE}
}

@inproceedings{sommer2022dsp,
  title={Dsp-packing: Squeezing low-precision arithmetic into fpga dsp blocks},
  author={Sommer, Jan and {\"O}zkan, M Akif and Keszocze, Oliver and Teich, J{\"u}rgen},
  booktitle={2022 32nd International Conference on Field-Programmable Logic and Applications (FPL)},
  pages={160--166},
  year={2022},
  organization={IEEE}
}

@article{pradhan2023efficient,
  title={Efficient table-based function approximation on FPGAs using interval splitting and BRAM instantiation},
  author={Pradhan, Chetana and Letras, Martin and Teich, J{\"u}rgen},
  journal={ACM Transactions on Embedded Computing Systems},
  volume={22},
  number={4},
  pages={1--24},
  year={2023},
  publisher={ACM New York, NY}
}

@article{guo2023tapa,
  title={TAPA: a scalable task-parallel dataflow programming framework for modern FPGAs with co-optimization of HLS and physical design},
  author={Guo, Licheng and Chi, Yuze and Lau, Jason and Song, Linghao and Tian, Xingyu and Khatti, Moazin and Qiao, Weikang and Wang, Jie and Ustun, Ecenur and Fang, Zhenman and others},
  journal={ACM Transactions on Reconfigurable Technology and Systems},
  volume={16},
  number={4},
  pages={1--31},
  year={2023},
  publisher={ACM New York, NY}
}

@inproceedings{guo2021autobridge,
  title={AutoBridge: Coupling coarse-grained floorplanning and pipelining for high-frequency HLS design on multi-die FPGAs},
  author={Guo, Licheng and Chi, Yuze and Wang, Jie and Lau, Jason and Qiao, Weikang and Ustun, Ecenur and Zhang, Zhiru and Cong, Jason},
  booktitle={The 2021 ACM/SIGDA International Symposium on Field-Programmable Gate Arrays},
  pages={81--92},
  year={2021}
}

@inproceedings{song2022serpens,
  title={Serpens: A high bandwidth memory based accelerator for general-purpose sparse matrix-vector multiplication},
  author={Song, Linghao and Chi, Yuze and Guo, Licheng and Cong, Jason},
  booktitle={Proceedings of the 59th ACM/IEEE design automation conference},
  pages={211--216},
  year={2022}
}

@inproceedings{he2024levelst,
  title={LevelST: Stream-based Accelerator for Sparse Triangular Solver},
  author={He, Zifan and Song, Linghao and Lucas, Robert F and Cong, Jason},
  booktitle={Proceedings of the 2024 ACM/SIGDA International Symposium on Field Programmable Gate Arrays},
  pages={67--77},
  year={2024}
}

@article{scagliola1985language,
  title={Language models and search algorithms for real-time speech recognition},
  author={Scagliola, Carlo},
  journal={International Journal of Man-Machine Studies},
  volume={22},
  number={5},
  pages={523--547},
  year={1985},
  publisher={Elsevier}
}

@inproceedings{imai2010speech,
  title={Speech recognition with a seamlessly updated language model for real-time closed-captioning},
  author={Imai, Toru and Homma, Shinichi and Kobayashi, Akio and Oku, Takahiro and Sato, Shoei},
  booktitle={Eleventh Annual Conference of the International Speech Communication Association},
  year={2010}
}

@article{raiaan2024review,
  title={A review on large Language Models: Architectures, applications, taxonomies, open issues and challenges},
  author={Raiaan, Mohaimenul Azam Khan and Mukta, Md Saddam Hossain and Fatema, Kaniz and Fahad, Nur Mohammad and Sakib, Sadman and Mim, Most Marufatul Jannat and Ahmad, Jubaer and Ali, Mohammed Eunus and Azam, Sami},
  journal={IEEE Access},
  year={2024},
  publisher={IEEE}
}

@inproceedings{liu2022overgen,
  title={OverGen: Improving FPGA usability through domain-specific overlay generation},
  author={Liu, Sihao and Weng, Jian and Kupsh, Dylan and Sohrabizadeh, Atefeh and Wang, Zhengrong and Guo, Licheng and Liu, Jiuyang and Zhulin, Maxim and Mani, Rishabh and Zhang, Lucheng and others},
  booktitle={2022 55th IEEE/ACM International Symposium on Microarchitecture (MICRO)},
  pages={35--56},
  year={2022},
  organization={IEEE}
}

@inproceedings{tong2024FEATHER, 
  author = {Tong, Jianming and Itagi, Anirudh and Chatarasi, Parsanth and Krishna, Tushar},
   title = {FEATHER: A Reconfigurable Accelerator with Data Reordering Support for Low-Cost On-Chip Dataflow Switching}, 
   year = {2024}, 
   publisher = {Association for Computing Machinery}, 
   address = {Argentina}, 
   booktitle = {Proceedings of the 51th Annual International Symposium on Computer Architecture}, 
   keywords = {flexible accelerator, dataflow-layout coswitching}, 
   location = {Argentina}, 
   series = {ISCA '24} }

@inproceedings{tanomoto2015cgra,
  title={A CGRA-based approach for accelerating convolutional neural networks},
  author={Tanomoto, Masakazu and Takamaeda-Yamazaki, Shinya and Yao, Jun and Nakashima, Yasuhiko},
  booktitle={2015 IEEE 9th International Symposium on Embedded Multicore/Many-core Systems-on-Chip},
  pages={73--80},
  year={2015},
  organization={IEEE}
}

@inproceedings{zhao2023token,
  title={Token Packing for Transformers with Variable-Length Inputs},
  author={Zhao, Tiandong and Miao, Siyuan and Lu, Shaoqiang and Cao, Jialin and Qiu, Jun and Shi, Xiao and Wang, Kun and He, Lei},
  booktitle={2023 33rd International Conference on Field-Programmable Logic and Applications (FPL)},
  pages={49--56},
  year={2023},
  organization={IEEE}
}

@inproceedings{ragheb2018high,
  title={High-level synthesis of fpga circuits with multiple clock domains},
  author={Ragheb, Omar and Anderson, Jason H},
  booktitle={2018 IEEE 26th Annual International Symposium on Field-Programmable Custom Computing Machines (FCCM)},
  pages={109--116},
  year={2018},
  organization={IEEE}
}

@inproceedings{hong2022dfx,
  title={Dfx: A low-latency multi-fpga appliance for accelerating transformer-based text generation},
  author={Hong, Seongmin and Moon, Seungjae and Kim, Junsoo and Lee, Sungjae and Kim, Minsub and Lee, Dongsoo and Kim, Joo-Young},
  booktitle={2022 55th IEEE/ACM International Symposium on Microarchitecture (MICRO)},
  pages={616--630},
  year={2022},
  organization={IEEE}
}

@article{chen2024understanding,
  title={Understanding the potential of fpga-based spatial acceleration for large language model inference},
  author={Chen, Hongzheng and Zhang, Jiahao and Du, Yixiao and Xiang, Shaojie and Yue, Zichao and Zhang, Niansong and Cai, Yaohui and Zhang, Zhiru},
  journal={ACM Transactions on Reconfigurable Technology and Systems},
  year={2024},
  publisher={ACM New York, NY}
}

@inproceedings{song2023callipepla,
  title={Callipepla: Stream centric instruction set and mixed precision for accelerating conjugate gradient solver},
  author={Song, Linghao and Guo, Licheng and Basalama, Suhail and Chi, Yuze and Lucas, Robert F and Cong, Jason},
  booktitle={Proceedings of the 2023 ACM/SIGDA International Symposium on Field Programmable Gate Arrays},
  pages={247--258},
  year={2023}
}

@inproceedings{taras2019impact,
  title={Impact of FPGA architecture on area and performance of CGRA overlays},
  author={Taras, Ian and Anderson, Jason H},
  booktitle={2019 IEEE 27th Annual International Symposium on Field-Programmable Custom Computing Machines (FCCM)},
  pages={87--95},
  year={2019},
  organization={IEEE}
}

@article{chronaki2016task,
  title={Task scheduling techniques for asymmetric multi-core systems},
  author={Chronaki, Kallia and Rico, Alejandro and Casas, Marc and Moret{\'o}, Miquel and Badia, Rosa M and Ayguad{\'e}, Eduard and Labarta, Jesus and Valero, Mateo},
  journal={IEEE Transactions on Parallel and Distributed Systems},
  volume={28},
  number={7},
  pages={2074--2087},
  year={2016},
  publisher={IEEE}
}

@article{dao2022flashattention,
  title={Flashattention: Fast and memory-efficient exact attention with io-awareness},
  author={Dao, Tri and Fu, Dan and Ermon, Stefano and Rudra, Atri and R{\'e}, Christopher},
  journal={Advances in Neural Information Processing Systems},
  volume={35},
  pages={16344--16359},
  year={2022}
}

@inproceedings{jouppi2021ten,
  title={Ten lessons from three generations shaped google’s tpuv4i: Industrial product},
  author={Jouppi, Norman P and Yoon, Doe Hyun and Ashcraft, Matthew and Gottscho, Mark and Jablin, Thomas B and Kurian, George and Laudon, James and Li, Sheng and Ma, Peter and Ma, Xiaoyu and others},
  booktitle={2021 ACM/IEEE 48th Annual International Symposium on Computer Architecture (ISCA)},
  pages={1--14},
  year={2021},
  organization={IEEE}
}

@article{rajpurkar2016squad,
  title={Squad: 100,000+ questions for machine comprehension of text},
  author={Rajpurkar, P},
  journal={arXiv preprint arXiv:1606.05250},
  year={2016}
}

@article{bai2023longbench,
  title={Longbench: A bilingual, multitask benchmark for long context understanding},
  author={Bai, Yushi and Lv, Xin and Zhang, Jiajie and Lyu, Hongchang and Tang, Jiankai and Huang, Zhidian and Du, Zhengxiao and Liu, Xiao and Zeng, Aohan and Hou, Lei and others},
  journal={arXiv preprint arXiv:2308.14508},
  year={2023}
}

@inproceedings{zeng2024flightllm,
  title={Flightllm: Efficient large language model inference with a complete mapping flow on fpgas},
  author={Zeng, Shulin and Liu, Jun and Dai, Guohao and Yang, Xinhao and Fu, Tianyu and Wang, Hongyi and Ma, Wenheng and Sun, Hanbo and Li, Shiyao and Huang, Zixiao and others},
  booktitle={Proceedings of the 2024 ACM/SIGDA International Symposium on Field Programmable Gate Arrays},
  pages={223--234},
  year={2024}
}

@article{he2024hmt,
  title={HMT: Hierarchical Memory Transformer for Long Context Language Processing},
  author={He, Zifan and Qin, Zongyue and Prakriya, Neha and Sun, Yizhou and Cong, Jason},
  journal={arXiv preprint arXiv:2405.06067},
  year={2024}
}

@article{bulatov2022recurrent,
  title={Recurrent memory transformer},
  author={Bulatov, Aydar and Kuratov, Yury and Burtsev, Mikhail},
  journal={Advances in Neural Information Processing Systems},
  volume={35},
  pages={11079--11091},
  year={2022}
}

@article{kim2023compressed,
  title={Compressed Context Memory For Online Language Model Interaction},
  author={Kim, Jang-Hyun and Yeom, Junyoung and Yun, Sangdoo and Song, Hyun Oh},
  journal={arXiv preprint arXiv:2312.03414},
  year={2023}
}

@inproceedings{zhuang2023charm,
  title={CHARM: C omposing H eterogeneous A ccele R ators for M atrix Multiply on Versal ACAP Architecture},
  author={Zhuang, Jinming and Lau, Jason and Ye, Hanchen and Yang, Zhuoping and Du, Yubo and Lo, Jack and Denolf, Kristof and Neuendorffer, Stephen and Jones, Alex and Hu, Jingtong and others},
  booktitle={Proceedings of the 2023 ACM/SIGDA International Symposium on Field Programmable Gate Arrays},
  pages={153--164},
  year={2023}
}

@article{cong2022fpga,
  title={FPGA HLS today: successes, challenges, and opportunities},
  author={Cong, Jason and Lau, Jason and Liu, Gai and Neuendorffer, Stephen and Pan, Peichen and Vissers, Kees and Zhang, Zhiru},
  journal={ACM Transactions on Reconfigurable Technology and Systems (TRETS)},
  volume={15},
  number={4},
  pages={1--42},
  year={2022},
  publisher={ACM New York, NY}
}

@article{han2022survey,
  title={A survey on vision transformer},
  author={Han, Kai and Wang, Yunhe and Chen, Hanting and Chen, Xinghao and Guo, Jianyuan and Liu, Zhenhua and Tang, Yehui and Xiao, An and Xu, Chunjing and Xu, Yixing and others},
  journal={IEEE transactions on pattern analysis and machine intelligence},
  volume={45},
  number={1},
  pages={87--110},
  year={2022},
  publisher={IEEE}
}

@article{velivckovic2017graph,
  title={Graph attention networks},
  author={Veli{\v{c}}kovi{\'c}, Petar and Cucurull, Guillem and Casanova, Arantxa and Romero, Adriana and Lio, Pietro and Bengio, Yoshua},
  journal={arXiv preprint arXiv:1710.10903},
  year={2017}
}

@inproceedings{farhadi2018yolov3,
  title={YoloV3: An incremental improvement},
  author={Farhadi, Ali and Redmon, Joseph},
  booktitle={Computer vision and pattern recognition},
  volume={1804},
  pages={1--6},
  year={2018},
  organization={Springer Berlin/Heidelberg, Germany}
}

@article{vedaldi2016vgg,
  title={VGG Convolutional Neural Networks Practical},
  author={Vedaldi, Andrea and Zisserman, Andrew},
  journal={Department of Engineering Science, University of Oxford},
  volume={66},
  year={2016}
}

@article{gao2020zero,
  title={Zero-VAE-GAN: Generating unseen features for generalized and transductive zero-shot learning},
  author={Gao, Rui and Hou, Xingsong and Qin, Jie and Chen, Jiaxin and Liu, Li and Zhu, Fan and Zhang, Zhao and Shao, Ling},
  journal={IEEE Transactions on Image Processing},
  volume={29},
  pages={3665--3680},
  year={2020},
  publisher={IEEE}
}

@article{Duarte:2018ite,
    author = "Duarte, Javier and others",
    title = "{Fast inference of deep neural networks in FPGAs for particle physics}",
    eprint = "1804.06913",
    archivePrefix = "arXiv",
    primaryClass = "physics.ins-det",
    reportNumber = "FERMILAB-PUB-18-089-E",
    doi = "10.1088/1748-0221/13/07/P07027",
    journal = "JINST",
    volume = "13",
    number = "07",
    pages = "P07027",
    year = "2018"
}

@inproceedings{yu2020light,
  title={Light-OPU: An FPGA-based overlay processor for lightweight convolutional neural networks},
  author={Yu, Yunxuan and Zhao, Tiandong and Wang, Kun and He, Lei},
  booktitle={Proceedings of the 2020 ACM/SIGDA International Symposium on Field-Programmable Gate Arrays},
  pages={122--132},
  year={2020}
}

@article{yu2019opu,
  title={OPU: An FPGA-based overlay processor for convolutional neural networks},
  author={Yu, Yunxuan and Wu, Chen and Zhao, Tiandong and Wang, Kun and He, Lei},
  journal={IEEE Transactions on Very Large Scale Integration (VLSI) Systems},
  volume={28},
  number={1},
  pages={35--47},
  year={2019},
  publisher={IEEE}
}

@article{abi2022gengnn,
  title={GenGNN: A generic FPGA framework for graph neural network acceleration},
  author={Abi-Karam, Stefan and He, Yuqi and Sarkar, Rishov and Sathidevi, Lakshmi and Qiao, Zihang and Hao, Cong},
  journal={arXiv preprint arXiv:2201.08475},
  year={2022}
}

@article{tian2022fp,
  title={FP-GNN: adaptive FPGA accelerator for graph neural networks},
  author={Tian, Teng and Zhao, Letian and Wang, Xiaotian and Wu, Qizhe and Yuan, Wei and Jin, Xi},
  journal={Future Generation Computer Systems},
  volume={136},
  pages={294--310},
  year={2022},
  publisher={Elsevier}
}

@article{gschwend2020zynqnet,
  title={Zynqnet: An fpga-accelerated embedded convolutional neural network},
  author={Gschwend, David},
  journal={arXiv preprint arXiv:2005.06892},
  year={2020}
}

@article{zhou-rosetta-fpga2018,
    title   = "{Rosetta: A Realistic High-Level Synthesis Benchmark Suite for
                Software-Programmable FPGAs}",
    author  = {Yuan Zhou and Udit Gupta and Steve Dai and Ritchie Zhao and 
               Nitish Srivastava and Hanchen Jin and Joseph Featherston and
               Yi-Hsiang Lai and Gai Liu and Gustavo Angarita Velasquez and
               Wenping Wang and Zhiru Zhang},
    journal = {Int'l Symp. on Field-Programmable Gate Arrays (FPGA)},
    month   = {Feb},
    year    = {2018},
  }

@article{pouchet2012polybench,
  title={Polybench: The polyhedral benchmark suite},
  author={Pouchet, Louis-No{\"e}l and others},
  journal={URL: http://www. cs. ucla. edu/pouchet/software/polybench},
  volume={437},
  pages={1--1},
  year={2012}
}

@article{kong2023hardware,
  title={Hardware abstractions and hardware mechanisms to support multi-task execution on coarse-grained reconfigurable arrays},
  author={Kong, Taeyoung and Koul, Kalhan and Raina, Priyanka and Horowitz, Mark and Torng, Christopher},
  journal={arXiv preprint arXiv:2301.00861},
  year={2023}
}

@article{vipin2018fpga,
  title={FPGA dynamic and partial reconfiguration: A survey of architectures, methods, and applications},
  author={Vipin, Kizheppatt and Fahmy, Suhaib A},
  journal={ACM Computing Surveys (CSUR)},
  volume={51},
  number={4},
  pages={1--39},
  year={2018},
  publisher={ACM New York, NY, USA}
}

@article{looks2017deep,
  title={Deep learning with dynamic computation graphs},
  author={Looks, Moshe and Herreshoff, Marcello and Hutchins, DeLesley and Norvig, Peter},
  journal={arXiv preprint arXiv:1702.02181},
  year={2017}
}