@article{alismail2015automatic,
  title={Automatic calibration of spinning actuated lidar internal parameters},
  author={Alismail, Hatem and Browning, Brett},
  journal={Journal of Field Robotics},
  volume={32},
  number={5},
  pages={723--747},
  year={2015},
  publisher={Wiley Online Library}
}

@misc{cui2020,
      title={ACSC: Automatic Calibration for Non-repetitive Scanning Solid-State LiDAR and Camera Systems}, 
      author={Jiahe Cui and Jianwei Niu and Zhenchao Ouyang and Yunxiang He and Dian Liu},
      year={2020},
      eprint={2011.08516},
      archivePrefix={arXiv},
      primaryClass={cs.CV},
      url={https://arxiv.org/abs/2011.08516}, 
}

@misc{dhall2017,
      title={LiDAR-Camera Calibration using 3D-3D Point correspondences}, 
      author={Ankit Dhall and Kunal Chelani and Vishnu Radhakrishnan and K. M. Krishna},
      year={2017},
      eprint={1705.09785},
      archivePrefix={arXiv},
      primaryClass={cs.RO},
      url={https://arxiv.org/abs/1705.09785}, 
}

@article{gao2019calibration,
  title={Calibration of rotating 2D LIDAR based on simple plane measurement},
  author={Gao, Zhe and Huang, Jun and Yang, Xiaofei and An, Ping},
  journal={Sensor Review},
  volume={39},
  number={2},
  pages={190--198},
  year={2019},
  publisher={Emerald Publishing Limited}
}

@article{kang2016full,
  title={Full-DOF calibration of a rotating 2-D LIDAR with a simple plane measurement},
  author={Kang, Jaehyeon and Doh, Nakju Lett},
  journal={IEEE Transactions on Robotics},
  volume={32},
  number={5},
  pages={1245--1263},
  year={2016},
  publisher={IEEE}
}

@article{liao2023se,
  title={SE-Calib: Semantic Edges based LiDAR-Camera Boresight Online Calibration in Urban Scenes},
  author={Liao, Youqi and Li, Jianping and Kang, Shuhao and Li, Qiang and Zhu, Guifang and Yuan, Shenghai and Dong, Zhen and Yang, Bisheng},
  journal={IEEE Transactions on Geoscience and Remote Sensing},
  year={2023},
  publisher={IEEE}
}

@article{olivka2016,
author = {Olivka, Petr and Krumnikl, Michal and Moravec, Pavel and Seidl, David},
year = {2015},
month = {12},
pages = {1-13},
title = {Calibration of Short Range 2D Laser Range Finder for 3D SLAM Usage},
volume = {2016},
journal = {Journal of Sensors},
doi = {10.1155/2016/3715129}
}

@misc{park2020,
      title={Spatiotemporal Camera-LiDAR Calibration: A Targetless and Structureless Approach}, 
      author={Chanoh Park and Peyman Moghadam and Soohwan Kim and Sridha Sridharan and Clinton Fookes},
      year={2020},
      eprint={2001.06175},
      archivePrefix={arXiv},
      primaryClass={cs.RO},
      url={https://arxiv.org/abs/2001.06175}, 
}

@article{skaloud2006rigorous,
  title={Rigorous approach to bore-sight self-calibration in airborne laser scanning},
  author={Skaloud, Jan and Lichti, Derek},
  journal={ISPRS journal of photogrammetry and remote sensing},
  volume={61},
  number={1},
  pages={47--59},
  year={2006},
  publisher={Elsevier}
}

@misc{yuan2021,
      title={Pixel-level Extrinsic Self Calibration of High Resolution LiDAR and Camera in Targetless Environments}, 
      author={Chongjian Yuan and Xiyuan Liu and Xiaoping Hong and Fu Zhang},
      year={2021},
      eprint={2103.01627},
      archivePrefix={arXiv},
      primaryClass={cs.RO},
      url={https://arxiv.org/abs/2103.01627}, 
}

