@article{li2023whu,
  title={WHU-Helmet: A helmet-based multi-sensor SLAM dataset for the evaluation of real-time 3D mapping in large-scale GNSS-denied environments},
  author={Li, Jianping and Wu, Weitong and Yang, Bisheng and Zou, Xianghong and Yang, Yandi and Zhao, Xin and Dong, Zhen},
  journal={IEEE Transactions on Geoscience and Remote Sensing},
  year={2023},
  publisher={IEEE}
}

@article{li2024hcto,
  title={HCTO: Optimality-aware LiDAR inertial odometry with hybrid continuous time optimization for compact wearable mapping system},
  author={Li, Jianping and Yuan, Shenghai and Cao, Muqing and Nguyen, Thien-Minh and Cao, Kun and Xie, Lihua},
  journal={ISPRS Journal of Photogrammetry and Remote Sensing},
  volume={211},
  pages={228--243},
  year={2024},
  publisher={Elsevier}
}

@article{kong2023marsim,
  title={MARSIM: A light-weight point-realistic simulator for LiDAR-based UAVs},
  author={Kong, Fanze and Liu, Xiyuan and Tang, Benxu and Lin, Jiarong and Ren, Yunfan and Cai, Yixi and Zhu, Fangcheng and Chen, Nan and Zhang, Fu},
  journal={IEEE Robotics and Automation Letters},
  volume={8},
  number={5},
  pages={2954--2961},
  year={2023},
  publisher={IEEE}
}

@article{dong2017novel,
  title={A novel binary shape context for 3D local surface description},
  author={Dong, Zhen and Yang, Bisheng and Liu, Yuan and Liang, Fuxun and Li, Bijun and Zang, Yufu},
  journal={ISPRS Journal of Photogrammetry and Remote Sensing},
  volume={130},
  pages={431--452},
  year={2017},
  publisher={Elsevier}
}
@article{sun2015denoising,
  title={Denoising point sets via L0 minimization},
  author={Sun, Yujing and Schaefer, Scott and Wang, Wenping},
  journal={Computer Aided Geometric Design},
  volume={35},
  pages={2--15},
  year={2015},
  publisher={Elsevier}
}

@inproceedings{nguyen2024mcd,
  title={Mcd: Diverse large-scale multi-campus dataset for robot perception},
  author={Nguyen, Thien-Minh and Yuan, Shenghai and Nguyen, Thien Hoang and Yin, Pengyu and Cao, Haozhi and Xie, Lihua and Wozniak, Maciej and Jensfelt, Patric and Thiel, Marko and Ziegenbein, Justin and others},
  booktitle={Proceedings of the IEEE/CVF Conference on Computer Vision and Pattern Recognition},
  pages={22304--22313},
  year={2024}
}

@inproceedings{xu2011image,
  title={Image smoothing via L 0 gradient minimization},
  author={Xu, Li and Lu, Cewu and Xu, Yi and Jia, Jiaya},
  booktitle={Proceedings of the 2011 SIGGRAPH Asia conference},
  pages={1--12},
  year={2011}
}

@article{deng2023long,
  title={Long-Term Visual Simultaneous Localization and Mapping: Using a Bayesian Persistence Filter-Based Global Map Prediction},
  author={Deng, Tianchen and Xie, Hongle and Wang, Jingchuan and Chen, Weidong},
  journal={IEEE Robotics \& Automation Magazine},
  volume={30},
  number={1},
  pages={36--49},
  year={2023},
  publisher={IEEE}
}

@article{alexa2003computing,
  title={Computing and rendering point set surfaces},
  author={Alexa, Marc and Behr, Johannes and Cohen-Or, Daniel and Fleishman, Shachar and Levin, David and Silva, Claudio T.},
  journal={IEEE Transactions on visualization and computer graphics},
  volume={9},
  number={1},
  pages={3--15},
  year={2003},
  publisher={IEEE}
}
@misc{livox2023mid,
  author = {Livox},
  title = {https://www.livoxtech.com/mid-360},
  year = {2023},
  url = {https://www.livoxtech.com/mid-360},
  note = {Accessed on: 2023.12}
}

@article{li2018automatic,
  title={Automatic registration of panoramic image sequence and mobile laser scanning data using semantic features},
  author={Li, Jianping and Yang, Bisheng and Chen, Chi and Huang, Ronggang and Dong, Zhen and Xiao, Wen},
  journal={ISPRS Journal of Photogrammetry and Remote Sensing},
  volume={136},
  pages={41--57},
  year={2018},
  publisher={Elsevier}
}

@inproceedings{filatov20172d,
  title={2d slam quality evaluation methods},
  author={Filatov, Anton and Filatov, Artyom and Krinkin, Kirill and Chen, Baian and Molodan, Diana},
  booktitle={2017 21st Conference of Open Innovations Association (FRUCT)},
  pages={120--126},
  year={2017},
  organization={IEEE}
}

@misc{grupp2017evo,
  title={evo: Python package for the evaluation of odometry and SLAM.},
  author={Grupp, Michael},
  howpublished={\url{https://github.com/MichaelGrupp/evo}},
  year={2017}
}

@article{liu2023efficient,
  title={Efficient and consistent bundle adjustment on Lidar point clouds},
  author={Liu, Zheng and Liu, Xiyuan and Zhang, Fu},
  journal={IEEE Transactions on Robotics},
  year={2023},
  publisher={IEEE}
}

@inproceedings{fantoni2012accurate,
  title={Accurate and automatic alignment of range surfaces},
  author={Fantoni, Simone and Castellani, Umberto and Fusiello, Andrea},
  booktitle={2012 Second International Conference on 3D Imaging, Modeling, Processing, Visualization \& Transmission},
  pages={73--80},
  year={2012},
  organization={IEEE}
}

@article{xu2022fast,
  title={Fast-lio2: Fast direct lidar-inertial odometry},
  author={Xu, Wei and Cai, Yixi and He, Dongjiao and Lin, Jiarong and Zhang, Fu},
  journal={IEEE Transactions on Robotics},
  volume={38},
  number={4},
  pages={2053--2073},
  year={2022},
  publisher={IEEE}
}

@article{nguyen2023slict,
  title={SLICT: Multi-Input Multi-Scale Surfel-Based Lidar-Inertial Continuous-Time Odometry and Mapping},
  author={Nguyen, Thien-Minh and Duberg, Daniel and Jensfelt, Patric and Yuan, Shenghai and Xie, Lihua},
  journal={IEEE Robotics and Automation Letters},
  volume={8},
  number={4},
  pages={2102--2109},
  year={2023},
  publisher={IEEE}
}

@article{kim2021development,
  title={Development of BIM-integrated construction robot task planning and simulation system},
  author={Kim, Sungjin and Peavy, Matthew and Huang, Pei-Chi and Kim, Kyungki},
  journal={Automation in Construction},
  volume={127},
  pages={103720},
  year={2021},
  publisher={Elsevier}
}

@article{liu2015robotic,
  title={Robotic online path planning on point cloud},
  author={Liu, Ming},
  journal={IEEE transactions on cybernetics},
  volume={46},
  number={5},
  pages={1217--1228},
  year={2015},
  publisher={IEEE}
}

@article{cao2021distributed,
  title={Distributed multi-robot sweep coverage for a region with unknown workload distribution},
  author={Cao, Muqing and Cao, Kun and Li, Xiuxian and Yuan, Shenghai and Lyu, Yang and Nguyen, Thien-Minh and Xie, Lihua},
  journal={Autonomous Intelligent Systems},
  volume={1},
  number={1},
  pages={13},
  year={2021},
  publisher={Springer}
}

@article{yang2022hierarchical,
  title={A hierarchical approach for refining point cloud quality of a low cost UAV LiDAR system in the urban environment},
  author={Yang, Bisheng and Li, Jianping},
  journal={ISPRS Journal of Photogrammetry and Remote Sensing},
  volume={183},
  pages={403--421},
  year={2022},
  publisher={Elsevier}
}

@article{liu2021low,
  title={Low-cost retina-like robotic lidars based on incommensurable scanning},
  author={Liu, Zheng and Zhang, Fu and Hong, Xiaoping},
  journal={IEEE/ASME Transactions on Mechatronics},
  volume={27},
  number={1},
  pages={58--68},
  year={2021},
  publisher={IEEE}
}

@inproceedings{segal2009generalized,
  title={Generalized-icp.},
  author={Segal, Aleksandr and Haehnel, Dirk and Thrun, Sebastian},
  booktitle={Robotics: science and systems},
  volume={2},
  number={4},
  pages={435},
  year={2009},
  organization={Seattle, WA}
}

@article{einhorn2015generic,
  title={Generic NDT mapping in dynamic environments and its application for lifelong SLAM},
  author={Einhorn, Erik and Gross, Horst-Michael},
  journal={Robotics and Autonomous Systems},
  volume={69},
  pages={28--39},
  year={2015},
  publisher={Elsevier}
}

@inproceedings{zhang2014loam,
  title={LOAM: Lidar odometry and mapping in real-time.},
  author={Zhang, Ji and Singh, Sanjiv},
  booktitle={Robotics: Science and systems},
  volume={2},
  number={9},
  pages={1--9},
  year={2014},
  organization={Berkeley, CA}
}

@article{li2020slam,
  title={SLAM integrated mobile mapping system in complex urban environments},
  author={Li, Shuaixin and Li, Guangyun and Wang, Li and Qin, Yuchu},
  journal={ISPRS Journal of Photogrammetry and Remote Sensing},
  volume={166},
  pages={316--332},
  year={2020},
  publisher={Elsevier}
}

@article{park2021elasticity,
  title={Elasticity meets continuous-time: Map-centric dense 3D LiDAR SLAM},
  author={Park, Chanoh and Moghadam, Peyman and Williams, Jason L and Kim, Soohwan and Sridharan, Sridha and Fookes, Clinton},
  journal={IEEE Transactions on Robotics},
  volume={38},
  number={2},
  pages={978--997},
  year={2021},
  publisher={IEEE}
}

@article{han2017review,
  title={A review of algorithms for filtering the 3D point cloud},
  author={Han, Xian-Feng and Jin, Jesse S and Wang, Ming-Jie and Jiang, Wei and Gao, Lei and Xiao, Liping},
  journal={Signal Processing: Image Communication},
  volume={57},
  pages={103--112},
  year={2017},
  publisher={Elsevier}
}

@inproceedings{triggs2000bundle,
  title={Bundle adjustmentâ€”a modern synthesis},
  author={Triggs, Bill and McLauchlan, Philip F and Hartley, Richard I and Fitzgibbon, Andrew W},
  booktitle={Vision Algorithms: Theory and Practice: International Workshop on Vision Algorithms Corfu, Greece, September 21--22, 1999 Proceedings},
  pages={298--372},
  year={2000},
  organization={Springer}
}

@inproceedings{koide2021voxelized,
  title={Voxelized GICP for fast and accurate 3D point cloud registration},
  author={Koide, Kenji and Yokozuka, Masashi and Oishi, Shuji and Banno, Atsuhiko},
  booktitle={2021 IEEE International Conference on Robotics and Automation (ICRA)},
  pages={11054--11059},
  year={2021},
  organization={IEEE}
}

@inproceedings{xie2017graphtinker,
  title={GraphTinker: Outlier rejection and inlier injection for pose graph SLAM},
  author={Xie, Linhai and Wang, Sen and Markham, Andrew and Trigoni, Niki},
  booktitle={2017 IEEE/RSJ International Conference on Intelligent Robots and Systems (IROS)},
  pages={6777--6784},
  year={2017},
  organization={IEEE}
}

@article{borrmann2008globally,
  title={Globally consistent 3D mapping with scan matching},
  author={Borrmann, Dorit and Elseberg, Jan and Lingemann, Kai and N{\"u}chter, Andreas and Hertzberg, Joachim},
  journal={Robotics and Autonomous Systems},
  volume={56},
  number={2},
  pages={130--142},
  year={2008},
  publisher={Elsevier}
}

@article{koide2020interactive,
  title={Interactive 3D graph SLAM for map correction},
  author={Koide, Kenji and Miura, Jun and Yokozuka, Masashi and Oishi, Shuji and Banno, Atsuhiko},
  journal={IEEE Robotics and Automation Letters},
  volume={6},
  number={1},
  pages={40--47},
  year={2020},
  publisher={IEEE}
}

@article{dong2018hierarchical,
  title={Hierarchical registration of unordered TLS point clouds based on binary shape context descriptor},
  author={Dong, Zhen and Yang, Bisheng and Liang, Fuxun and Huang, Ronggang and Scherer, Sebastian},
  journal={ISPRS Journal of Photogrammetry and Remote Sensing},
  volume={144},
  pages={61--79},
  year={2018},
  publisher={Elsevier}
}

@article{zhou2021lidar,
  title={LiDAR SLAM with plane adjustment for indoor environment},
  author={Zhou, Lipu and Koppel, Daniel and Kaess, Michael},
  journal={IEEE Robotics and Automation Letters},
  volume={6},
  number={4},
  pages={7073--7080},
  year={2021},
  publisher={IEEE}
}

@article{liu2022targetless,
  title={Targetless extrinsic calibration of multiple small FoV LiDARs and cameras using adaptive voxelization},
  author={Liu, Xiyuan and Yuan, Chongjian and Zhang, Fu},
  journal={IEEE Transactions on Instrumentation and Measurement},
  volume={71},
  pages={1--12},
  year={2022},
  publisher={IEEE}
}

@article{fleishman2005robust,
  title={Robust moving least-squares fitting with sharp features},
  author={Fleishman, Shachar and Cohen-Or, Daniel and Silva, Cl{\'a}udio T},
  journal={ACM transactions on graphics (TOG)},
  volume={24},
  number={3},
  pages={544--552},
  year={2005},
  publisher={ACM New York, NY, USA}
}

@article{li2019nrli,
  title={NRLI-UAV: Non-rigid registration of sequential raw laser scans and images for low-cost UAV LiDAR point cloud quality improvement},
  author={Li, Jianping and Yang, Bisheng and Chen, Chi and Habib, Ayman},
  journal={ISPRS Journal of Photogrammetry and Remote Sensing},
  volume={158},
  pages={123--145},
  year={2019},
  publisher={Elsevier}
}

@software{caric2023,
  author  = {Nguyen, Thien-Minh and Cao, Muqing and Yuan, Shenghai and Xie, Lihua and Chen, Ben M.},
  title   = {CARIC: Cooperative Aerial Robots Inspection Challenge},
  license = {CC BY-NC-SA 4.0},
  url     = {https://ntu-aris.github.io/caric/},
  version = {1.0},
  year    = {2023},
  month   = {11}
}

@article{liao2023se,
  title={SE-Calib: Semantic Edges based LiDAR-Camera Boresight Online Calibration in Urban Scenes},
  author={Liao, Youqi and Li, Jianping and Kang, Shuhao and Li, Qiang and Zhu, Guifang and Yuan, Shenghai and Dong, Zhen and Yang, Bisheng},
  journal={IEEE Transactions on Geoscience and Remote Sensing},
  year={2023},
  publisher={IEEE}
}

@article{yu2024i2ekf,
  title={I2EKF-LO: A Dual-Iteration Extended Kalman Filter Based LiDAR Odometry},
  author={Yu, Wenlu and Xu, Jie and Zhao, Chengwei and Zhao, Lijun and Nguyen, Thien-Minh and Yuan, Shenghai and Bai, Mingming and Xie, Lihua},
  journal={arXiv preprint arXiv:2407.02190},
  year={2024}
}

@article{cong2024or,
  title={OR-LIM: Observability-aware robust LiDAR-inertial-mapping under high dynamic sensor motion},
  author={Cong, Yangzi and Chen, Chi and Yang, Bisheng and Zhong, Ruofei and Sun, Shangzhe and Xu, Yuhang and Yan, Zhengfei and Zou, Xianghong and Tu, Zhigang},
  journal={ISPRS Journal of Photogrammetry and Remote Sensing},
  volume={218},
  pages={610--627},
  year={2024},
  publisher={Elsevier}
}

@inproceedings{zhen2017robust,
  title={Robust localization and localizability estimation with a rotating laser scanner},
  author={Zhen, Weikun and Zeng, Sam and Soberer, Sebastian},
  booktitle={2017 IEEE international conference on robotics and automation (ICRA)},
  pages={6240--6245},
  year={2017},
  organization={IEEE}
}

@book{pukelsheim2006optimal,
  title={Optimal design of experiments},
  author={Pukelsheim, Friedrich},
  year={2006},
  publisher={SIAM}
}

@article{cao2024learning,
  title={Learning Dynamic Weight Adjustment for Spatial-Temporal Trajectory Planning in Crowd Navigation},
  author={Cao, Muqing and Xu, Xinhang and Yang, Yizhuo and Li, Jianping and Jin, Tongxing and Wang, Pengfei and Hung, Tzu-Yi and Lin, Guosheng and Xie, Lihua},
  journal={arXiv preprint arXiv:2412.00555},
  year={2024}
}

@article{jiao2021robust,
  title={Robust odometry and mapping for multi-lidar systems with online extrinsic calibration},
  author={Jiao, Jianhao and Ye, Haoyang and Zhu, Yilong and Liu, Ming},
  journal={IEEE Transactions on Robotics},
  volume={38},
  number={1},
  pages={351--371},
  year={2021},
  publisher={IEEE}
}

@article{yuan2021low,
  title={Low-cost calibration of matching error between lidar and motor for a rotating 2D lidar},
  author={Yuan, Chang and Bi, Shusheng and Cheng, Jun and Yang, Dongsheng and Wang, Wei},
  journal={Applied Sciences},
  volume={11},
  number={3},
  pages={913},
  year={2021},
  publisher={MDPI}
}

@article{kang2016full,
  title={Full-DOF calibration of a rotating 2-D LIDAR with a simple plane measurement},
  author={Kang, Jaehyeon and Doh, Nakju Lett},
  journal={IEEE Transactions on Robotics},
  volume={32},
  number={5},
  pages={1245--1263},
  year={2016},
  publisher={IEEE}
}

@article{alismail2015automatic,
  title={Automatic calibration of spinning actuated lidar internal parameters},
  author={Alismail, Hatem and Browning, Brett},
  journal={Journal of Field Robotics},
  volume={32},
  number={5},
  pages={723--747},
  year={2015},
  publisher={Wiley Online Library}
}

@misc{hovermap2024,
  title        = {Hovermap Series - Autonomous LiDAR Mapping},
  author       = {Emesent},
  year         = {2024},
  url          = {https://emesent.com/emesent-product/hovermap-series/},
  note         = {Accessed: 2024-12-10}
}

@inproceedings{park2018elastic,
  title={Elastic lidar fusion: Dense map-centric continuous-time slam},
  author={Park, Chanoh and Moghadam, Peyman and Kim, Soohwan and Elfes, Alberto and Fookes, Clinton and Sridharan, Sridha},
  booktitle={2018 IEEE International Conference on Robotics and Automation (ICRA)},
  pages={1206--1213},
  year={2018},
  organization={IEEE}
}

@article{ramezani2022wildcat,
  title={Wildcat: Online continuous-time 3d lidar-inertial slam},
  author={Ramezani, Milad and Khosoussi, Kasra and Catt, Gavin and Moghadam, Peyman and Williams, Jason and Borges, Paulo and Pauling, Fred and Kottege, Navinda},
  journal={arXiv preprint arXiv:2205.12595},
  year={2022}
}

@article{karimi2021lola,
  title={LoLa-SLAM: low-latency LiDAR SLAM using continuous scan slicing},
  author={Karimi, Mojtaba and Oelsch, Martin and Stengel, Oliver and Babaians, Edwin and Steinbach, Eckehard},
  journal={IEEE Robotics and Automation Letters},
  volume={6},
  number={2},
  pages={2248--2255},
  year={2021},
  publisher={IEEE}
}

@article{bai2024graph,
  title={Graph-based SLAM-Aware Exploration with Prior Topo-Metric Information},
  author={Bai, Ruofei and Guo, Hongliang and Yau, Wei-Yun and Xie, Lihua},
  journal={IEEE Robotics and Automation Letters},
  year={2024},
  publisher={IEEE}
}

@article{chen2024lidar,
  title={LiDAR-Based End-to-End Active SLAM Using Deep Reinforcement Learning in Large-Scale Environments},
  author={Chen, Jiaying and Wu, Keyu and Hu, Minghui and Suganthan, Ponnuthurai Nagaratnam and Makur, Anamitra},
  journal={IEEE Transactions on Vehicular Technology},
  year={2024},
  publisher={IEEE}
}

@article{chen2020active,
  title={Active SLAM for mobile robots with area coverage and obstacle avoidance},
  author={Chen, Yongbo and Huang, Shoudong and Fitch, Robert},
  journal={IEEE/ASME Transactions on Mechatronics},
  volume={25},
  number={3},
  pages={1182--1192},
  year={2020},
  publisher={IEEE}
}

@article{liu2023relative,
  title={Relative localization estimation for multiple robots via the rotating ultra-wideband tag},
  author={Liu, Jinxin and Hu, Guoqiang},
  journal={IEEE Robotics and Automation Letters},
  volume={8},
  number={7},
  pages={4187--4194},
  year={2023},
  publisher={IEEE}
}

@article{platt2022comparative,
  title={Comparative analysis of ros-unity3d and ros-gazebo for mobile ground robot simulation},
  author={Platt, Jonathan and Ricks, Kenneth},
  journal={Journal of Intelligent \& Robotic Systems},
  volume={106},
  number={4},
  pages={80},
  year={2022},
  publisher={Springer}
}

@inproceedings{koenig2004design,
  title={Design and use paradigms for gazebo, an open-source multi-robot simulator},
  author={Koenig, Nathan and Howard, Andrew},
  booktitle={2004 IEEE/RSJ international conference on intelligent robots and systems (IROS)(IEEE Cat. No. 04CH37566)},
  volume={3},
  pages={2149--2154},
  year={2004},
  organization={Ieee}
}

@inproceedings{shah2018airsim,
  title={Airsim: High-fidelity visual and physical simulation for autonomous vehicles},
  author={Shah, Shital and Dey, Debadeepta and Lovett, Chris and Kapoor, Ashish},
  booktitle={Field and Service Robotics: Results of the 11th International Conference},
  pages={621--635},
  year={2018},
  organization={Springer}
}

@misc{isaac_sim,
  title        = {NVIDIA Isaac Sim},
  author       = {NVIDIA Corporation},
  year         = {2024},
  url          = {https://developer.nvidia.com/isaac/sim},
  note         = {Accessed: 2024-12-11}
}

@inproceedings{cui2024alphalidar,
  title={$\alpha$LiDAR: An Adaptive High-Resolution Panoramic LiDAR System},
  author={Cui, Jiahe and He, Yuze and Niu, Jianwei and Ouyang, Zhenchao and Xing, Guoliang},
  booktitle={Proceedings of the 30th Annual International Conference on Mobile Computing and Networking},
  pages={1515--1529},
  year={2024}
}

@article{zou2023patchaugnet,
  title={PatchAugNet: Patch feature augmentation-based heterogeneous point cloud place recognition in large-scale street scenes},
  author={Zou, Xianghong and Li, Jianping and Wang, Yuan and Liang, Fuxun and Wu, Weitong and Wang, Haiping and Yang, Bisheng and Dong, Zhen},
  journal={ISPRS Journal of Photogrammetry and Remote Sensing},
  volume={206},
  pages={273--292},
  year={2023},
  publisher={Elsevier}
}

@article{li2024ua,
  title={UA-MPC: Uncertainty-Aware Model Predictive Control for Motorized LiDAR Odometry},
  author={Li, Jianping and Xu, Xinhang and Liu, Jinxin and Cao, Kun and Yuan, Shenghai and Xie, Lihua},
  journal={arXiv preprint arXiv:2412.13873},
  year={2024}
}

@article{Das_2023,
   title={Observability-Aware Online Multi-Lidar Extrinsic Calibration},
   volume={8},
   ISSN={2377-3774},
   url={http://dx.doi.org/10.1109/LRA.2023.3262176},
   DOI={10.1109/lra.2023.3262176},
   number={5},
   journal={IEEE Robotics and Automation Letters},
   publisher={Institute of Electrical and Electronics Engineers (IEEE)},
   author={Das, Sandipan and Klinteberg, Ludvig af and Fallon, Maurice and Chatterjee, Saikat},
   year={2023},
   month=may, pages={2860â€“2867} }

@article{SKALOUD200647,
title = {Rigorous approach to bore-sight self-calibration in airborne laser scanning},
journal = {ISPRS Journal of Photogrammetry and Remote Sensing},
volume = {61},
number = {1},
pages = {47-59},
year = {2006},
issn = {0924-2716},
doi = {https://doi.org/10.1016/j.isprsjprs.2006.07.003},
url = {https://www.sciencedirect.com/science/article/pii/S0924271606000682},
author = {Jan Skaloud and Derek Lichti}
}

@misc{cui2020,
      title={ACSC: Automatic Calibration for Non-repetitive Scanning Solid-State LiDAR and Camera Systems}, 
      author={Jiahe Cui and Jianwei Niu and Zhenchao Ouyang and Yunxiang He and Dian Liu},
      year={2020},
      eprint={2011.08516},
      archivePrefix={arXiv},
      primaryClass={cs.CV},
      url={https://arxiv.org/abs/2011.08516}, 
}

@misc{dhall2017,
      title={LiDAR-Camera Calibration using 3D-3D Point correspondences}, 
      author={Ankit Dhall and Kunal Chelani and Vishnu Radhakrishnan and K. M. Krishna},
      year={2017},
      eprint={1705.09785},
      archivePrefix={arXiv},
      primaryClass={cs.RO},
      url={https://arxiv.org/abs/1705.09785}, 
}

@misc{park2020,
      title={Spatiotemporal Camera-LiDAR Calibration: A Targetless and Structureless Approach}, 
      author={Chanoh Park and Peyman Moghadam and Soohwan Kim and Sridha Sridharan and Clinton Fookes},
      year={2020},
      eprint={2001.06175},
      archivePrefix={arXiv},
      primaryClass={cs.RO},
      url={https://arxiv.org/abs/2001.06175}, 
}

@article{skaloud2006rigorous,
  title={Rigorous approach to bore-sight self-calibration in airborne laser scanning},
  author={Skaloud, Jan and Lichti, Derek},
  journal={ISPRS journal of photogrammetry and remote sensing},
  volume={61},
  number={1},
  pages={47--59},
  year={2006},
  publisher={Elsevier}
}

@article{chen2018extrinsic,
  title={Extrinsic calibration of 2D laser rangefinders based on a mobile sphere},
  author={Chen, Shoubin and Liu, Jingbin and Wu, Teng and Huang, Wenchao and Liu, Keke and Yin, Deyu and Liang, Xinlian and Hyypp{\"a}, Juha and Chen, Ruizhi},
  journal={Remote Sensing},
  volume={10},
  number={8},
  pages={1176},
  year={2018},
  publisher={MDPI}
}

@article{yang2023iplanner,
  title={iplanner: Imperative path planning},
  author={Yang, Fan and Wang, Chen and Cadena, Cesar and Hutter, Marco},
  journal={arXiv preprint arXiv:2302.11434},
  year={2023}
}

@inproceedings{roth2024viplanner,
  title={Viplanner: Visual semantic imperative learning for local navigation},
  author={Roth, Pascal and Nubert, Julian and Yang, Fan and Mittal, Mayank and Hutter, Marco},
  booktitle={2024 IEEE International Conference on Robotics and Automation (ICRA)},
  pages={5243--5249},
  year={2024},
  organization={IEEE}
}

@article{chai2022survey,
  title={A survey of the development of quadruped robots: Joint configuration, dynamic locomotion control method and mobile manipulation approach},
  author={Chai, Hui and Li, Yibin and Song, Rui and Zhang, Guoteng and Zhang, Qin and Liu, Song and Hou, Jinmian and Xin, Yaxian and Yuan, Ming and Zhang, Guoxuan and others},
  journal={Biomimetic Intelligence and Robotics},
  volume={2},
  number={1},
  pages={100029},
  year={2022},
  publisher={Elsevier}
}

@article{li2020aerial,
  title={Aerial-triangulation aided boresight calibration for a low-cost UAV-LiDAR system},
  author={Li, Jianping and Yang, Bisheng and Chen, Chi and Wu, Weitong and Zhang, Luqi},
  journal={ISPRS Annals of the Photogrammetry, Remote Sensing and Spatial Information Sciences},
  volume={1},
  pages={245--252},
  year={2020},
  publisher={Copernicus GmbH}
}

@inproceedings{yan2022automatic,
  title={Automatic Targetless Extrinsic Calibration between a Spinning Actuated LiDAR and a Camera},
  author={Yan, Li and Dai, Jicheng and Hu, Xiao and Li, Yao and Su, Shan and Xie, Hong},
  booktitle={2022 IEEE International Conference on Unmanned Systems (ICUS)},
  pages={303--308},
  year={2022},
  organization={IEEE}
}

@article{gao2019calibration,
  title={Calibration of rotating 2D LIDAR based on simple plane measurement},
  author={Gao, Zhe and Huang, Jun and Yang, Xiaofei and An, Ping},
  journal={Sensor Review},
  volume={39},
  number={2},
  pages={190--198},
  year={2019},
  publisher={Emerald Publishing Limited}
}

@misc{yuan2021,
      title={Pixel-level Extrinsic Self Calibration of High Resolution LiDAR and Camera in Targetless Environments}, 
      author={Chongjian Yuan and Xiyuan Liu and Xiaoping Hong and Fu Zhang},
      year={2021},
      eprint={2103.01627},
      archivePrefix={arXiv},
      primaryClass={cs.RO},
      url={https://arxiv.org/abs/2103.01627}, 
}

@article{Liu2021,
  title={SemAlign: Annotation-Free Camera-LiDAR Calibration with Semantic Alignment Loss},
  author={Zhijian Liu and Haotian Tang and Sibo Zhu and Song Han},
  journal={2021 IEEE/RSJ International Conference on Intelligent Robots and Systems (IROS)},
  year={2021},
  pages={8845-8851},
  url={https://api.semanticscholar.org/CorpusID:237431218}
}

@article{Zeng2018,
AUTHOR = {Zeng, Yadan and Yu, Heng and Dai, Houde and Song, Shuang and Lin, Mingqiang and Sun, Bo and Jiang, Wei and Meng, Max Q.-H.},
TITLE = {An Improved Calibration Method for a Rotating 2D LIDAR System},
JOURNAL = {Sensors},
VOLUME = {18},
YEAR = {2018},
NUMBER = {2},
ARTICLE-NUMBER = {497},
URL = {https://www.mdpi.com/1424-8220/18/2/497}
}



@article{olivka2016,
author = {Olivka, Petr and Krumnikl, Michal and Moravec, Pavel and Seidl, David},
year = {2015},
month = {12},
pages = {1-13},
title = {Calibration of Short Range 2D Laser Range Finder for 3D SLAM Usage},
volume = {2016},
journal = {Journal of Sensors},
doi = {10.1155/2016/3715129}
}

@misc{huang2021,
      title={Global Unifying Intrinsic Calibration for Spinning and Solid-State LiDARs}, 
      author={Jiunn-Kai Huang and Chenxi Feng and Madhav Achar and Maani Ghaffari and Jessy W. Grizzle},
      year={2021},
      eprint={2012.03321},
      archivePrefix={arXiv},
      primaryClass={cs.RO},
      url={https://arxiv.org/abs/2012.03321}, 
}