@article{castiglia2023flexible,
  title={Flexible vertical federated learning with heterogeneous parties},
  author={Castiglia, Timothy and Wang, Shiqiang and Patterson, Stacy},
  journal={IEEE Transactions on Neural Networks and Learning Systems},
  year={2023},
  publisher={IEEE}
}

@article{chen2020vafl,
  title={Vafl: a method of vertical asynchronous federated learning},
  author={Chen, Tianyi and Jin, Xiao and Sun, Yuejiao and Yin, Wotao},
  journal={arXiv preprint arXiv:2007.06081},
  year={2020}
}

@article{cheng2021secureboost,
  title={Secureboost: A lossless federated learning framework},
  author={Cheng, Kewei and Fan, Tao and Jin, Yilun and Liu, Yang and Chen, Tianjian and Papadopoulos, Dimitrios and Yang, Qiang},
  journal={IEEE intelligent systems},
  volume={36},
  number={6},
  pages={87--98},
  year={2021},
  publisher={IEEE}
}

@article{hardy2017private,
  title={Private federated learning on vertically partitioned data via entity resolution and additively homomorphic encryption},
  author={Hardy, Stephen and Henecka, Wilko and Ivey-Law, Hamish and Nock, Richard and Patrini, Giorgio and Smith, Guillaume and Thorne, Brian},
  journal={arXiv preprint arXiv:1711.10677},
  year={2017}
}

@inproceedings{hu2019fdml,
  title={FDML: A collaborative machine learning framework for distributed features},
  author={Hu, Yaochen and Niu, Di and Yang, Jianming and Zhou, Shengping},
  booktitle={Proceedings of the 25th ACM SIGKDD International Conference on Knowledge Discovery \& Data Mining},
  pages={2232--2240},
  year={2019}
}

@article{liu2022fedbcd,
  title={Fedbcd: A communication-efficient collaborative learning framework for distributed features},
  author={Liu, Yang and Zhang, Xinwei and Kang, Yan and Li, Liping and Chen, Tianjian and Hong, Mingyi and Yang, Qiang},
  journal={IEEE Transactions on Signal Processing},
  volume={70},
  pages={4277--4290},
  year={2022},
  publisher={IEEE}
}

@article{liu2024vertical,
  title={Vertical federated learning: Concepts, advances, and challenges},
  author={Liu, Yang and Kang, Yan and Zou, Tianyuan and Pu, Yanhong and He, Yuanqin and Ye, Xiaozhou and Ouyang, Ye and Zhang, Ya-Qin and Yang, Qiang},
  journal={IEEE Transactions on Knowledge and Data Engineering},
  year={2024},
  publisher={IEEE}
}

@article{malladi2023fine,
  title={Fine-tuning language models with just forward passes},
  author={Malladi, Sadhika and Gao, Tianyu and Nichani, Eshaan and Damian, Alex and Lee, Jason D and Chen, Danqi and Arora, Sanjeev},
  journal={Advances in Neural Information Processing Systems},
  volume={36},
  pages={53038--53075},
  year={2023}
}

@article{tang2024private,
  title={Private fine-tuning of large language models with zeroth-order optimization},
  author={Tang, Xinyu and Panda, Ashwinee and Nasr, Milad and Mahloujifar, Saeed and Mittal, Prateek},
  journal={arXiv preprint arXiv:2401.04343},
  year={2024}
}

@article{wang2024unified,
  title={A unified solution for privacy and communication efficiency in vertical federated learning},
  author={Wang, Ganyu and Gu, Bin and Zhang, Qingsong and Li, Xiang and Wang, Boyu and Ling, Charles X},
  journal={Advances in Neural Information Processing Systems},
  volume={36},
  year={2024}
}

@inproceedings{xie2024improving,
  title={Improving privacy-preserving vertical federated learning by efficient communication with admm},
  author={Xie, Chulin and Chen, Pin-Yu and Li, Qinbin and Nourian, Arash and Zhang, Ce and Li, Bo},
  booktitle={2024 IEEE Conference on Secure and Trustworthy Machine Learning (SaTML)},
  pages={443--471},
  year={2024},
  organization={IEEE}
}

@inproceedings{zhang2021desirable,
  title={Desirable companion for vertical federated learning: New zeroth-order gradient based algorithm},
  author={Zhang, Qingsong and Gu, Bin and Dang, Zhiyuan and Deng, Cheng and Huang, Heng},
  booktitle={Proceedings of the 30th ACM International Conference on Information \& Knowledge Management},
  pages={2598--2607},
  year={2021}
}

@inproceedings{zhang2024dpzero,
  title={DPZero: Private Fine-Tuning of Language Models without Backpropagation},
  author={Zhang, Liang and Li, Bingcong and Thekumparampil, Kiran Koshy and Oh, Sewoong and He, Niao},
  booktitle={Forty-first International Conference on Machine Learning},
  year={2024}
}

