@article{ghadimi2013stochastic,
  title={Stochastic first-and zeroth-order methods for nonconvex stochastic programming},
  author={Ghadimi, Saeed and Lan, Guanghui},
  journal={SIAM journal on optimization},
  volume={23},
  number={4},
  pages={2341--2368},
  year={2013},
  publisher={SIAM}
}
@article{nesterov2017random,
  title={Random gradient-free minimization of convex functions},
  author={Nesterov, Yurii and Spokoiny, Vladimir},
  journal={Foundations of Computational Mathematics},
  volume={17},
  number={2},
  pages={527--566},
  year={2017},
  publisher={Springer}
}
@article{shamir2017optimal,
  title={An optimal algorithm for bandit and zero-order convex optimization with two-point feedback},
  author={Shamir, Ohad},
  journal={Journal of Machine Learning Research},
  volume={18},
  number={52},
  pages={1--11},
  year={2017}
}
@article{dong2022gaussian,
  title={Gaussian differential privacy},
  author={Dong, Jinshuo and Roth, Aaron and Su, Weijie J},
  journal={Journal of the Royal Statistical Society: Series B (Statistical Methodology)},
  volume={84},
  number={1},
  pages={3--37},
  year={2022},
  publisher={Wiley Online Library}
}
@inproceedings{he2019model,
  title={Model inversion attacks against collaborative inference},
  author={He, Zecheng and Zhang, Tianwei and Lee, Ruby B},
  booktitle={Proceedings of the 35th Annual Computer Security Applications Conference},
  pages={148--162},
  year={2019}
}
@article{jiang2022comprehensive,
  title={Comprehensive analysis of privacy leakage in vertical federated learning during prediction},
  author={Jiang, Xue and Zhou, Xuebing and Grossklags, Jens},
  journal={Proceedings on Privacy Enhancing Technologies},
  year={2022}
}
@article{jin2021cafe,
  title={Cafe: Catastrophic data leakage in vertical federated learning},
  author={Jin, Xiao and Chen, Pin-Yu and Hsu, Chia-Yi and Yu, Chia-Mu and Chen, Tianyi},
  journal={Advances in Neural Information Processing Systems},
  volume={34},
  pages={994--1006},
  year={2021}
}
@inproceedings{papernot2018sok,
  title={Sok: Security and privacy in machine learning},
  author={Papernot, Nicolas and McDaniel, Patrick and Sinha, Arunesh and Wellman, Michael P},
  booktitle={2018 IEEE European symposium on security and privacy (EuroS\&P)},
  pages={399--414},
  year={2018},
  organization={IEEE}
}
@article{castiglia2023flexible,
  title={Flexible vertical federated learning with heterogeneous parties},
  author={Castiglia, Timothy and Wang, Shiqiang and Patterson, Stacy},
  journal={IEEE Transactions on Neural Networks and Learning Systems},
  year={2023},
  publisher={IEEE}
}
@article{wang2024unified,
  title={A unified solution for privacy and communication efficiency in vertical federated learning},
  author={Wang, Ganyu and Gu, Bin and Zhang, Qingsong and Li, Xiang and Wang, Boyu and Ling, Charles X},
  journal={Advances in Neural Information Processing Systems},
  volume={36},
  year={2024}
}

@article{chen2020vafl,
  title={Vafl: a method of vertical asynchronous federated learning},
  author={Chen, Tianyi and Jin, Xiao and Sun, Yuejiao and Yin, Wotao},
  journal={arXiv preprint arXiv:2007.06081},
  year={2020}
}
@article{malladi2023fine,
  title={Fine-tuning language models with just forward passes},
  author={Malladi, Sadhika and Gao, Tianyu and Nichani, Eshaan and Damian, Alex and Lee, Jason D and Chen, Danqi and Arora, Sanjeev},
  journal={Advances in Neural Information Processing Systems},
  volume={36},
  pages={53038--53075},
  year={2023}
}

@inproceedings{xie2024improving,
  title={Improving privacy-preserving vertical federated learning by efficient communication with admm},
  author={Xie, Chulin and Chen, Pin-Yu and Li, Qinbin and Nourian, Arash and Zhang, Ce and Li, Bo},
  booktitle={2024 IEEE Conference on Secure and Trustworthy Machine Learning (SaTML)},
  pages={443--471},
  year={2024},
  organization={IEEE}
}
@article{hardy2017private,
  title={Private federated learning on vertically partitioned data via entity resolution and additively homomorphic encryption},
  author={Hardy, Stephen and Henecka, Wilko and Ivey-Law, Hamish and Nock, Richard and Patrini, Giorgio and Smith, Guillaume and Thorne, Brian},
  journal={arXiv preprint arXiv:1711.10677},
  year={2017}
}
@article{liu2022fedbcd,
  title={Fedbcd: A communication-efficient collaborative learning framework for distributed features},
  author={Liu, Yang and Zhang, Xinwei and Kang, Yan and Li, Liping and Chen, Tianjian and Hong, Mingyi and Yang, Qiang},
  journal={IEEE Transactions on Signal Processing},
  volume={70},
  pages={4277--4290},
  year={2022},
  publisher={IEEE}
}
@article{fu2022towards,
  title={Towards communication-efficient vertical federated learning training via cache-enabled local updates},
  author={Fu, Fangcheng and Miao, Xupeng and Jiang, Jiawei and Xue, Huanran and Cui, Bin},
  journal={arXiv preprint arXiv:2207.14628},
  year={2022}
}
@article{liu2024vertical,
  title={Vertical federated learning: Concepts, advances, and challenges},
  author={Liu, Yang and Kang, Yan and Zou, Tianyuan and Pu, Yanhong and He, Yuanqin and Ye, Xiaozhou and Ouyang, Ye and Zhang, Ya-Qin and Yang, Qiang},
  journal={IEEE Transactions on Knowledge and Data Engineering},
  year={2024},
  publisher={IEEE}
}
@inproceedings{hu2019fdml,
  title={FDML: A collaborative machine learning framework for distributed features},
  author={Hu, Yaochen and Niu, Di and Yang, Jianming and Zhou, Shengping},
  booktitle={Proceedings of the 25th ACM SIGKDD International Conference on Knowledge Discovery \& Data Mining},
  pages={2232--2240},
  year={2019}
}
@inproceedings{zhang2024dpzero,
  title={DPZero: Private Fine-Tuning of Language Models without Backpropagation},
  author={Zhang, Liang and Li, Bingcong and Thekumparampil, Kiran Koshy and Oh, Sewoong and He, Niao},
  booktitle={Forty-first International Conference on Machine Learning},
  year={2024}
}
@article{tang2024private,
  title={Private fine-tuning of large language models with zeroth-order optimization},
  author={Tang, Xinyu and Panda, Ashwinee and Nasr, Milad and Mahloujifar, Saeed and Mittal, Prateek},
  journal={arXiv preprint arXiv:2401.04343},
  year={2024}
}

@inproceedings{zhang2021desirable,
  title={Desirable companion for vertical federated learning: New zeroth-order gradient based algorithm},
  author={Zhang, Qingsong and Gu, Bin and Dang, Zhiyuan and Deng, Cheng and Huang, Heng},
  booktitle={Proceedings of the 30th ACM International Conference on Information \& Knowledge Management},
  pages={2598--2607},
  year={2021}
}
@article{cheng2021secureboost,
  title={Secureboost: A lossless federated learning framework},
  author={Cheng, Kewei and Fan, Tao and Jin, Yilun and Liu, Yang and Chen, Tianjian and Papadopoulos, Dimitrios and Yang, Qiang},
  journal={IEEE intelligent systems},
  volume={36},
  number={6},
  pages={87--98},
  year={2021},
  publisher={IEEE}
}

@inproceedings{wu20153d,
  title={3d shapenets: A deep representation for volumetric shapes},
  author={Wu, Zhirong and Song, Shuran and Khosla, Aditya and Yu, Fisher and Zhang, Linguang and Tang, Xiaoou and Xiao, Jianxiong},
  booktitle={Proceedings of the IEEE conference on computer vision and pattern recognition},
  pages={1912--1920},
  year={2015}
}

@inproceedings{mcauley2013hidden,
  title={Hidden factors and hidden topics: understanding rating dimensions with review text},
  author={McAuley, Julian and Leskovec, Jure},
  booktitle={Proceedings of the 7th ACM conference on Recommender systems},
  pages={165--172},
  year={2013}
}

@article{deng2012mnist,
  title={The mnist database of handwritten digit images for machine learning research [best of the web]},
  author={Deng, Li},
  journal={IEEE signal processing magazine},
  volume={29},
  number={6},
  pages={141--142},
  year={2012},
  publisher={IEEE}
}

@article{krizhevsky2009learning,
  title={Learning multiple layers of features from tiny images},
  author={Krizhevsky, Alex and Hinton, Geoffrey and others},
  year={2009},
  publisher={Toronto, ON, Canada}
}


@article{dwork2014algorithmic,
  title={The algorithmic foundations of differential privacy},
  author={Dwork, Cynthia and Roth, Aaron and others},
  journal={Foundations and Trends{\textregistered} in Theoretical Computer Science},
  volume={9},
  number={3--4},
  pages={211--407},
  year={2014},
  publisher={Now Publishers, Inc.}
}
@article{zhang2015character,
  title={Character-level convolutional networks for text classification},
  author={Zhang, Xiang and Zhao, Junbo and LeCun, Yann},
  journal={Advances in neural information processing systems},
  volume={28},
  year={2015}
}
@article{devlin2018bert,
  title={Bert: Pre-training of deep bidirectional transformers for language understanding},
  author={Devlin, Jacob},
  journal={arXiv preprint arXiv:1810.04805},
  year={2018}
}
@inproceedings{he2016deep,
  title={Deep residual learning for image recognition},
  author={He, Kaiming and Zhang, Xiangyu and Ren, Shaoqing and Sun, Jian},
  booktitle={Proceedings of the IEEE conference on computer vision and pattern recognition},
  pages={770--778},
  year={2016}
}
@inproceedings{abadi2016deep,
  title={Deep learning with differential privacy},
  author={Abadi, Martin and Chu, Andy and Goodfellow, Ian and McMahan, H Brendan and Mironov, Ilya and Talwar, Kunal and Zhang, Li},
  booktitle={Proceedings of the 2016 ACM SIGSAC conference on computer and communications security},
  pages={308--318},
  year={2016}
}
@ARTICLE{Zhao2021LDP,
  author={Zhao, Yang and Zhao, Jun and Yang, Mengmeng and Wang, Teng and Wang, Ning and Lyu, Lingjuan and Niyato, Dusit and Lam, Kwok-Yan},
  journal={IEEE Internet Things J.}, 
  title={Local Differential Privacy-Based Federated Learning for Internet of Things}, 
  year={2021},
  volume={8},
  number={11},
  pages={8836-8853}}

@ARTICLE{Shen2022imp,
  author={Shen, Xicong and Liu, Ying and Zhang, Zhaoyang},
  journal={IEEE Internet Things J.}, 
  title={Performance-Enhanced Federated Learning With Differential Privacy for Internet of Things}, 
  year={2022},
  volume={9},
  number={23},
  pages={24079-24094}}

@inproceedings{Liu2023mobi,
author = {Liu, Jiandong and Zhang, Lan and Yu, Xiaojing and Li, Xiang-Yang},
title = {Differentially Private Distributed Online Convex Optimization Towards Low Regret and Communication Cost},
year = {2023},
isbn = {9781450399265},
publisher = {Association for Computing Machinery},
address = {New York, NY, USA},
pages = {171–180},
numpages = {10},
keywords = {distributed online convex optimization, differential privacy},
location = {Washington, DC, USA},
series = {MobiHoc '23}
}
@inproceedings{fu2022label,
  title={Label inference attacks against vertical federated learning},
  author={Fu, Chong and Zhang, Xuhong and Ji, Shouling and Chen, Jinyin and Wu, Jingzheng and Guo, Shanqing and Zhou, Jun and Liu, Alex X and Wang, Ting},
  booktitle={31st USENIX security symposium (USENIX Security 22)},
  pages={1397--1414},
  year={2022}
}
@inproceedings{luo2021feature,
  title={Feature inference attack on model predictions in vertical federated learning},
  author={Luo, Xinjian and Wu, Yuncheng and Xiao, Xiaokui and Ooi, Beng Chin},
  booktitle={2021 IEEE 37th International Conference on Data Engineering (ICDE)},
  pages={181--192},
  year={2021},
  organization={IEEE}
}
@article{li2021label,
  title={Label leakage and protection in two-party split learning},
  author={Li, Oscar and Sun, Jiankai and Yang, Xin and Gao, Weihao and Zhang, Hongyi and Xie, Junyuan and Smith, Virginia and Wang, Chong},
  journal={arXiv preprint arXiv:2102.08504},
  year={2021}
}
@article{ateniese2015hacking,
  title={Hacking smart machines with smarter ones: How to extract meaningful data from machine learning classifiers},
  author={Ateniese, Giuseppe and Mancini, Luigi V and Spognardi, Angelo and Villani, Antonio and Vitali, Domenico and Felici, Giovanni},
  journal={International Journal of Security and Networks},
  volume={10},
  number={3},
  pages={137--150},
  year={2015},
  publisher={Inderscience Publishers (IEL)}
}
@article{fang2022communication,
  title={Communication-efficient stochastic zeroth-order optimization for federated learning},
  author={Fang, Wenzhi and Yu, Ziyi and Jiang, Yuning and Shi, Yuanming and Jones, Colin N and Zhou, Yong},
  journal={IEEE Transactions on Signal Processing},
  volume={70},
  pages={5058--5073},
  year={2022},
  publisher={IEEE}
}