% Use this file for citations not found in the ACL Anthology (contained in "anthology.bib").

@book{Aho:72,
    author  = {Alfred V. Aho and Jeffrey D. Ullman},
    title   = {The Theory of Parsing, Translation and Compiling},
    year    = "1972",
    volume  = "1",
    publisher = {Prentice-Hall},
    address = {Englewood Cliffs, NJ}
}

@book{APA:83,
    author  = {{American Psychological Association}},
    title   = {Publications Manual},
    year    = "1983",
    publisher = {American Psychological Association},
    address = {Washington, DC}
}

@article{Chandra:81,
	author = {Ashok K. Chandra and Dexter C. Kozen and Larry J. Stockmeyer},
	year = "1981",
	title = {Alternation},
	journal = {Journal of the Association for Computing Machinery},
	volume = "28",
	number = "1",
	pages = "114--133",
	doi = "10.1145/322234.322243",
}

@inproceedings{andrew2007scalable,
  title={Scalable training of {L1}-regularized log-linear models},
  author={Andrew, Galen and Gao, Jianfeng},
  booktitle={Proceedings of the 24th International Conference on Machine Learning},
  pages={33--40},
  year={2007},
}

@book{Gusfield:97,
    author  = {Dan Gusfield},
    title   = {Algorithms on Strings, Trees and Sequences},
    year    = "1997",
    publisher = {Cambridge University Press},
    address = {Cambridge, UK}
}

@article{rasooli-tetrault-2015,
    author    = {Mohammad Sadegh Rasooli and Joel R. Tetreault},
    title     = {Yara Parser: {A} Fast and Accurate Dependency Parser},
    journal   = {Computing Research Repository},
    volume    = {arXiv:1503.06733},
    year      = {2015},
    url       = {http://arxiv.org/abs/1503.06733},
    note    = {version 2}
}

@article{Ando2005,
	Acmid = {1194905},
	Author = {Ando, Rie Kubota and Zhang, Tong},
	Issn = {1532-4435},
	Issue_Date = {12/1/2005},
	Journal = {Journal of Machine Learning Research},
	Month = dec,
	Numpages = {37},
	Pages = {1817--1853},
	Publisher = {JMLR.org},
	Title = {A Framework for Learning Predictive Structures from Multiple Tasks and Unlabeled Data},
	Volume = {6},
	Year = {2005}
}

@inproceedings{RAG—survey-2024,
  title={A survey on rag meeting llms: Towards retrieval-augmented large language models},
  author={Fan, Wenqi and Ding, Yujuan and Ning, Liangbo and Wang, Shijie and Li, Hengyun and Yin, Dawei and Chua, Tat-Seng and Li, Qing},
  booktitle={Proceedings of the 30th ACM SIGKDD Conference on Knowledge Discovery and Data Mining},
  pages={6491--6501},
  year={2024}
}

@article{gao2023retrieval-naiverag,
  title={Retrieval-augmented generation for large language models: A survey},
  author={Gao, Yunfan and Xiong, Yun and Gao, Xinyu and Jia, Kangxiang and Pan, Jinliu and Bi, Yuxi and Dai, Yi and Sun, Jiawei and Wang, Haofen},
  journal={arXiv preprint arXiv:2312.10997},
  year={2023}
}

@inproceedings{kg-survey-2024,
  title={Graph retrieval-augmented generation for large language models: A survey},
  author={Procko, Tyler Thomas and Ochoa, Omar},
  booktitle={2024 Conference on AI, Science, Engineering, and Technology (AIxSET)},
  pages={166--169},
  year={2024},
  organization={IEEE}
}

@article{guo2024lightrag,
  title={Lightrag: Simple and fast retrieval-augmented generation},
  author={Guo, Zirui and Xia, Lianghao and Yu, Yanhua and Ao, Tu and Huang, Chao},
  year={2024}
}

@article{edge2024graphrag,
  title={From local to global: A graph rag approach to query-focused summarization},
  author={Edge, Darren and Trinh, Ha and Cheng, Newman and Bradley, Joshua and Chao, Alex and Mody, Apurva and Truitt, Steven and Larson, Jonathan},
  journal={arXiv preprint arXiv:2404.16130},
  year={2024}
}

@article{gao2022HyDE,
  title={Precise zero-shot dense retrieval without relevance labels},
  author={Gao, Luyu and Ma, Xueguang and Lin, Jimmy and Callan, Jamie},
  journal={arXiv preprint arXiv:2212.10496},
  year={2022}
}

@article{fan2025minirag,
  title={MiniRAG: Towards Extremely Simple Retrieval-Augmented Generation},
  author={Fan, Tianyu and Wang, Jingyuan and Ren, Xubin and Huang, Chao},
  journal={arXiv preprint arXiv:2501.06713},
  year={2025}
}

@article{chan2023chateval,
  title={Chateval: Towards better llm-based evaluators through multi-agent debate},
  author={Chan, Chi-Min and Chen, Weize and Su, Yusheng and Yu, Jianxuan and Xue, Wei and Zhang, Shanghang and Fu, Jie and Liu, Zhiyuan},
  journal={arXiv preprint arXiv:2308.07201},
  year={2023}
}

@article{he2025g,
  title={G-retriever: Retrieval-augmented generation for textual graph understanding and question answering},
  author={He, Xiaoxin and Tian, Yijun and Sun, Yifei and Chawla, Nitesh and Laurent, Thomas and LeCun, Yann and Bresson, Xavier and Hooi, Bryan},
  journal={Advances in Neural Information Processing Systems},
  volume={37},
  pages={132876--132907},
  year={2025}
}

@article{hu2024grag,
  title={GRAG: Graph Retrieval-Augmented Generation},
  author={Hu, Yuntong and Lei, Zhihan and Zhang, Zheng and Pan, Bo and Ling, Chen and Zhao, Liang},
  journal={arXiv preprint arXiv:2405.16506},
  year={2024}
}


@article{li2024subgraphrag,
  title={Simple is effective: The roles of graphs and large language models in knowledge-graph-based retrieval-augmented generation},
  author={Li, Mufei and Miao, Siqi and Li, Pan},
  journal={ICLR 2025},
  year={2024}
}
@article{gao2021kg-rag,
  title={Graph-augmented learning to rank for querying large-scale knowledge graph},
  author={Gao, Hanning and Wu, Lingfei and Hu, Po and Wei, Zhihua and Xu, Fangli and Long, Bo},
  journal={AACL 2022},
  year={2022}
}

@article{yasunaga2021kg-rag,
  title={QA-GNN: Reasoning with language models and knowledge graphs for question answering},
  author={Yasunaga, Michihiro and Ren, Hongyu and Bosselut, Antoine and Liang, Percy and Leskovec, Jure},
  journal={NAACL 2021},
  year={2021}
}

@article{liu2024lost,
  title={Lost in the middle: How language models use long contexts},
  author={Liu, Nelson F and Lin, Kevin and Hewitt, John and Paranjape, Ashwin and Bevilacqua, Michele and Petroni, Fabio and Liang, Percy},
  journal={Transactions of the Association for Computational Linguistics},
  volume={12},
  pages={157--173},
  year={2024},
  publisher={MIT Press One Broadway, 12th Floor, Cambridge, Massachusetts 02142, USA~…}
}

@article{qin2023large,
  title={Large language models are effective text rankers with pairwise ranking prompting},
  author={Qin, Zhen and Jagerman, Rolf and Hui, Kai and Zhuang, Honglei and Wu, Junru and Yan, Le and Shen, Jiaming and Liu, Tianqi and Liu, Jialu and Metzler, Donald and others},
  journal={NAACL 2024},
  year={2023}
}

@inproceedings{cuconasu2024power,
  title={The power of noise: Redefining retrieval for rag systems},
  author={Cuconasu, Florin and Trappolini, Giovanni and Siciliano, Federico and Filice, Simone and Campagnano, Cesare and Maarek, Yoelle and Tonellotto, Nicola and Silvestri, Fabrizio},
  booktitle={Proceedings of the 47th International ACM SIGIR Conference on Research and Development in Information Retrieval},
  pages={719--729},
  year={2024}
}

@article{cao2024graphinsight,
  title={Graphinsight: Unlocking insights in large language models for graph structure understanding},
  author={Cao, Yukun and Han, Shuo and Gao, Zengyi and Ding, Zezhong and Xie, Xike and Zhou, S Kevin},
  journal={arXiv preprint arXiv:2409.03258},
  year={2024}
}

@article{firooz2024lost,
  title={Lost-in-distance: Impact of contextual proximity on llm performance in graph tasks},
  author={Firooz, Hamed and Sanjabi, Maziar and Jiang, Wenlong and Zhai, Xiaoling},
  journal={arXiv preprint arXiv:2410.01985},
  year={2024}
}

#text-based RAG
@article{lewis2020retrieval,
  title={Retrieval-augmented generation for knowledge-intensive nlp tasks},
  author={Lewis, Patrick and Perez, Ethan and Piktus, Aleksandra and Petroni, Fabio and Karpukhin, Vladimir and Goyal, Naman and K{\"u}ttler, Heinrich and Lewis, Mike and Yih, Wen-tau and Rockt{\"a}schel, Tim and others},
  journal={Advances in Neural Information Processing Systems},
  volume={33},
  pages={9459--9474},
  year={2020}
}
@inproceedings{guu2020retrieval,
  title={Retrieval augmented language model pre-training},
  author={Guu, Kelvin and Lee, Kenton and Tung, Zora and Pasupat, Panupong and Chang, Mingwei},
  booktitle={International conference on machine learning},
  pages={3929--3938},
  year={2020},
  organization={PMLR}
}
#s
@article{cheng2024lift,
  title={Lift yourself up: Retrieval-augmented text generation with self-memory},
  author={Cheng, Xin and Luo, Di and Chen, Xiuying and Liu, Lemao and Zhao, Dongyan and Yan, Rui},
  journal={Advances in Neural Information Processing Systems},
  volume={36},
  year={2024}
}

@article{schick2023toolformer,
  title={Toolformer: Language models can teach themselves to use tools},
  author={Schick, Timo and Dwivedi-Yu, Jane and Dess{\`\i}, Roberto and Raileanu, Roberta and Lomeli, Maria and Hambro, Eric and Zettlemoyer, Luke and Cancedda, Nicola and Scialom, Thomas},
  journal={Advances in Neural Information Processing Systems},
  volume={36},
  pages={68539--68551},
  year={2023}
}
@article{jiang2023active,
  title={Active retrieval augmented generation},
  author={Jiang, Zhengbao and Xu, Frank F and Gao, Luyu and Sun, Zhiqing and Liu, Qian and Dwivedi-Yu, Jane and Yang, Yiming and Callan, Jamie and Neubig, Graham},
  journal={EMNLP 2023},
  year={2023}
}
@inproceedings{alon2022neuro,
  title={Neuro-symbolic language modeling with automaton-augmented retrieval},
  author={Alon, Uri and Xu, Frank and He, Junxian and Sengupta, Sudipta and Roth, Dan and Neubig, Graham},
  booktitle={International Conference on Machine Learning},
  pages={468--485},
  year={2022},
  organization={PMLR}
}

@inproceedings{borgeaud2022improving,
  title={Improving language models by retrieving from trillions of tokens},
  author={Borgeaud, Sebastian and Mensch, Arthur and Hoffmann, Jordan and Cai, Trevor and Rutherford, Eliza and Millican, Katie and Van Den Driessche, George Bm and Lespiau, Jean-Baptiste and Damoc, Bogdan and Clark, Aidan and others},
  booktitle={International conference on machine learning},
  pages={2206--2240},
  year={2022},
  organization={PMLR}
}

@article{khandelwal2019generalization,
  title={Generalization through memorization: Nearest neighbor language models},
  author={Khandelwal, Urvashi and Levy, Omer and Jurafsky, Dan and Zettlemoyer, Luke and Lewis, Mike},
  journal={arXiv preprint arXiv:1911.00172},
  year={2019}
}
#d

@inproceedings{hofstatter2023fid,
  title={Fid-light: Efficient and effective retrieval-augmented text generation},
  author={Hofst{\"a}tter, Sebastian and Chen, Jiecao and Raman, Karthik and Zamani, Hamed},
  booktitle={Proceedings of the 46th International ACM SIGIR Conference on Research and Development in Information Retrieval},
  pages={1437--1447},
  year={2023}
}

@article{zhang2024arl2,
  title={Arl2: Aligning retrievers for black-box large language models via self-guided adaptive relevance labeling},
  author={Zhang, Lingxi and Yu, Yue and Wang, Kuan and Zhang, Chao},
  journal={ACL 2024},
  year={2024}
}

#benchmark
@article{qian2024memorag,
  title={Memorag: Moving towards next-gen rag via memory-inspired knowledge discovery},
  author={Qian, Hongjin and Zhang, Peitian and Liu, Zheng and Mao, Kelong and Dou, Zhicheng},
  journal={arXiv preprint arXiv:2409.05591},
  year={2024}
}

@article{kwiatkowski2019natural,
  title={Natural questions: a benchmark for question answering research},
  author={Kwiatkowski, Tom and Palomaki, Jennimaria and Redfield, Olivia and Collins, Michael and Parikh, Ankur and Alberti, Chris and Epstein, Danielle and Polosukhin, Illia and Devlin, Jacob and Lee, Kenton and others},
  journal={Transactions of the Association for Computational Linguistics},
  volume={7},
  pages={453--466},
  year={2019},
  publisher={MIT Press One Rogers Street, Cambridge, MA 02142-1209, USA journals-info~…}
}

@article{ho2020constructing,
  title={Constructing a multi-hop QA dataset for comprehensive evaluation of reasoning steps},
  author={Ho, Xanh and Nguyen, Anh-Khoa Duong and Sugawara, Saku and Aizawa, Akiko},
  journal={COLING 2020},
  year={2020}
}

@article{trivedi2022musique,
  title={♫ MuSiQue: Multihop Questions via Single-hop Question Composition},
  author={Trivedi, Harsh and Balasubramanian, Niranjan and Khot, Tushar and Sabharwal, Ashish},
  journal={Transactions of the Association for Computational Linguistics},
  volume={10},
  pages={539--554},
  year={2022},
  publisher={MIT Press One Broadway, 12th Floor, Cambridge, Massachusetts 02142, USA~…}
}

@article{yang2018hotpotqa,
  title={HotpotQA: A dataset for diverse, explainable multi-hop question answering},
  author={Yang, Zhilin and Qi, Peng and Zhang, Saizheng and Bengio, Yoshua and Cohen, William W and Salakhutdinov, Ruslan and Manning, Christopher D},
  journal={EMNLP 2018},
  year={2018}
}

@article{joshi2017triviaqa,
  title={Triviaqa: A large scale distantly supervised challenge dataset for reading comprehension},
  author={Joshi, Mandar and Choi, Eunsol and Weld, Daniel S and Zettlemoyer, Luke},
  journal={arXiv preprint arXiv:1705.03551},
  year={2017}
}
#kg-benchmark
@inproceedings{yih2016value,
  title={The value of semantic parse labeling for knowledge base question answering},
  author={Yih, Wen-tau and Richardson, Matthew and Meek, Christopher and Chang, Ming-Wei and Suh, Jina},
  booktitle={Proceedings of the 54th Annual Meeting of the Association for Computational Linguistics (Volume 2: Short Papers)},
  pages={201--206},
  year={2016}
}

@article{talmor2018web,
  title={The web as a knowledge-base for answering complex questions},
  author={Talmor, Alon and Berant, Jonathan},
  journal={NAACL 2018},
  year={2018}
}

@inproceedings{gu2021beyond,
  title={Beyond IID: three levels of generalization for question answering on knowledge bases},
  author={Gu, Yu and Kase, Sue and Vanni, Michelle and Sadler, Brian and Liang, Percy and Yan, Xifeng and Su, Yu},
  booktitle={Proceedings of the Web Conference 2021},
  pages={3477--3488},
  year={2021}
}

@article{bordes2015large,
  title={Large-scale simple question answering with memory networks},
  author={Bordes, Antoine and Usunier, Nicolas and Chopra, Sumit and Weston, Jason},
  journal={arXiv preprint arXiv:1506.02075},
  year={2015}
}

#flowing
@article{lin2015flowing,
  title={Modeling relation paths for representation learning of knowledge bases},
  author={Lin, Yankai and Liu, Zhiyuan and Luan, Huanbo and Sun, Maosong and Rao, Siwei and Liu, Song},
  journal={arXiv preprint arXiv:1506.00379},
  year={2015}
}
@article{lu2011link,
  title={Link prediction in complex networks: A survey},
  author={L{\"u}, Linyuan and Zhou, Tao},
  journal={Physica A: statistical mechanics and its applications},
  volume={390},
  number={6},
  pages={1150--1170},
  year={2011},
  publisher={Elsevier}
}
#flowing recommendation
@article{zhou2007bipartite,
  title={Bipartite network projection and personal recommendation},
  author={Zhou, Tao and Ren, Jie and Medo, Mat{\'u}{\v{s}} and Zhang, Yi-Cheng},
  journal={Physical Review E—Statistical, Nonlinear, and Soft Matter Physics},
  volume={76},
  number={4},
  pages={046115},
  year={2007},
  publisher={APS}
}

#acl
#text based
@article{shi2024generate,
  title={Generate-then-ground in retrieval-augmented generation for multi-hop question answering},
  author={Shi, Zhengliang and Sun, Weiwei and Gao, Shen and Ren, Pengjie and Chen, Zhumin and Ren, Zhaochun},
  journal={arXiv preprint arXiv:2406.14891},
  year={2024}
}
@article{feng2023synergistic,
  title={Synergistic Interplay between Search and Large Language Models for Information Retrieval},
  author={Feng, Jiazhan and Tao, Chongyang and Geng, Xiubo and Shen, Tao and Xu, Can and Long, Guodong and Zhao, Dongyan and Jiang, Daxin},
  journal={arXiv preprint arXiv:2305.07402},
  year={2023}
}

@article{tan2024small,
  title={Small Models, Big Insights: Leveraging Slim Proxy Models To Decide When and What to Retrieve for LLMs},
  author={Tan, Jiejun and Dou, Zhicheng and Zhu, Yutao and Guo, Peidong and Fang, Kun and Wen, Ji-Rong},
  journal={arXiv preprint arXiv:2402.12052},
  year={2024}
}

@article{su2024dragin,
  title={Dragin: Dynamic retrieval augmented generation based on the real-time information needs of large language models},
  author={Su, Weihang and Tang, Yichen and Ai, Qingyao and Wu, Zhijing and Liu, Yiqun},
  journal={arXiv preprint arXiv:2403.10081},
  year={2024}
}

@inproceedings{li2024llama2vec,
  title={Llama2vec: Unsupervised adaptation of large language models for dense retrieval},
  author={Li, Chaofan and Liu, Zheng and Xiao, Shitao and Shao, Yingxia and Lian, Defu},
  booktitle={Proceedings of the 62nd Annual Meeting of the Association for Computational Linguistics (Volume 1: Long Papers)},
  pages={3490--3500},
  year={2024}
}

@article{zhu2024information,
  title={An Information Bottleneck Perspective for Effective Noise Filtering on Retrieval-Augmented Generation},
  author={Zhu, Kun and Feng, Xiaocheng and Du, Xiyuan and Gu, Yuxuan and Yu, Weijiang and Wang, Haotian and Chen, Qianglong and Chu, Zheng and Chen, Jingchang and Qin, Bing},
  journal={ACL 2024},
  year={2024}
}

@article{xu2024unsupervised,
  title={Unsupervised Information Refinement Training of Large Language Models for Retrieval-Augmented Generation},
  author={Xu, Shicheng and Pang, Liang and Yu, Mo and Meng, Fandong and Shen, Huawei and Cheng, Xueqi and Zhou, Jie},
  journal={ACL 2024},
  year={2024}
}

@article{fang2024enhancing,
  title={Enhancing Noise Robustness of Retrieval-Augmented Language Models with Adaptive Adversarial Training},
  author={Fang, Feiteng and Bai, Yuelin and Ni, Shiwen and Yang, Min and Chen, Xiaojun and Xu, Ruifeng},
  journal={arXiv preprint arXiv:2405.20978},
  year={2024}
}

@article{yoon2024listt5,
  title={Listt5: Listwise reranking with fusion-in-decoder improves zero-shot retrieval},
  author={Yoon, Soyoung and Choi, Eunbi and Kim, Jiyeon and Yun, Hyeongu and Kim, Yireun and Hwang, Seung-won},
  journal={arXiv preprint arXiv:2402.15838},
  year={2024}
}

@inproceedings{zhang2024multi,
  title={A multi-task embedder for retrieval augmented llms},
  author={Zhang, Peitian and Liu, Zheng and Xiao, Shitao and Dou, Zhicheng and Nie, Jian-Yun},
  booktitle={Proceedings of the 62nd Annual Meeting of the Association for Computational Linguistics (Volume 1: Long Papers)},
  pages={3537--3553},
  year={2024}
}

#kg-based
@inproceedings{fang2024reano,
  title={Reano: Optimising retrieval-augmented reader models through knowledge graph generation},
  author={Fang, Jinyuan and Meng, Zaiqiao and Macdonald, Craig},
  booktitle={Proceedings of the 62nd Annual Meeting of the Association for Computational Linguistics (Volume 1: Long Papers)},
  pages={2094--2112},
  year={2024}
}

@article{dehghan2024ewek,
  title={EWEK-QA: Enhanced Web and Efficient Knowledge Graph Retrieval for Citation-based Question Answering Systems},
  author={Dehghan, Mohammad and Alomrani, Mohammad Ali and Bagga, Sunyam and Alfonso-Hermelo, David and Bibi, Khalil and Ghaddar, Abbas and Zhang, Yingxue and Li, Xiaoguang and Hao, Jianye and Liu, Qun and others},
  journal={arXiv preprint arXiv:2406.10393},
  year={2024}
}

@article{panda2024holmes,
  title={HOLMES: Hyper-Relational Knowledge Graphs for Multi-hop Question Answering using LLMs},
  author={Panda, Pranoy and Agarwal, Ankush and Devaguptapu, Chaitanya and Kaul, Manohar and others},
  journal={ACL 2024},
  year={2024}
}

@article{markowitz2024tree,
  title={Tree-of-Traversals: A Zero-Shot Reasoning Algorithm for Augmenting Black-box Language Models with Knowledge Graphs},
  author={Markowitz, Elan and Ramakrishna, Anil and Dhamala, Jwala and Mehrabi, Ninareh and Peris, Charith and Gupta, Rahul and Chang, Kai-Wei and Galstyan, Aram},
  journal={arXiv preprint arXiv:2407.21358},
  year={2024}
}

@article{wen2023mindmap,
  title={Mindmap: Knowledge graph prompting sparks graph of thoughts in large language models},
  author={Wen, Yilin and Wang, Zifeng and Sun, Jimeng},
  journal={arXiv preprint arXiv:2308.09729},
  year={2023}
}

#chunk
@article{finardi2024chronicles,
  title={The Chronicles of RAG: The Retriever, the Chunk and the Generator},
  author={Finardi, Paulo and Avila, Leonardo and Castaldoni, Rodrigo and Gengo, Pedro and Larcher, Celio and Piau, Marcos and Costa, Pablo and Carid{\'a}, Vinicius},
  journal={arXiv preprint arXiv:2401.07883},
  year={2024}
}

@article{yepes2024financial,
  title={Financial report chunking for effective retrieval augmented generation},
  author={Yepes, Antonio Jimeno and You, Yao and Milczek, Jan and Laverde, Sebastian and Li, Renyu},
  journal={arXiv preprint arXiv:2402.05131},
  year={2024}
}

@article{lyu2024crud,
  title={Crud-rag: A comprehensive chinese benchmark for retrieval-augmented generation of large language models},
  author={Lyu, Yuanjie and Li, Zhiyu and Niu, Simin and Xiong, Feiyu and Tang, Bo and Wang, Wenjin and Wu, Hao and Liu, Huanyong and Xu, Tong and Chen, Enhong},
  journal={ACM Transactions on Information Systems},
  year={2024},
  publisher={ACM New York, NY}
}

#kg-reasoning
@article{tian2022knowledge,
  title={Knowledge graph and knowledge reasoning: A systematic review},
  author={Tian, Ling and Zhou, Xue and Wu, Yan-Ping and Zhou, Wang-Tao and Zhang, Jin-Hao and Zhang, Tian-Shu},
  journal={Journal of Electronic Science and Technology},
  volume={20},
  number={2},
  pages={100159},
  year={2022},
  publisher={Elsevier}
}



@inproceedings{liu2021kg,
  title={Kg-bart: Knowledge graph-augmented bart for generative commonsense reasoning},
  author={Liu, Ye and Wan, Yao and He, Lifang and Peng, Hao and Philip, S Yu},
  booktitle={Proceedings of the AAAI conference on artificial intelligence},
  volume={35},
  number={7},
  pages={6418--6425},
  year={2021}
}