@inproceedings{RAG—survey-2024,
  title={A survey on rag meeting llms: Towards retrieval-augmented large language models},
  author={Fan, Wenqi and Ding, Yujuan and Ning, Liangbo and Wang, Shijie and Li, Hengyun and Yin, Dawei and Chua, Tat-Seng and Li, Qing},
  booktitle={Proceedings of the 30th ACM SIGKDD Conference on Knowledge Discovery and Data Mining},
  pages={6491--6501},
  year={2024}
}

@inproceedings{alon2022neuro,
  title={Neuro-symbolic language modeling with automaton-augmented retrieval},
  author={Alon, Uri and Xu, Frank and He, Junxian and Sengupta, Sudipta and Roth, Dan and Neubig, Graham},
  booktitle={International Conference on Machine Learning},
  pages={468--485},
  year={2022},
  organization={PMLR}
}

@article{bordes2015large,
  title={Large-scale simple question answering with memory networks},
  author={Bordes, Antoine and Usunier, Nicolas and Chopra, Sumit and Weston, Jason},
  journal={arXiv preprint arXiv:1506.02075},
  year={2015}
}

@article{cheng2024lift,
  title={Lift yourself up: Retrieval-augmented text generation with self-memory},
  author={Cheng, Xin and Luo, Di and Chen, Xiuying and Liu, Lemao and Zhao, Dongyan and Yan, Rui},
  journal={Advances in Neural Information Processing Systems},
  volume={36},
  year={2024}
}

@article{dehghan2024ewek,
  title={EWEK-QA: Enhanced Web and Efficient Knowledge Graph Retrieval for Citation-based Question Answering Systems},
  author={Dehghan, Mohammad and Alomrani, Mohammad Ali and Bagga, Sunyam and Alfonso-Hermelo, David and Bibi, Khalil and Ghaddar, Abbas and Zhang, Yingxue and Li, Xiaoguang and Hao, Jianye and Liu, Qun and others},
  journal={arXiv preprint arXiv:2406.10393},
  year={2024}
}

@article{edge2024graphrag,
  title={From local to global: A graph rag approach to query-focused summarization},
  author={Edge, Darren and Trinh, Ha and Cheng, Newman and Bradley, Joshua and Chao, Alex and Mody, Apurva and Truitt, Steven and Larson, Jonathan},
  journal={arXiv preprint arXiv:2404.16130},
  year={2024}
}

@article{fan2025minirag,
  title={MiniRAG: Towards Extremely Simple Retrieval-Augmented Generation},
  author={Fan, Tianyu and Wang, Jingyuan and Ren, Xubin and Huang, Chao},
  journal={arXiv preprint arXiv:2501.06713},
  year={2025}
}

@article{fang2024enhancing,
  title={Enhancing Noise Robustness of Retrieval-Augmented Language Models with Adaptive Adversarial Training},
  author={Fang, Feiteng and Bai, Yuelin and Ni, Shiwen and Yang, Min and Chen, Xiaojun and Xu, Ruifeng},
  journal={arXiv preprint arXiv:2405.20978},
  year={2024}
}

@inproceedings{fang2024reano,
  title={Reano: Optimising retrieval-augmented reader models through knowledge graph generation},
  author={Fang, Jinyuan and Meng, Zaiqiao and Macdonald, Craig},
  booktitle={Proceedings of the 62nd Annual Meeting of the Association for Computational Linguistics (Volume 1: Long Papers)},
  pages={2094--2112},
  year={2024}
}

@article{gao2021kg-rag,
  title={Graph-augmented learning to rank for querying large-scale knowledge graph},
  author={Gao, Hanning and Wu, Lingfei and Hu, Po and Wei, Zhihua and Xu, Fangli and Long, Bo},
  journal={AACL 2022},
  year={2022}
}

@inproceedings{gu2021beyond,
  title={Beyond IID: three levels of generalization for question answering on knowledge bases},
  author={Gu, Yu and Kase, Sue and Vanni, Michelle and Sadler, Brian and Liang, Percy and Yan, Xifeng and Su, Yu},
  booktitle={Proceedings of the Web Conference 2021},
  pages={3477--3488},
  year={2021}
}

@article{guo2024lightrag,
  title={Lightrag: Simple and fast retrieval-augmented generation},
  author={Guo, Zirui and Xia, Lianghao and Yu, Yanhua and Ao, Tu and Huang, Chao},
  year={2024}
}

@inproceedings{guu2020retrieval,
  title={Retrieval augmented language model pre-training},
  author={Guu, Kelvin and Lee, Kenton and Tung, Zora and Pasupat, Panupong and Chang, Mingwei},
  booktitle={International conference on machine learning},
  pages={3929--3938},
  year={2020},
  organization={PMLR}
}

@article{he2025g,
  title={G-retriever: Retrieval-augmented generation for textual graph understanding and question answering},
  author={He, Xiaoxin and Tian, Yijun and Sun, Yifei and Chawla, Nitesh and Laurent, Thomas and LeCun, Yann and Bresson, Xavier and Hooi, Bryan},
  journal={Advances in Neural Information Processing Systems},
  volume={37},
  pages={132876--132907},
  year={2025}
}

@article{ho2020constructing,
  title={Constructing a multi-hop QA dataset for comprehensive evaluation of reasoning steps},
  author={Ho, Xanh and Nguyen, Anh-Khoa Duong and Sugawara, Saku and Aizawa, Akiko},
  journal={COLING 2020},
  year={2020}
}

@inproceedings{hofstatter2023fid,
  title={Fid-light: Efficient and effective retrieval-augmented text generation},
  author={Hofst{\"a}tter, Sebastian and Chen, Jiecao and Raman, Karthik and Zamani, Hamed},
  booktitle={Proceedings of the 46th International ACM SIGIR Conference on Research and Development in Information Retrieval},
  pages={1437--1447},
  year={2023}
}

@article{jiang2023active,
  title={Active retrieval augmented generation},
  author={Jiang, Zhengbao and Xu, Frank F and Gao, Luyu and Sun, Zhiqing and Liu, Qian and Dwivedi-Yu, Jane and Yang, Yiming and Callan, Jamie and Neubig, Graham},
  journal={EMNLP 2023},
  year={2023}
}

@article{joshi2017triviaqa,
  title={Triviaqa: A large scale distantly supervised challenge dataset for reading comprehension},
  author={Joshi, Mandar and Choi, Eunsol and Weld, Daniel S and Zettlemoyer, Luke},
  journal={arXiv preprint arXiv:1705.03551},
  year={2017}
}

@inproceedings{kg-survey-2024,
  title={Graph retrieval-augmented generation for large language models: A survey},
  author={Procko, Tyler Thomas and Ochoa, Omar},
  booktitle={2024 Conference on AI, Science, Engineering, and Technology (AIxSET)},
  pages={166--169},
  year={2024},
  organization={IEEE}
}

@article{kwiatkowski2019natural,
  title={Natural questions: a benchmark for question answering research},
  author={Kwiatkowski, Tom and Palomaki, Jennimaria and Redfield, Olivia and Collins, Michael and Parikh, Ankur and Alberti, Chris and Epstein, Danielle and Polosukhin, Illia and Devlin, Jacob and Lee, Kenton and others},
  journal={Transactions of the Association for Computational Linguistics},
  volume={7},
  pages={453--466},
  year={2019},
  publisher={MIT Press One Rogers Street, Cambridge, MA 02142-1209, USA journals-info~…}
}

@article{lewis2020retrieval,
  title={Retrieval-augmented generation for knowledge-intensive nlp tasks},
  author={Lewis, Patrick and Perez, Ethan and Piktus, Aleksandra and Petroni, Fabio and Karpukhin, Vladimir and Goyal, Naman and K{\"u}ttler, Heinrich and Lewis, Mike and Yih, Wen-tau and Rockt{\"a}schel, Tim and others},
  journal={Advances in Neural Information Processing Systems},
  volume={33},
  pages={9459--9474},
  year={2020}
}

@inproceedings{li2024llama2vec,
  title={Llama2vec: Unsupervised adaptation of large language models for dense retrieval},
  author={Li, Chaofan and Liu, Zheng and Xiao, Shitao and Shao, Yingxia and Lian, Defu},
  booktitle={Proceedings of the 62nd Annual Meeting of the Association for Computational Linguistics (Volume 1: Long Papers)},
  pages={3490--3500},
  year={2024}
}

@article{li2024subgraphrag,
  title={Simple is effective: The roles of graphs and large language models in knowledge-graph-based retrieval-augmented generation},
  author={Li, Mufei and Miao, Siqi and Li, Pan},
  journal={ICLR 2025},
  year={2024}
}

@inproceedings{liu2021kg,
  title={Kg-bart: Knowledge graph-augmented bart for generative commonsense reasoning},
  author={Liu, Ye and Wan, Yao and He, Lifang and Peng, Hao and Philip, S Yu},
  booktitle={Proceedings of the AAAI conference on artificial intelligence},
  volume={35},
  number={7},
  pages={6418--6425},
  year={2021}
}

@article{panda2024holmes,
  title={HOLMES: Hyper-Relational Knowledge Graphs for Multi-hop Question Answering using LLMs},
  author={Panda, Pranoy and Agarwal, Ankush and Devaguptapu, Chaitanya and Kaul, Manohar and others},
  journal={ACL 2024},
  year={2024}
}

@article{schick2023toolformer,
  title={Toolformer: Language models can teach themselves to use tools},
  author={Schick, Timo and Dwivedi-Yu, Jane and Dess{\`\i}, Roberto and Raileanu, Roberta and Lomeli, Maria and Hambro, Eric and Zettlemoyer, Luke and Cancedda, Nicola and Scialom, Thomas},
  journal={Advances in Neural Information Processing Systems},
  volume={36},
  pages={68539--68551},
  year={2023}
}

@article{talmor2018web,
  title={The web as a knowledge-base for answering complex questions},
  author={Talmor, Alon and Berant, Jonathan},
  journal={NAACL 2018},
  year={2018}
}

@article{tian2022knowledge,
  title={Knowledge graph and knowledge reasoning: A systematic review},
  author={Tian, Ling and Zhou, Xue and Wu, Yan-Ping and Zhou, Wang-Tao and Zhang, Jin-Hao and Zhang, Tian-Shu},
  journal={Journal of Electronic Science and Technology},
  volume={20},
  number={2},
  pages={100159},
  year={2022},
  publisher={Elsevier}
}

@article{wen2023mindmap,
  title={Mindmap: Knowledge graph prompting sparks graph of thoughts in large language models},
  author={Wen, Yilin and Wang, Zifeng and Sun, Jimeng},
  journal={arXiv preprint arXiv:2308.09729},
  year={2023}
}

@article{xu2024unsupervised,
  title={Unsupervised Information Refinement Training of Large Language Models for Retrieval-Augmented Generation},
  author={Xu, Shicheng and Pang, Liang and Yu, Mo and Meng, Fandong and Shen, Huawei and Cheng, Xueqi and Zhou, Jie},
  journal={ACL 2024},
  year={2024}
}

@article{yang2018hotpotqa,
  title={HotpotQA: A dataset for diverse, explainable multi-hop question answering},
  author={Yang, Zhilin and Qi, Peng and Zhang, Saizheng and Bengio, Yoshua and Cohen, William W and Salakhutdinov, Ruslan and Manning, Christopher D},
  journal={EMNLP 2018},
  year={2018}
}

@article{yasunaga2021kg-rag,
  title={QA-GNN: Reasoning with language models and knowledge graphs for question answering},
  author={Yasunaga, Michihiro and Ren, Hongyu and Bosselut, Antoine and Liang, Percy and Leskovec, Jure},
  journal={NAACL 2021},
  year={2021}
}

@article{zhang2024arl2,
  title={Arl2: Aligning retrievers for black-box large language models via self-guided adaptive relevance labeling},
  author={Zhang, Lingxi and Yu, Yue and Wang, Kuan and Zhang, Chao},
  journal={ACL 2024},
  year={2024}
}

@article{zhu2024information,
  title={An Information Bottleneck Perspective for Effective Noise Filtering on Retrieval-Augmented Generation},
  author={Zhu, Kun and Feng, Xiaocheng and Du, Xiyuan and Gu, Yuxuan and Yu, Weijiang and Wang, Haotian and Chen, Qianglong and Chu, Zheng and Chen, Jingchang and Qin, Bing},
  journal={ACL 2024},
  year={2024}
}

