@incollection{Bengio+chapter2007,
author = {Bengio, Yoshua and LeCun, Yann},
booktitle = {Large Scale Kernel Machines},
publisher = {MIT Press},
title = {Scaling Learning Algorithms Towards {AI}},
year = {2007}
}

@article{Hinton06,
author = {Hinton, Geoffrey E. and Osindero, Simon and Teh, Yee Whye},
journal = {Neural Computation},
pages = {1527--1554},
title = {A Fast Learning Algorithm for Deep Belief Nets},
volume = {18},
year = {2006}
}

@book{goodfellow2016deep,
title={Deep learning},
author={Goodfellow, Ian and Bengio, Yoshua and Courville, Aaron and Bengio, Yoshua},
volume={1},
year={2016},
publisher={MIT Press}
}

@inproceedings{icl:Brown,
 author = {Brown, Tom and Mann, Benjamin and Ryder, Nick and Subbiah, Melanie and Kaplan, Jared D and Dhariwal, Prafulla and Neelakantan, Arvind and Shyam, Pranav and Sastry, Girish and Askell, Amanda and Agarwal, Sandhini and Herbert-Voss, Ariel and Krueger, Gretchen and Henighan, Tom and Child, Rewon and Ramesh, Aditya and Ziegler, Daniel and Wu, Jeffrey and Winter, Clemens and Hesse, Chris and Chen, Mark and Sigler, Eric and Litwin, Mateusz and Gray, Scott and Chess, Benjamin and Clark, Jack and Berner, Christopher and McCandlish, Sam and Radford, Alec and Sutskever, Ilya and Amodei, Dario},
 booktitle = {Advances in Neural Information Processing Systems},
 editor = {H. Larochelle and M. Ranzato and R. Hadsell and M.F. Balcan and H. Lin},
 pages = {1877--1901},
 publisher = {Curran Associates, Inc.},
 title = {Language Models are Few-Shot Learners},
 url = {https://proceedings.neurips.cc/paper_files/paper/2020/file/1457c0d6bfcb4967418bfb8ac142f64a-Paper.pdf},
 volume = {33},
 year = {2020}
}


@article{touvron2023llama,
  title={Llama: Open and efficient foundation language models},
  author={Touvron, Hugo and Lavril, Thibaut and Izacard, Gautier and Martinet, Xavier and Lachaux, Marie-Anne and Lacroix, Timoth{\'e}e and Rozi{\`e}re, Baptiste and Goyal, Naman and Hambro, Eric and Azhar, Faisal and others},
  journal={arXiv preprint arXiv:2302.13971},
  year={2023}
}


@inproceedings{cot:Wei,
 author = {Wei, Jason and Wang, Xuezhi and Schuurmans, Dale and Bosma, Maarten and ichter, brian and Xia, Fei and Chi, Ed and Le, Quoc V and Zhou, Denny},
 booktitle = {Advances in Neural Information Processing Systems},
 editor = {S. Koyejo and S. Mohamed and A. Agarwal and D. Belgrave and K. Cho and A. Oh},
 pages = {24824--24837},
 publisher = {Curran Associates, Inc.},
 title = {Chain-of-Thought Prompting Elicits Reasoning in Large Language Models},
 volume = {35},
 year = {2022}

}

@misc{Divide-and-Conquer,
      title={An Examination on the Effectiveness of Divide-and-Conquer Prompting in Large Language Models}, 
      author={Yizhou Zhang and Lun Du and Defu Cao and Qiang Fu and Yan Liu},
      year={2024},
      eprint={2402.05359},
      archivePrefix={arXiv},
      primaryClass={cs.AI},
      url={https://arxiv.org/abs/2402.05359}, 
}

@inproceedings{
least-to-most,
title={Least-to-Most Prompting Enables Complex Reasoning in Large Language Models},
author={Denny Zhou and Nathanael Sch{\"a}rli and Le Hou and Jason Wei and Nathan Scales and Xuezhi Wang and Dale Schuurmans and Claire Cui and Olivier Bousquet and Quoc V Le and Ed H. Chi},
booktitle={The Eleventh International Conference on Learning Representations },
year={2023},
url={https://openreview.net/forum?id=WZH7099tgfM}
}
@inproceedings{long-step,
  title={The Impact of Reasoning Step Length on Large Language Models},
  author={Mingyu Jin and Qinkai Yu and Dong Shu and Haiyan Zhao and Wenyue Hua and Yanda Meng and Yongfeng Zhang and Mengnan Du},
  booktitle={Annual Meeting of the Association for Computational Linguistics},
  year={2024},
  url={https://api.semanticscholar.org/CorpusID:266902900}
}

@misc{complex-prompt,
      title={Complexity-Based Prompting for Multi-Step Reasoning}, 
      author={Yao Fu and Hao Peng and Ashish Sabharwal and Peter Clark and Tushar Khot},
      year={2023},
      eprint={2210.00720},
      archivePrefix={arXiv},
      primaryClass={cs.CL},
      url={https://arxiv.org/abs/2210.00720}, 
}

@misc{ConciseCoT,
      title={Concise Thoughts: Impact of Output Length on LLM Reasoning and Cost}, 
      author={Sania Nayab and Giulio Rossolini and Giorgio Buttazzo and Nicolamaria Manes and Fabrizio Giacomelli},
      year={2024},
      eprint={2407.19825},
      archivePrefix={arXiv},
      primaryClass={cs.CL},
      url={https://arxiv.org/abs/2407.19825}, 
}

@misc{EmergentAbilities,
      title={Emergent Abilities of Large Language Models}, 
      author={Jason Wei and Yi Tay and Rishi Bommasani and Colin Raffel and Barret Zoph and Sebastian Borgeaud and Dani Yogatama and Maarten Bosma and Denny Zhou and Donald Metzler and Ed H. Chi and Tatsunori Hashimoto and Oriol Vinyals and Percy Liang and Jeff Dean and William Fedus},
      year={2022},
      eprint={2206.07682},
      archivePrefix={arXiv},
      primaryClass={cs.CL},
      url={https://arxiv.org/abs/2206.07682}, 
}

@misc{manyshoticl,
      title={Many-Shot In-Context Learning}, 
      author={Rishabh Agarwal and Avi Singh and Lei M. Zhang and Bernd Bohnet and Luis Rosias and Stephanie Chan and Biao Zhang and Ankesh Anand and Zaheer Abbas and Azade Nova and John D. Co-Reyes and Eric Chu and Feryal Behbahani and Aleksandra Faust and Hugo Larochelle},
      year={2024},
      eprint={2404.11018},
      archivePrefix={arXiv},
      primaryClass={cs.LG},
      url={https://arxiv.org/abs/2404.11018}, 
}

@misc{overthinking,
      title={Do NOT Think That Much for 2+3=? On the Overthinking of o1-Like LLMs}, 
      author={Xingyu Chen and Jiahao Xu and Tian Liang and Zhiwei He and Jianhui Pang and Dian Yu and Linfeng Song and Qiuzhi Liu and Mengfei Zhou and Zhuosheng Zhang and Rui Wang and Zhaopeng Tu and Haitao Mi and Dong Yu},
      year={2024},
      eprint={2412.21187},
      archivePrefix={arXiv},
      primaryClass={cs.CL},
      url={https://arxiv.org/abs/2412.21187}, 
}

@inproceedings{
self-consistency,
title={Self-Consistency Improves Chain of Thought Reasoning in Language Models},
author={Xuezhi Wang and Jason Wei and Dale Schuurmans and Quoc V Le and Ed H. Chi and Sharan Narang and Aakanksha Chowdhery and Denny Zhou},
booktitle={The Eleventh International Conference on Learning Representations },
year={2023},
url={https://openreview.net/forum?id=1PL1NIMMrw}
}

@inproceedings{
tree-of-thoughts,
title={Tree of Thoughts: Deliberate Problem Solving with Large Language Models},
author={Shunyu Yao and Dian Yu and Jeffrey Zhao and Izhak Shafran and Thomas L. Griffiths and Yuan Cao and Karthik R Narasimhan},
booktitle={Thirty-seventh Conference on Neural Information Processing Systems},
year={2023},
url={https://openreview.net/forum?id=5Xc1ecxO1h}
}

@misc{dacMultichoice,
      title={DCR: Divide-and-Conquer Reasoning for Multi-choice Question Answering with LLMs}, 
      author={Zijie Meng and Yan Zhang and Zhaopeng Feng and Zuozhu Liu},
      year={2024},
      eprint={2401.05190},
      archivePrefix={arXiv},
      primaryClass={cs.CL},
      url={https://arxiv.org/abs/2401.05190}, 
}


@misc{cot-theory:tcs,
      title={Chain of Thought Empowers Transformers to Solve Inherently Serial Problems}, 
      author={Zhiyuan Li and Hong Liu and Denny Zhou and Tengyu Ma},
      year={2024},
      eprint={2402.12875},
      archivePrefix={arXiv},
      primaryClass={cs.LG},
      url={https://arxiv.org/abs/2402.12875}, 
}

@inproceedings{
cot-theory:wlw,
title={Towards Revealing the Mystery behind Chain of Thought: A Theoretical Perspective},
author={Guhao Feng and Bohang Zhang and Yuntian Gu and Haotian Ye and Di He and Liwei Wang},
booktitle={Thirty-seventh Conference on Neural Information Processing Systems},
year={2023},
url={https://openreview.net/forum?id=qHrADgAdYu}
}

@misc{cot-theory:icl,
      title={A Theoretical Understanding of Chain-of-Thought: Coherent Reasoning and Error-Aware Demonstration}, 
      author={Yingqian Cui and Pengfei He and Xianfeng Tang and Qi He and Chen Luo and Jiliang Tang and Yue Xing},
      year={2024},
      eprint={2410.16540},
      archivePrefix={arXiv},
      primaryClass={cs.CL},
      url={https://arxiv.org/abs/2410.16540}, 
}

@misc{cot-theory:infor-theory,
      title={Understanding Chain-of-Thought in LLMs through Information Theory}, 
      author={Jean-Francois Ton and Muhammad Faaiz Taufiq and Yang Liu},
      year={2024},
      eprint={2411.11984},
      archivePrefix={arXiv},
      primaryClass={cs.CL},
      url={https://arxiv.org/abs/2411.11984}, 
}

@misc{cot-theory:allen-zhu,
      title={Physics of Language Models: Part 2.1, Grade-School Math and the Hidden Reasoning Process}, 
      author={Tian Ye and Zicheng Xu and Yuanzhi Li and Zeyuan Allen-Zhu},
      year={2024},
      eprint={2407.20311},
      archivePrefix={arXiv},
      primaryClass={cs.AI},
      url={https://arxiv.org/abs/2407.20311}, 
}

@misc{cot-theory:gradient,
      title={What Happened in LLMs Layers when Trained for Fast vs. Slow Thinking: A Gradient Perspective}, 
      author={Ming Li and Yanhong Li and Tianyi Zhou},
      year={2024},
      eprint={2410.23743},
      archivePrefix={arXiv},
      primaryClass={cs.CL},
      url={https://arxiv.org/abs/2410.23743}, 
}


@misc{test-time:0,
      title={Scaling LLM Test-Time Compute Optimally can be More Effective than Scaling Model Parameters}, 
      author={Charlie Snell and Jaehoon Lee and Kelvin Xu and Aviral Kumar},
      year={2024},
      eprint={2408.03314},
      archivePrefix={arXiv},
      primaryClass={cs.LG},
      url={https://arxiv.org/abs/2408.03314}, 
}

@misc{test-time:1,
      title={A Simple and Provable Scaling Law for the Test-Time Compute of Large Language Models}, 
      author={Yanxi Chen and Xuchen Pan and Yaliang Li and Bolin Ding and Jingren Zhou},
      year={2024},
      eprint={2411.19477},
      archivePrefix={arXiv},
      primaryClass={cs.CL},
      url={https://arxiv.org/abs/2411.19477}, 
}

@inproceedings{
test-time:2,
title={Scaling Inference Computation: Compute-Optimal Inference for Problem-Solving with Language Models},
author={Yangzhen Wu and Zhiqing Sun and Shanda Li and Sean Welleck and Yiming Yang},
booktitle={The 4th Workshop on Mathematical Reasoning and AI at NeurIPS'24},
year={2024},
url={https://openreview.net/forum?id=j7DZWSc8qu}
}


@misc{test-time:3,
      title={Large Language Monkeys: Scaling Inference Compute with Repeated Sampling}, 
      author={Bradley Brown and Jordan Juravsky and Ryan Ehrlich and Ronald Clark and Quoc V. Le and Christopher Ré and Azalia Mirhoseini},
      year={2024},
      eprint={2407.21787},
      archivePrefix={arXiv},
      primaryClass={cs.LG},
      url={https://arxiv.org/abs/2407.21787}, 
}

@inproceedings{
are-more-calls-you-need,
title={Are More {LLM} Calls All You Need? Towards the Scaling Properties of Compound {AI} Systems},
author={Lingjiao Chen and Jared Quincy Davis and Boris Hanin and Peter Bailis and Ion Stoica and Matei Zaharia and James Zou},
booktitle={The Thirty-eighth Annual Conference on Neural Information Processing Systems},
year={2024},
url={https://openreview.net/forum?id=m5106RRLgx}
}

@misc{2+3,
      title={Do NOT Think That Much for 2+3=? On the Overthinking of o1-Like LLMs}, 
      author={Xingyu Chen and Jiahao Xu and Tian Liang and Zhiwei He and Jianhui Pang and Dian Yu and Linfeng Song and Qiuzhi Liu and Mengfei Zhou and Zhuosheng Zhang and Rui Wang and Zhaopeng Tu and Haitao Mi and Dong Yu},
      year={2024},
      eprint={2412.21187},
      archivePrefix={arXiv},
      primaryClass={cs.CL},
      url={https://arxiv.org/abs/2412.21187}, 
}

@misc{gsm8k,
      title={Training Verifiers to Solve Math Word Problems}, 
      author={Karl Cobbe and Vineet Kosaraju and Mohammad Bavarian and Mark Chen and Heewoo Jun and Lukasz Kaiser and Matthias Plappert and Jerry Tworek and Jacob Hilton and Reiichiro Nakano and Christopher Hesse and John Schulman},
      year={2021},
      eprint={2110.14168},
      archivePrefix={arXiv},
      primaryClass={cs.LG},
      url={https://arxiv.org/abs/2110.14168}, 
}

@misc{math,
      title={Measuring Mathematical Problem Solving With the MATH Dataset}, 
      author={Dan Hendrycks and Collin Burns and Saurav Kadavath and Akul Arora and Steven Basart and Eric Tang and Dawn Song and Jacob Steinhardt},
      year={2021},
      eprint={2103.03874},
      archivePrefix={arXiv},
      primaryClass={cs.LG},
      url={https://arxiv.org/abs/2103.03874}, 
}

@inproceedings{
reasoningboundary,
title={Unlocking the Capabilities of Thought: A Reasoning Boundary Framework to Quantify and Optimize Chain-of-Thought},
author={Qiguang Chen and Libo Qin and Jiaqi WANG and Jingxuan Zhou and Wanxiang Che},
booktitle={The Thirty-eighth Annual Conference on Neural Information Processing Systems},
year={2024},
url={https://openreview.net/forum?id=pC44UMwy2v}
}

@misc{qwen,
      title={Qwen2.5 Technical Report}, 
      author={Qwen and : and An Yang and Baosong Yang and Beichen Zhang and Binyuan Hui and Bo Zheng and Bowen Yu and Chengyuan Li and Dayiheng Liu and Fei Huang and Haoran Wei and Huan Lin and Jian Yang and Jianhong Tu and Jianwei Zhang and Jianxin Yang and Jiaxi Yang and Jingren Zhou and Junyang Lin and Kai Dang and Keming Lu and Keqin Bao and Kexin Yang and Le Yu and Mei Li and Mingfeng Xue and Pei Zhang and Qin Zhu and Rui Men and Runji Lin and Tianhao Li and Tianyi Tang and Tingyu Xia and Xingzhang Ren and Xuancheng Ren and Yang Fan and Yang Su and Yichang Zhang and Yu Wan and Yuqiong Liu and Zeyu Cui and Zhenru Zhang and Zihan Qiu},
      year={2025},
      eprint={2412.15115},
      archivePrefix={arXiv},
      primaryClass={cs.CL},
      url={https://arxiv.org/abs/2412.15115}, 
}