@article{bacon_optioncritic_2017,
  title = {The {{Option-Critic Architecture}}},
  author = {Bacon, Pierre-Luc and Harb, Jean and Precup, Doina},
  year = {2017},
  month = feb,
  journal = {Proceedings of the AAAI Conference on Artificial Intelligence},
  volume = {31},
  number = {1},
  url = {https://ojs.aaai.org/index.php/AAAI/article/view/10916},
  copyright = {Copyright (c)},
  keywords = {read}
}

@inproceedings{czechowski_subgoal_2021,
  title = {Subgoal {{Search For Complex Reasoning Tasks}}},
  booktitle = {Advances in {{Neural Information Processing Systems}}},
  author = {Czechowski, Konrad and Odrzyg{\'o}{\'z}d{\'z}, Tomasz and Zbysi{\'n}ski, Marek and Zawalski, Micha{\textbackslash}l and Olejnik, Krzysztof and Wu, Yuhuai and Kuci{\'n}ski, {\L}ukasz and Mi{\l}o{\'s}, Piotr},
  year = {2021},
  volume = {34},
  pages = {624--638},
  publisher = {Curran Associates, Inc.},
  url = {https://proceedings.neurips.cc/paper_files/paper/2021/hash/05d8cccb5f47e5072f0a05b5f514941a-Abstract.html},
  keywords = {read}
}

@inproceedings{dewaard_monte_2016,
  title = {Monte {{Carlo Tree Search}} with Options for General Video Game Playing},
  booktitle = {2016 {{IEEE Conference}} on {{Computational Intelligence}} and {{Games}} ({{CIG}})},
  author = {{de Waard}, Maarten and Roijers, Diederik M. and Bakkes, Sander C.J.},
  year = {2016},
  month = sep,
  pages = {1--8},
  keywords = {read}
}

@misc{durugkar_deep_2016,
  title = {Deep {{Reinforcement Learning With Macro-Actions}}},
  author = {Durugkar, Ishan P. and Rosenbaum, Clemens and Dernbach, Stefan and Mahadevan, Sridhar},
  year = {2016},
  month = jun,
  number = {arXiv:1606.04615},
  eprint = {1606.04615},
  primaryclass = {cs},
  publisher = {arXiv},
  url = {http://arxiv.org/abs/1606.04615},
  archiveprefix = {arXiv},
  keywords = {read}
}

@inproceedings{gabor_subgoalbased_2019,
  title = {Subgoal-{{Based Temporal Abstraction}} in {{Monte-Carlo Tree Search}}},
  booktitle = {Proceedings of the {{Twenty-Eighth International Joint Conference}} on {{Artificial Intelligence}}},
  author = {Gabor, Thomas and Peter, Jan and Phan, Thomy and Meyer, Christian and {Linnhoff-Popien}, Claudia},
  year = {2019},
  month = aug,
  pages = {5562--5568},
  publisher = {International Joint Conferences on Artificial Intelligence Organization},
  address = {Macao, China},
  url = {https://www.ijcai.org/proceedings/2019/772},
  keywords = {read}
}

@inproceedings{jinnai_finding_2019,
  title = {Finding {{Options}} That {{Minimize Planning Time}}},
  booktitle = {Proceedings of the 36th {{International Conference}} on {{Machine Learning}}},
  author = {Jinnai, Yuu and Abel, David and Hershkowitz, David and Littman, Michael and Konidaris, George},
  year = {2019},
  month = may,
  pages = {3120--3129},
  publisher = {PMLR},
  url = {https://proceedings.mlr.press/v97/jinnai19a.html}
}

@inproceedings{kim_lesson_2023,
  title = {{{LESSON}}: {{Learning}} to {{Integrate Exploration Strategies}} for {{Reinforcement Learning}} via an {{Option Framework}}},
  booktitle = {Proceedings of the 40th {{International Conference}} on {{Machine Learning}}},
  author = {Kim, Woojun and Kim, Jeonghye and Sung, Youngchul},
  year = {2023},
  month = jul,
  pages = {16619--16638},
  publisher = {PMLR},
  keywords = {high priority}
}

@inproceedings{kujanpaa_hierarchical_2023,
  title = {Hierarchical {{Imitation Learning}} with {{Vector Quantized Models}}},
  booktitle = {Proceedings of the 40th {{International Conference}} on {{Machine Learning}}},
  author = {Kujanp{\"a}{\"a}, Kalle and Pajarinen, Joni and Ilin, Alexander},
  year = {2023},
  month = jul,
  pages = {17896--17919},
  publisher = {PMLR},
  url = {https://proceedings.mlr.press/v202/kujanpaa23a.html}
}

@article{kujanpaa_hybrid_2024,
  title = {Hybrid {{Search}} for {{Efficient Planning}} with {{Completeness Guarantees}}},
  author = {Kujanp{\"a}{\"a}, Kalle and Pajarinen, Joni and Ilin, Alexander},
  year = {2024},
  month = feb,
  journal = {Advances in Neural Information Processing Systems},
  volume = {36},
  url = {https://papers.nips.cc/paper_files/paper/2023/hash/46d26daeb05fbbcfe5f3d8f7ca756e16-Abstract-Conference.html}
}

@article{lakshminarayanan_dynamic_2017,
  title = {Dynamic {{Action Repetition}} for {{Deep Reinforcement Learning}}},
  author = {Lakshminarayanan, Aravind and Sharma, Sahil and Ravindran, Balaraman},
  year = {2017},
  month = feb,
  journal = {Proceedings of the AAAI Conference on Artificial Intelligence},
  volume = {31}, 
  number = {1},
  copyright = {Copyright (c)},
  keywords = {high priority}
}

@article{riemer_role_2020,
  title = {On the {{Role}} of {{Weight Sharing During Deep Option Learning}}},
  author = {Riemer, Matthew and Cases, Ignacio and Rosenbaum, Clemens and Liu, Miao and Tesauro, Gerald},
  year = {2020},
  month = apr,
  journal = {Proceedings of the AAAI Conference on Artificial Intelligence},
  volume = {34},
  number = {04},
  pages = {5519--5526},
  copyright = {Copyright (c) 2020 Association for the Advancement of Artificial Intelligence},
  keywords = {high priority}
}

@inproceedings{sharma_learning_2016,
  title = {Learning to {{Repeat}}: {{Fine Grained Action Repetition}} for {{Deep Reinforcement Learning}}},
  booktitle = {International {{Conference}} on {{Learning Representations}}},
  author = {Sharma, Sahil and Lakshminarayanan, Aravind S. and Ravindran, Balaraman},
  year = {2016},
  month = nov,
  url = {https://openreview.net/forum?id=B1GOWV5eg},
  keywords = {read}
}

@inproceedings{vandenoord_neural_2017,
  title = {Neural {{Discrete Representation Learning}}},
  booktitle = {Advances in {{Neural Information Processing Systems}}},
  author = {{van den Oord}, Aaron and Vinyals, Oriol and {kavukcuoglu}, koray},
  year = {2017},
  volume = {30},
  publisher = {Curran Associates, Inc.},
  url = {https://papers.nips.cc/paper_files/paper/2017/hash/7a98af17e63a0ac09ce2e96d03992fbc-Abstract.html}
}

@inproceedings{veeriah_discovery_2021,
  title = {Discovery of {{Options}} via {{Meta-Learned Subgoals}}},
  booktitle = {Advances in {{Neural Information Processing Systems}}},
  author = {Veeriah, Vivek and Zahavy, Tom and Hessel, Matteo and Xu, Zhongwen and Oh, Junhyuk and Kemaev, Iurii and {van Hasselt}, Hado P and Silver, David and Singh, Satinder},
  year = {2021},
  volume = {34},
  pages = {29861--29873},
  publisher = {Curran Associates, Inc.},
  keywords = {high priority}
}

@inproceedings{vezhnevets_strategic_2016,
  title = {Strategic {{Attentive Writer}} for {{Learning Macro-Actions}}},
  booktitle = {Advances in {{Neural Information Processing Systems}}},
  author = {Vezhnevets, Alexander and Mnih, Volodymyr and Osindero, Simon and Graves, Alex and Vinyals, Oriol and Agapiou, John and {kavukcuoglu}, koray},
  year = {2016},
  volume = {29},
  publisher = {Curran Associates, Inc.},
  url = {https://papers.nips.cc/paper_files/paper/2016/hash/c4492cbe90fbdbf88a5aec486aa81ed5-Abstract.html},
  keywords = {high priority}
}

@misc{young_iterative_2023,
  title = {Iterative {{Option Discovery}} for {{Planning}}, by {{Planning}}},
  author = {Young, Kenny and Sutton, Richard S.},
  year = {2023},
  month = dec,
  number = {arXiv:2310.01569},
  eprint = {2310.01569},
  primaryclass = {cs},
  publisher = {arXiv},
  url = {http://arxiv.org/abs/2310.01569},
  archiveprefix = {arXiv}
}

