% - [ ] list reference:
% MCTS
% AlphaZero
% MuZero
% EfficientZero
% Option
% Learning to Repeat
% Vector quantized models for planning
% Monte Carlo Tree Search with Options for General Video Game Playing
% Hierarchical Imitation Learning with Vector Quantized Models
% Subgoal Search For Complex Reasoning Tasks
% Potential-based Reward Shaping in Sokoban

@inproceedings{antonoglou_planning_2021,
  title = {Planning in {{Stochastic Environments}} with a {{Learned Model}}},
  booktitle = {International {{Conference}} on {{Learning Representations}}},
  author = {Antonoglou, Ioannis and Schrittwieser, Julian and Ozair, Sherjil and Hubert, Thomas K. and Silver, David},
  year = {2021},
  month = oct,
  url = {https://openreview.net/forum?id=X6D9bAHhBQ1}
}

@article{bacon_optioncritic_2017,
  title = {The {{Option-Critic Architecture}}},
  author = {Bacon, Pierre-Luc and Harb, Jean and Precup, Doina},
  year = {2017},
  month = feb,
  journal = {Proceedings of the AAAI Conference on Artificial Intelligence},
  volume = {31},
  number = {1},
  url = {https://ojs.aaai.org/index.php/AAAI/article/view/10916},
  copyright = {Copyright (c)},
  keywords = {read}
}

@article{browne_survey_2012,
  title = {A {{Survey}} of {{Monte Carlo Tree Search Methods}}},
  author = {Browne, Cameron B. and Powley, Edward and Whitehouse, Daniel and Lucas, Simon M. and Cowling, Peter I. and Rohlfshagen, Philipp and Tavener, Stephen and Perez, Diego and Samothrakis, Spyridon and Colton, Simon},
  year = {2012},
  month = mar,
  journal = {IEEE Transactions on Computational Intelligence and AI in Games},
  volume = {4},
  number = {1},
  pages = {1--43},
  url = {https://ieeexplore.ieee.org/document/6145622}
}

@inproceedings{coulom_efficient_2007,
  title = {Efficient {{Selectivity}} and {{Backup Operators}} in {{Monte-Carlo Tree Search}}},
  booktitle = {Computers and {{Games}}},
  author = {Coulom, R{\'e}mi},
  year = {2007},
  series = {Lecture {{Notes}} in {{Computer Science}}},
  pages = {72--83},
  publisher = {Springer},
  address = {Berlin, Heidelberg}
}

@inproceedings{czechowski_subgoal_2021,
  title = {Subgoal {{Search For Complex Reasoning Tasks}}},
  booktitle = {Advances in {{Neural Information Processing Systems}}},
  author = {Czechowski, Konrad and Odrzyg{\'o}{\'z}d{\'z}, Tomasz and Zbysi{\'n}ski, Marek and Zawalski, Micha{\textbackslash}l and Olejnik, Krzysztof and Wu, Yuhuai and Kuci{\'n}ski, {\L}ukasz and Mi{\l}o{\'s}, Piotr},
  year = {2021},
  volume = {34},
  pages = {624--638},
  publisher = {Curran Associates, Inc.},
  url = {https://proceedings.neurips.cc/paper_files/paper/2021/hash/05d8cccb5f47e5072f0a05b5f514941a-Abstract.html},
  keywords = {read}
}

@inproceedings{danihelka_policy_2022,
  title = {Policy Improvement by Planning with {{Gumbel}}},
  booktitle = {International {{Conference}} on {{Learning Representations}}},
  author = {Danihelka, Ivo and Guez, Arthur and Schrittwieser, Julian and Silver, David},
  year = {2022},
  month = apr,
  url = {https://openreview.net/forum?id=bERaNdoegnO}
}

@inproceedings{dewaard_monte_2016,
  title = {Monte {{Carlo Tree Search}} with Options for General Video Game Playing},
  booktitle = {2016 {{IEEE Conference}} on {{Computational Intelligence}} and {{Games}} ({{CIG}})},
  author = {{de Waard}, Maarten and Roijers, Diederik M. and Bakkes, Sander C.J.},
  year = {2016},
  month = sep,
  pages = {1--8},
  keywords = {read}
}

@misc{durugkar_deep_2016,
  title = {Deep {{Reinforcement Learning With Macro-Actions}}},
  author = {Durugkar, Ishan P. and Rosenbaum, Clemens and Dernbach, Stefan and Mahadevan, Sridhar},
  year = {2016},
  month = jun,
  number = {arXiv:1606.04615},
  eprint = {1606.04615},
  primaryclass = {cs},
  publisher = {arXiv},
  url = {http://arxiv.org/abs/1606.04615},
  archiveprefix = {arXiv},
  keywords = {read}
}

@inproceedings{gabor_subgoalbased_2019,
  title = {Subgoal-{{Based Temporal Abstraction}} in {{Monte-Carlo Tree Search}}},
  booktitle = {Proceedings of the {{Twenty-Eighth International Joint Conference}} on {{Artificial Intelligence}}},
  author = {Gabor, Thomas and Peter, Jan and Phan, Thomy and Meyer, Christian and {Linnhoff-Popien}, Claudia},
  year = {2019},
  month = aug,
  pages = {5562--5568},
  publisher = {International Joint Conferences on Artificial Intelligence Organization},
  address = {Macao, China},
  url = {https://www.ijcai.org/proceedings/2019/772},
  keywords = {read}
}

@inproceedings{hubert_learning_2021,
  title = {Learning and {{Planning}} in {{Complex Action Spaces}}},
  booktitle = {Proceedings of the 38th {{International Conference}} on {{Machine Learning}}},
  author = {Hubert, Thomas and Schrittwieser, Julian and Antonoglou, Ioannis and Barekatain, Mohammadamin and Schmitt, Simon and Silver, David},
  year = {2021},
  month = jul,
  pages = {4476--4486},
  publisher = {PMLR},
  url = {https://proceedings.mlr.press/v139/hubert21a.html}
}

@inproceedings{jinnai_finding_2019,
  title = {Finding {{Options}} That {{Minimize Planning Time}}},
  booktitle = {Proceedings of the 36th {{International Conference}} on {{Machine Learning}}},
  author = {Jinnai, Yuu and Abel, David and Hershkowitz, David and Littman, Michael and Konidaris, George},
  year = {2019},
  month = may,
  pages = {3120--3129},
  publisher = {PMLR},
  url = {https://proceedings.mlr.press/v97/jinnai19a.html}
}

@inproceedings{kocsis_bandit_2006,
  title = {Bandit {{Based Monte-Carlo Planning}}},
  booktitle = {European {{Conference}} on {{Machine Learning}} and {{Principles}} and {{Practice}} of {{Knowledge Discovery}} in {{Databases}}},
  author = {Kocsis, Levente and Szepesv{\'a}ri, Csaba},
  year = {2006},
  month = sep,
  volume = {2006},
  pages = {282--293}
}

@article{kujanpaa_hybrid_2024,
  title = {Hybrid {{Search}} for {{Efficient Planning}} with {{Completeness Guarantees}}},
  author = {Kujanp{\"a}{\"a}, Kalle and Pajarinen, Joni and Ilin, Alexander},
  year = {2024},
  month = feb,
  journal = {Advances in Neural Information Processing Systems},
  volume = {36},
  url = {https://papers.nips.cc/paper_files/paper/2023/hash/46d26daeb05fbbcfe5f3d8f7ca756e16-Abstract-Conference.html}
}

@misc{mandhane_muzero_2022,
  title = {{{MuZero}} with {{Self-competition}} for {{Rate Control}} in {{VP9 Video Compression}}},
  author = {Mandhane, Amol and Zhernov, Anton and Rauh, Maribeth and Gu, Chenjie and Wang, Miaosen and Xue, Flora and Shang, Wendy and Pang, Derek and Claus, Rene and Chiang, Ching-Han and Chen, Cheng and Han, Jingning and Chen, Angie and Mankowitz, Daniel J. and Broshear, Jackson and Schrittwieser, Julian and Hubert, Thomas and Vinyals, Oriol and Mann, Timothy},
  year = {2022},
  month = feb,
  number = {arXiv:2202.06626},
  eprint = {2202.06626},
  primaryclass = {cs, eess},
  publisher = {arXiv},
  url = {http://arxiv.org/abs/2202.06626},
  archiveprefix = {arXiv}
}

@inproceedings{ozair_vector_2021,
  title = {Vector {{Quantized Models}} for {{Planning}}},
  booktitle = {Proceedings of the 38th {{International Conference}} on {{Machine Learning}}},
  author = {Ozair, Sherjil and Li, Yazhe and Razavi, Ali and Antonoglou, Ioannis and Oord, Aaron Van Den and Vinyals, Oriol},
  year = {2021},
  month = jul,
  pages = {8302--8313},
  publisher = {PMLR},
  url = {https://proceedings.mlr.press/v139/ozair21a.html}
}

@article{rosin_multiarmed_2011,
  title = {Multi-Armed Bandits with Episode Context},
  author = {Rosin, Christopher D.},
  year = {2011},
  month = mar,
  journal = {Annals of Mathematics and Artificial Intelligence},
  volume = {61},
  number = {3},
  pages = {203--230},
  url = {http://link.springer.com/10.1007/s10472-011-9258-6}
}

@article{schrittwieser_mastering_2020,
  title = {Mastering {{Atari}}, {{Go}}, Chess and Shogi by Planning with a Learned Model},
  author = {Schrittwieser, Julian and Antonoglou, Ioannis and Hubert, Thomas and Simonyan, Karen and Sifre, Laurent and Schmitt, Simon and Guez, Arthur and Lockhart, Edward and Hassabis, Demis and Graepel, Thore and Lillicrap, Timothy and Silver, David},
  year = {2020},
  month = dec,
  journal = {Nature},
  volume = {588},
  number = {7839},
  pages = {604--609},
  publisher = {Nature Publishing Group},
  url = {https://www.nature.com/articles/s41586-020-03051-4},
  copyright = {2020 The Author(s), under exclusive licence to Springer Nature Limited}
}

@inproceedings{sharma_learning_2016,
  title = {Learning to {{Repeat}}: {{Fine Grained Action Repetition}} for {{Deep Reinforcement Learning}}},
  booktitle = {International {{Conference}} on {{Learning Representations}}},
  author = {Sharma, Sahil and Lakshminarayanan, Aravind S. and Ravindran, Balaraman},
  year = {2016},
  month = nov,
  url = {https://openreview.net/forum?id=B1GOWV5eg},
  keywords = {read}
}

@article{silver_general_2018,
  title = {A General Reinforcement Learning Algorithm That Masters Chess, Shogi, and {{Go}} through Self-Play},
  author = {Silver, David and Hubert, Thomas and Schrittwieser, Julian and Antonoglou, Ioannis and Lai, Matthew and Guez, Arthur and Lanctot, Marc and Sifre, Laurent and Kumaran, Dharshan and Graepel, Thore and Lillicrap, Timothy and Simonyan, Karen and Hassabis, Demis},
  year = {2018},
  month = dec,
  journal = {Science},
  volume = {362},
  number = {6419},
  pages = {1140--1144},
  publisher = {American Association for the Advancement of Science},
  url = {https://www.science.org/doi/10.1126/science.aar6404}
}

@article{silver_mastering_2016,
  title = {Mastering the Game of {{Go}} with Deep Neural Networks and Tree Search},
  author = {Silver, David and Huang, Aja and Maddison, Chris J. and Guez, Arthur and Sifre, Laurent and {van den Driessche}, George and Schrittwieser, Julian and Antonoglou, Ioannis and Panneershelvam, Veda and Lanctot, Marc and Dieleman, Sander and Grewe, Dominik and Nham, John and Kalchbrenner, Nal and Sutskever, Ilya and Lillicrap, Timothy and Leach, Madeleine and Kavukcuoglu, Koray and Graepel, Thore and Hassabis, Demis},
  year = {2016},
  month = jan,
  journal = {Nature},
  volume = {529},
  number = {7587},
  pages = {484--489},
  publisher = {Nature Publishing Group},
  url = {https://www.nature.com/articles/nature16961},
  copyright = {2016 Springer Nature Limited}
}

@article{silver_mastering_2017,
  title = {Mastering the Game of {{Go}} without Human Knowledge},
  author = {Silver, David and Schrittwieser, Julian and Simonyan, Karen and Antonoglou, Ioannis and Huang, Aja and Guez, Arthur and Hubert, Thomas and Baker, Lucas and Lai, Matthew and Bolton, Adrian and Chen, Yutian and Lillicrap, Timothy and Hui, Fan and Sifre, Laurent and {van den Driessche}, George and Graepel, Thore and Hassabis, Demis},
  year = {2017},
  month = oct,
  journal = {Nature},
  volume = {550},
  number = {7676},
  pages = {354--359},
  publisher = {Nature Publishing Group},
  url = {https://www.nature.com/articles/nature24270},
  copyright = {2017 Macmillan Publishers Limited, part of Springer Nature. All rights reserved.}
}

@article{sutton_mdps_1999,
  title = {Between {{MDPs}} and Semi-{{MDPs}}: {{A}} Framework for Temporal Abstraction in Reinforcement Learning},
  author = {Sutton, Richard S. and Precup, Doina and Singh, Satinder},
  year = {1999},
  month = aug,
  journal = {Artificial Intelligence},
  volume = {112},
  number = {1},
  pages = {181--211},
  url = {https://www.sciencedirect.com/science/article/pii/S0004370299000521},
  keywords = {read}
}

@misc{wang_optimizing_2023,
  title = {Optimizing {{Memory Mapping Using Deep Reinforcement Learning}}},
  author = {Wang, Pengming and Sazanovich, Mikita and Ilbeyi, Berkin and Phothilimthana, Phitchaya Mangpo and Purohit, Manish and Tay, Han Yang and V{\~u}, Ng{\^a}n and Wang, Miaosen and Paduraru, Cosmin and Leurent, Edouard and Zhernov, Anton and Huang, Po-Sen and Schrittwieser, Julian and Hubert, Thomas and Tung, Robert and Kurylowicz, Paula and Milan, Kieran and Vinyals, Oriol and Mankowitz, Daniel J.},
  year = {2023},
  month = oct,
  number = {arXiv:2305.07440},
  eprint = {2305.07440},
  primaryclass = {cs},
  publisher = {arXiv},
  url = {http://arxiv.org/abs/2305.07440},
  archiveprefix = {arXiv}
}

@inproceedings{ye_mastering_2021,
  title = {Mastering {{Atari Games}} with {{Limited Data}}},
  booktitle = {Advances in {{Neural Information Processing Systems}}},
  author = {Ye, Weirui and Liu, Shaohuai and Kurutach, Thanard and Abbeel, Pieter and Gao, Yang},
  year = {2021},
  volume = {34},
  pages = {25476--25488},
  publisher = {Curran Associates, Inc.},
  url = {https://proceedings.neurips.cc/paper/2021/hash/d5eca8dc3820cad9fe56a3bafda65ca1-Abstract.html}
}

@misc{young_iterative_2023,
  title = {Iterative {{Option Discovery}} for {{Planning}}, by {{Planning}}},
  author = {Young, Kenny and Sutton, Richard S.},
  year = {2023},
  month = dec,
  number = {arXiv:2310.01569},
  eprint = {2310.01569},
  primaryclass = {cs},
  publisher = {arXiv},
  url = {http://arxiv.org/abs/2310.01569},
  archiveprefix = {arXiv}
}

@inproceedings{chen_exploring_2021,
  title = {Exploring {{Simple Siamese Representation Learning}}},
  booktitle = {Proceedings of the {{IEEE}}/{{CVF Conference}} on {{Computer Vision}} and {{Pattern Recognition}}},
  author = {Chen, Xinlei and He, Kaiming},
  year = {2021},
  pages = {15750--15758}
}

@inproceedings{kujanpaa_hierarchical_2023,
  title = {Hierarchical {{Imitation Learning}} with {{Vector Quantized Models}}},
  booktitle = {Proceedings of the 40th {{International Conference}} on {{Machine Learning}}},
  author = {Kujanp{\"a}{\"a}, Kalle and Pajarinen, Joni and Ilin, Alexander},
  year = {2023},
  month = jul,
  pages = {17896--17919},
  publisher = {PMLR},
  url = {https://proceedings.mlr.press/v202/kujanpaa23a.html}
}

@inproceedings{vandenoord_neural_2017,
  title = {Neural {{Discrete Representation Learning}}},
  booktitle = {Advances in {{Neural Information Processing Systems}}},
  author = {{van den Oord}, Aaron and Vinyals, Oriol and {kavukcuoglu}, koray},
  year = {2017},
  volume = {30},
  publisher = {Curran Associates, Inc.},
  url = {https://papers.nips.cc/paper_files/paper/2017/hash/7a98af17e63a0ac09ce2e96d03992fbc-Abstract.html}
}

@inproceedings{hessel_muesli_2021,
  title = {Muesli: {{Combining Improvements}} in {{Policy Optimization}}},
  booktitle = {Proceedings of the 38th {{International Conference}} on {{Machine Learning}}},
  author = {Hessel, Matteo and Danihelka, Ivo and Viola, Fabio and Guez, Arthur and Schmitt, Simon and Sifre, Laurent and Weber, Theophane and Silver, David and Hasselt, Hado Van},
  year = {2021},
  month = jul,
  pages = {4214--4226},
  publisher = {PMLR}
}

@article{wu_minizero_2024,
  author={Wu, Ti-Rong and Guei, Hung and Peng, Pei-Chiun and Huang, Po-Wei and Wei, Ting Han and Shih, Chung-Chin and Tsai, Yun-Jui},
  journal={IEEE Transactions on Games}, 
  title={MiniZero: Comparative Analysis of AlphaZero and MuZero on Go, Othello, and Atari Games}, 
  year={2025},
  volume={17},
  number={1},
  pages={125-137},
  keywords={Games;Training;Computational modeling;Optimization;Servers;Task analysis;Planning;AlphaZero;Atari games;deep reinforcement learning;Go;Gumbel AlphaZero;Gumbel MuZero;MuZero},
  doi={10.1109/TG.2024.3394900}}


@inproceedings{vezhnevets_strategic_2016,
  title = {Strategic {{Attentive Writer}} for {{Learning Macro-Actions}}},
  booktitle = {Advances in {{Neural Information Processing Systems}}},
  author = {Vezhnevets, Alexander and Mnih, Volodymyr and Osindero, Simon and Graves, Alex and Vinyals, Oriol and Agapiou, John and {kavukcuoglu}, koray},
  year = {2016},
  volume = {29},
  publisher = {Curran Associates, Inc.},
  url = {https://papers.nips.cc/paper_files/paper/2016/hash/c4492cbe90fbdbf88a5aec486aa81ed5-Abstract.html},
  keywords = {high priority}
}

@inproceedings{kim_lesson_2023,
  title = {{{LESSON}}: {{Learning}} to {{Integrate Exploration Strategies}} for {{Reinforcement Learning}} via an {{Option Framework}}},
  booktitle = {Proceedings of the 40th {{International Conference}} on {{Machine Learning}}},
  author = {Kim, Woojun and Kim, Jeonghye and Sung, Youngchul},
  year = {2023},
  month = jul,
  pages = {16619--16638},
  publisher = {PMLR},
  keywords = {high priority}
}

@article{lakshminarayanan_dynamic_2017,
  title = {Dynamic {{Action Repetition}} for {{Deep Reinforcement Learning}}},
  author = {Lakshminarayanan, Aravind and Sharma, Sahil and Ravindran, Balaraman},
  year = {2017},
  month = feb,
  journal = {Proceedings of the AAAI Conference on Artificial Intelligence},
  volume = {31}, 
  number = {1},
  copyright = {Copyright (c)},
  keywords = {high priority}
}

@article{riemer_role_2020,
  title = {On the {{Role}} of {{Weight Sharing During Deep Option Learning}}},
  author = {Riemer, Matthew and Cases, Ignacio and Rosenbaum, Clemens and Liu, Miao and Tesauro, Gerald},
  year = {2020},
  month = apr,
  journal = {Proceedings of the AAAI Conference on Artificial Intelligence},
  volume = {34},
  number = {04},
  pages = {5519--5526},
  copyright = {Copyright (c) 2020 Association for the Advancement of Artificial Intelligence},
  keywords = {high priority}
}

@inproceedings{veeriah_discovery_2021,
  title = {Discovery of {{Options}} via {{Meta-Learned Subgoals}}},
  booktitle = {Advances in {{Neural Information Processing Systems}}},
  author = {Veeriah, Vivek and Zahavy, Tom and Hessel, Matteo and Xu, Zhongwen and Oh, Junhyuk and Kemaev, Iurii and {van Hasselt}, Hado P and Silver, David and Singh, Satinder},
  year = {2021},
  volume = {34},
  pages = {29861--29873},
  publisher = {Curran Associates, Inc.},
  keywords = {high priority}
}

@inproceedings{he_what_2024,
title = "What model does MuZero learn?",
author = "Jinke He and Moerland, {Thomas M} and {de Vries}, {Joery A} and Oliehoek, {Frans A}",
year = "2024",
doi = "10.3233/FAIA240666",
series = "Frontiers in Artificial Intelligence and Applications",
publisher = "IOS Press",
pages = "1599--1606",
editor = "Ulle Endriss and Melo, {Francisco S.} and Kerstin Bach and Alberto Bugarin-Diz and Alonso-Moral, {Jose M.} and Senen Barro and Fredrik Heintz",
booktitle = "ECAI 2024 - 27th European Conference on Artificial Intelligence, Including 13th Conference on Prestigious Applications of Intelligent Systems, PAIS 2024, Proceedings"
}

@inproceedings{vries_visualizing_2021,
  title = {Visualizing {{MuZero Models}}},
  booktitle = {{{ICML}} 2021 {{Workshop}} on {{Unsupervised Reinforcement Learning}}},
  author = {Vries, Joery De and Voskuil, Ken and Moerland, Thomas M. and Plaat, Aske},
  year = {2021},
  month = jul,
  url = {https://openreview.net/forum?id=UGkzkpAq_8},
  keywords = {read}
}

@article{mnih_humanlevel_2015,
  title = {Human-Level Control through Deep Reinforcement Learning},
  author = {Mnih, Volodymyr and Kavukcuoglu, Koray and Silver, David and Rusu, Andrei A. and Veness, Joel and Bellemare, Marc G. and Graves, Alex and Riedmiller, Martin and Fidjeland, Andreas K. and Ostrovski, Georg and Petersen, Stig and Beattie, Charles and Sadik, Amir and Antonoglou, Ioannis and King, Helen and Kumaran, Dharshan and Wierstra, Daan and Legg, Shane and Hassabis, Demis},
  year = {2015},
  month = feb,
  journal = {Nature},
  volume = {518},
  number = {7540},
  pages = {529--533},
  publisher = {Nature Publishing Group},
  url = {https://www.nature.com/articles/nature14236},
  copyright = {2015 Springer Nature Limited}
}

@inproceedings{hafner_dream_2020,
  title = {Dream to {{Control}}: {{Learning Behaviors}} by {{Latent Imagination}}},
  booktitle = {Eighth {{International Conference}} on {{Learning Representations}}},
  author = {Hafner, Danijar and Lillicrap, Timothy and Ba, Jimmy and Norouzi, Mohammad},
  year = {2020},
  month = apr,
  url = {https://iclr.cc/virtual_2020/poster_S1lOTC4tDS.html}
}

@inproceedings{gu_efficiently_2021,
  title = {Efficiently {{Modeling Long Sequences}} with {{Structured State Spaces}}},
  booktitle = {International {{Conference}} on {{Learning Representations}}},
  author = {Gu, Albert and Goel, Karan and Re, Christopher},
  year = {2021},
  month = oct,
  url = {https://openreview.net/forum?id=uYLFoz1vlAC}
}

@article{guei2024interpreting,
  title={Interpreting the Learned Model in MuZero Planning},
  author={Guei, Hung and Ju, Yan-Ru and Chen, Wei-Yu and Wu, Ti-Rong},
  journal={arXiv preprint arXiv:2411.04580},
  year={2024}
}
