@inproceedings{jethani2022fastSHAP,
    title={Fast{SHAP}: Real-Time Shapley Value Estimation},
    author={Neil Jethani and Mukund Sudarshan and Ian Connick Covert and Su-In Lee and Rajesh Ranganath},
    booktitle={International Conference on Learning Representations},
    year={2022},
    url={https://openreview.net/forum?id=Zq2G_VTV53T}
}

@article{tsai2023faithSHAP,
  author  = {Che-Ping Tsai and Chih-Kuan Yeh and Pradeep Ravikumar},
  title   = {Faith-Shap: The Faithful Shapley Interaction Index},
  journal = {Journal of Machine Learning Research},
  year    = {2023},
  volume  = {24},
  number  = {94},
  pages   = {1--42},
  url     = {http://jmlr.org/papers/v24/22-0202.html}
}


@article{sobol2001globalSensitivity,
    title = {Global sensitivity indices for nonlinear mathematical models and their Monte Carlo estimates},
    journal = {Mathematics and Computers in Simulation},
    volume = {55},
    number = {1},
    pages = {271-280},
    year = {2001},
    note = {The Second IMACS Seminar on Monte Carlo Methods},
    issn = {0378-4754},
    doi = {https://doi.org/10.1016/S0378-4754(00)00270-6},
    url = {https://www.sciencedirect.com/science/article/pii/S0378475400002706},
    author = {I.M Sobol},
    keywords = {Sensitivity analysis, Monte Carlo method, Quasi-Monte Carlo method, Mathematical modelling}
}

@inproceedings{enouen2022sian,
    title={Sparse Interaction Additive Networks via Feature Interaction Detection and Sparse Selection},
    author={James Enouen and Yan Liu},
    booktitle={Advances in Neural Information Processing Systems},
    year={2022}
}
@inproceedings{
    dubey2022scalablePolynomials,
    title={Scalable Interpretability via Polynomials},
    author={Abhimanyu Dubey and Filip Radenovic and Dhruv Mahajan},
    booktitle={Advances in Neural Information Processing Systems},
    editor={Alice H. Oh and Alekh Agarwal and Danielle Belgrave and Kyunghyun Cho},
    year={2022},
    url={https://openreview.net/forum?id=TwuColwZAVj}
}




@inproceedings{frye2021shapleyOnTheManifold,
    title={Shapley explainability on the data manifold},
    author={Christopher Frye and Damien de Mijolla and Tom Begley and Laurence Cowton and Megan Stanley and Ilya Feige},
    booktitle={International Conference on Learning Representations},
    year={2021},
    url={https://openreview.net/forum?id=OPyWRrcjVQw}
}
@article{covert2021explainingByRemoving,
  author  = {Ian Covert and Scott Lundberg and Su-In Lee},
  title   = {Explaining by Removing: A Unified Framework for Model Explanation},
  journal = {Journal of Machine Learning Research},
  year    = {2021},
  volume  = {22},
  number  = {209},
  pages   = {1--90},
  url     = {http://jmlr.org/papers/v22/20-1316.html}
}
@inproceedings{covert2023shapleyForVIT,
    title={Learning to Estimate Shapley Values with Vision Transformers},
    author={Ian Connick Covert and Chanwoo Kim and Su-In Lee},
    booktitle={The Eleventh International Conference on Learning Representations },
    year={2023},
    url={https://openreview.net/forum?id=5ktFNz_pJLK}
}
@inproceedings{anonymous2024faster,
title={Faster Approximation of Probabilistic and Distributional Values via Least Squares},
author={Anonymous},
booktitle={The Twelfth International Conference on Learning Representations},
year={2024},
url={https://openreview.net/forum?id=lvSMIsztka}
}
@misc{kolpaczki2024approximatingShapleyWOmarginalContributions,
      title={Approximating the Shapley Value without Marginal Contributions}, 
      author={Patrick Kolpaczki and Viktor Bengs and Maximilian Muschalik and Eyke Hüllermeier},
      year={2024},
      eprint={2302.00736},
      archivePrefix={arXiv},
      primaryClass={cs.LG}
}
@article{zhang2023efficientSamplingForShapley,
    author = {Zhang, Jiayao and Sun, Qiheng and Liu, Jinfei and Xiong, Li and Pei, Jian and Ren, Kui},
    title = {Efficient Sampling Approaches to Shapley Value Approximation},
    year = {2023},
    issue_date = {May 2023},
    publisher = {Association for Computing Machinery},
    address = {New York, NY, USA},
    volume = {1},
    number = {1},
    url = {https://doi.org/10.1145/3588728},
    doi = {10.1145/3588728},
    journal = {Proc. ACM Manag. Data},
    month = {may},
    articleno = {48},
    numpages = {24},
    keywords = {Shapley value, data market, sampling}
}
@inproceedings{
    fumagalli2023shapIQ,
    title={{SHAP}-{IQ}: Unified Approximation of any-order Shapley Interactions},
    author={Fabian Fumagalli and Maximilian Muschalik and Patrick Kolpaczki and Eyke H{\"u}llermeier and Barbara Eva Hammer},
    booktitle={Thirty-seventh Conference on Neural Information Processing Systems},
    year={2023},
    url={https://openreview.net/forum?id=IEMLNF4gK4}
}

@InProceedings{bordt2023shapleyToGAMandBack,
  title = 	 {From Shapley Values to Generalized Additive Models and back},
  author =       {Bordt, Sebastian and von Luxburg, Ulrike},
  booktitle = 	 {Proceedings of The 26th International Conference on Artificial Intelligence and Statistics},
  pages = 	 {709--745},
  year = 	 {2023},
  editor = 	 {Ruiz, Francisco and Dy, Jennifer and van de Meent, Jan-Willem},
  volume = 	 {206},
  series = 	 {Proceedings of Machine Learning Research},
  month = 	 {25--27 Apr},
  publisher =    {PMLR},
  pdf = 	 {https://proceedings.mlr.press/v206/bordt23a/bordt23a.pdf},
  url = 	 {https://proceedings.mlr.press/v206/bordt23a.html},
}

@journal{strumbelj2014explainingWithFeatureContributions,
    title = {Explaining prediction models and individual predictions with feature contributions},
    author = {Štrumbelj, Erik and Kononenko, Igor},
    booktitle = {Knowledge and Information Systems},
    year = {2014},
    pages = {647--665},
    url = {https://link.springer.com/article/10.1007/s10115-013-0679-x#citeas},
}
@article{lipovetsky2001regressionViaShapleyApproach,
    author = {Lipovetsky, Stan and Conklin, Michael},
    title = {Analysis of regression in game theory approach},
    journal = {Applied Stochastic Models in Business and Industry},
    volume = {17},
    number = {4},
    pages = {319-330},
    keywords = {co-operative games, Shapley Value, multicollinearity, regressors net effects},
    doi = {https://doi.org/10.1002/asmb.446},
    url = {https://onlinelibrary.wiley.com/doi/abs/10.1002/asmb.446},
    eprint = {https://onlinelibrary.wiley.com/doi/pdf/10.1002/asmb.446},
    year = {2001}
}
@article{datta2016transparencyViaQuantInpInfluence,
  title={Algorithmic Transparency via Quantitative Input Influence: Theory and Experiments with Learning Systems},
  author={Anupam Datta and Shayak Sen and Yair Zick},
  journal={2016 IEEE Symposium on Security and Privacy (SP)},
  year={2016},
  pages={598-617},
  url={https://api.semanticscholar.org/CorpusID:2367610}
}
@misc{chen2023deepROCK,
      title={DeepROCK: Error-controlled interaction detection in deep neural networks}, 
      author={Winston Chen and William Stafford Noble and Yang Young Lu},
      year={2023},
      eprint={2309.15319},
      archivePrefix={arXiv},
      primaryClass={cs.LG}
}

{https://cdn.fs.pathlms.com/SHrvLhNsTagOVdbCHouC}
@article{rabitz2010correlatedSobolIndices,
    title = {Global Sensitivity Analysis for Systems with Independent and/or Correlated Inputs},
    journal = {Procedia - Social and Behavioral Sciences},
    volume = {2},
    number = {6},
    pages = {7587-7589},
    year = {2010},
    note = {Sixth International Conference on Sensitivity Analysis of Model Output},
    issn = {1877-0428},
    doi = {https://doi.org/10.1016/j.sbspro.2010.05.131},
    url = {https://www.sciencedirect.com/science/article/pii/S1877042810012723},
    author = {Herschel Rabitz},
    keywords = {Sensitivity analysis, Variance analysis, Data correlation, Meta-modeling},
}


@InProceedings{sundararajan2020theManyShapleyValues,
  title = 	 {The Many Shapley Values for Model Explanation},
  author =       {Sundararajan, Mukund and Najmi, Amir},
  booktitle = 	 {Proceedings of the 37th International Conference on Machine Learning},
  pages = 	 {9269--9278},
  year = 	 {2020},
  editor = 	 {III, Hal Daumé and Singh, Aarti},
  volume = 	 {119},
  series = 	 {Proceedings of Machine Learning Research},
  month = 	 {13--18 Jul},
  publisher =    {PMLR},
}



@InProceedings{janzing2020interventionalShapleyValue,
  title = 	 {Feature relevance quantification in explainable AI: A causal problem},
  author =       {Janzing, Dominik and Minorics, Lenon and Bloebaum, Patrick},
  booktitle = 	 {Proceedings of the Twenty Third International Conference on Artificial Intelligence and Statistics},
  pages = 	 {2907--2916},
  year = 	 {2020},
  editor = 	 {Chiappa, Silvia and Calandra, Roberto},
  volume = 	 {108},
  series = 	 {Proceedings of Machine Learning Research},
  month = 	 {26--28 Aug},
  publisher =    {PMLR},
}


@inproceedings{charnes1988extremalLeastSquaresShapleyCoreCheby,
    author="Charnes, A.
    and Golany, B.
    and Keane, M.
    and Rousseau, J.",
    editor="Sengupta, Jati K.
    and Kadekodi, Gopal K.",
    title="Extremal Principle Solutions of Games in Characteristic Function Form: Core, Chebychev and Shapley Value Generalizations",
    bookTitle="Econometrics of Planning and Efficiency",
    year="1988",
    publisher="Springer Netherlands",
    address="Dordrecht",
    pages="123--133",
}
@inproceedings{lyu2023towardsHybridGrainedFIS,
    author = {Lyu, Fuyuan and Tang, Xing and Liu, Dugang and Ma, Chen and Luo, Weihong and Chen, Liang and He, xiuqiang and Liu, Xue (Steve)},
    booktitle = {Advances in Neural Information Processing Systems},
    editor = {A. Oh and T. Naumann and A. Globerson and K. Saenko and M. Hardt and S. Levine},
    pages = {49325--49340},
    publisher = {Curran Associates, Inc.},
    title = {Towards Hybrid-grained Feature Interaction Selection for Deep Sparse Network},
    url = {https://proceedings.neurips.cc/paper_files/paper/2023/file/9ab8da29b1eb3bec912a06e0879065cd-Paper-Conference.pdf},
    volume = {36},
    year = {2023}
}



{https://scholar.google.com/citations?user=z2mDOgkAAAAJ&hl=en&oi=sra}
@article{hart2018sobolCovariancesDependentVariables,
	author  = {Joseph Hart and Pierre A.  Gremaud},
	title   = {An approximation theoretic perspective of the Sobol' indices with dependent variables},
	journal = {International Journal for Uncertainty Quantification},
	issn    = {2152-5080},
	year    = {2018},
	volume  = {8},
	number  = {6},
	pages   = {483--493}
}



@inproceedings{enouen2024textGenSHAP,
    title = "{T}ext{G}en{SHAP}: Scalable Post-Hoc Explanations in Text Generation with Long Documents",
    author = "Enouen, James  and
      Nakhost, Hootan  and
      Ebrahimi, Sayna  and
      Arik, Sercan  and
      Liu, Yan  and
      Pfister, Tomas",
    editor = "Ku, Lun-Wei  and
      Martins, Andre  and
      Srikumar, Vivek",
    booktitle = "Findings of the Association for Computational Linguistics ACL 2024",
    month = aug,
    year = "2024",
    address = "Bangkok, Thailand and virtual meeting",
    publisher = "Association for Computational Linguistics",
    url = "https://aclanthology.org/2024.findings-acl.832",
    pages = "13984--14011",
}
@InProceedings{lengerich2020purifyingInteractionEffects,
  title = 	 {Purifying Interaction Effects with the Functional ANOVA: An Efficient Algorithm for Recovering Identifiable Additive Models},
  author =       {Lengerich, Benjamin and Tan, Sarah and Chang, Chun-Hao and Hooker, Giles and Caruana, Rich},
  booktitle = 	 {Proceedings of the Twenty Third International Conference on Artificial Intelligence and Statistics},
  pages = 	 {2402--2412},
  year = 	 {2020},
  editor = 	 {Chiappa, Silvia and Calandra, Roberto},
  volume = 	 {108},
  series = 	 {Proceedings of Machine Learning Research},
  month = 	 {26--28 Aug},
  publisher =    {PMLR},
  pdf = 	 {http://proceedings.mlr.press/v108/lengerich20a/lengerich20a.pdf},
  url = 	 {https://proceedings.mlr.press/v108/lengerich20a.html},
}
@inproceedings{xingzhi2022pureGAM,
    author = {Sun, Xingzhi and Wang, Ziyu and Ding, Rui and Han, Shi and Zhang, Dongmei},
    title = {pureGAM: Learning an Inherently Pure Additive Model},
    year = {2022},
    isbn = {9781450393850},
    publisher = {Association for Computing Machinery},
    address = {New York, NY, USA},
    url = {https://doi.org/10.1145/3534678.3539256},
    doi = {10.1145/3534678.3539256},
    booktitle = {Proceedings of the 28th ACM SIGKDD Conference on Knowledge Discovery and Data Mining},
    pages = {1728–1738},
    numpages = {11},
    keywords = {generalized additive model, identifiability, interpretable machine learning, pure coding, pureness},
    location = {Washington DC, USA},
    series = {KDD '22}
}

@article{bilodeau2022impossibilityTheoremsForFeatureAttribution,
   title={Impossibility theorems for feature attribution},
   volume={121},
   ISSN={1091-6490},
   url={http://dx.doi.org/10.1073/pnas.2304406120},
   DOI={10.1073/pnas.2304406120},
   number={2},
   journal={Proceedings of the National Academy of Sciences},
   publisher={Proceedings of the National Academy of Sciences},
   author={Bilodeau, Blair and Jaques, Natasha and Koh, Pang Wei and Kim, Been},
   year={2022},
   month=jan 
}
@misc{huang2023inadequacyOfSHAP,
      title={The Inadequacy of Shapley Values for Explainability}, 
      author={Xuanxiang Huang and Joao Marques-Silva},
      year={2023},
      eprint={2302.08160},
      archivePrefix={arXiv},
      primaryClass={cs.LG},
      url={https://arxiv.org/abs/2302.08160}, 
}

@book{aumann1974aumannShapleyValue,
    title = {Values of Non-Atomic Games},
    author={Auman, Robert J. and  Shapley, Lloyd S.},
    year={1974},
    publisher={Princeton University Press},
}
@article{sinkhorn1967sinkhornAlgorithm,
     ISSN = {00029890, 19300972},
     URL = {http://www.jstor.org/stable/2314570},
     author = {Richard Sinkhorn},
     journal = {The American Mathematical Monthly},
     number = {4},
     pages = {402--405},
     publisher = {[Taylor & Francis, Ltd., Mathematical Association of America]},
     title = {Diagonal Equivalence to Matrices with Prescribed Row and Column Sums},
     urldate = {2024-09-26},
     volume = {74},
     year = {1967}
}
@misc{nathanson2019alternateminimizationdoublystochastic,
      title={Alternate minimization and doubly stochastic matrices}, 
      author={Melvyn B. Nathanson},
      year={2019},
      eprint={1812.11930},
      archivePrefix={arXiv},
      primaryClass={math.CO},
      url={https://arxiv.org/abs/1812.11930}, 
}
@inproceedings{chang2018explainingWithCounterfactualGeneration,
    title={Explaining Image Classifiers by Counterfactual Generation},
    author={Chun-Hao Chang and Elliot Creager and Anna Goldenberg and David Duvenaud},
    booktitle={International Conference on Learning Representations},
    year={2019},
    url={https://openreview.net/forum?id=B1MXz20cYQ},
}

@inproceedings{biparva2024causalShapleyWithMarkovBlanketShapley,
    title={Incorporating Information into Shapley Values: Reweighting via a Maximum Entropy Approach},
    author={Darya Biparva and Donatello Materassi},
    booktitle={Forty-first International Conference on Machine Learning},
    year={2024},
    url={https://openreview.net/forum?id=DwniHlwcOB}
}
@inproceedings{brock2021normalizerFreeResnet,
    title={Characterizing signal propagation to close the performance gap in unnormalized ResNets},
    author={Andrew Brock and Soham De and Samuel L Smith},
    booktitle={International Conference on Learning Representations},
    year={2021},
    url={https://openreview.net/forum?id=IX3Nnir2omJ}
}
@article{deegan1978deeganPackelIndex,
    author = {Deegan, J. and Packel, E. W.},
    title = {A new index of power for simplen-person games},
    year = {1978},
    issue_date = {Jun 1978},
    publisher = {Physica-Verlag GmbH},
    address = {DEU},
    volume = {7},
    number = {2},
    issn = {0020-7276},
    url = {https://doi.org/10.1007/BF01753239},
    doi = {10.1007/BF01753239},
    journal = {Int. J. Game Theory},
    month = jun,
    pages = {113–123},
    numpages = {11},
    keywords = {Power Index, Function Form, Game Theory, Economic Theory, Characteristic Function}
}
@article{biradar2024abudctiveExplanationsWithDeeganPackel,
    title={Axiomatic Aggregations of Abductive Explanations}, 
    volume={38}, 
    number={10}, 
    journal={Proceedings of the AAAI Conference on Artificial Intelligence}, 
    author={Biradar, Gagan and Izza, Yacine and Lobo, Elita and Viswanathan, Vignesh and Zick, Yair}, 
    year={2024}, month={Mar.}, pages={11096-11104} 
}

@InProceedings{wang2023dataBanzhaf,
  title = 	 {Data Banzhaf: A Robust Data Valuation Framework for Machine Learning},
  author =       {Wang, Jiachen T. and Jia, Ruoxi},
  booktitle = 	 {Proceedings of The 26th International Conference on Artificial Intelligence and Statistics},
  pages = 	 {6388--6421},
  year = 	 {2023},
  editor = 	 {Ruiz, Francisco and Dy, Jennifer and van de Meent, Jan-Willem},
  volume = 	 {206},
  series = 	 {Proceedings of Machine Learning Research},
  month = 	 {25--27 Apr},
  publisher =    {PMLR},
  pdf = 	 {https://proceedings.mlr.press/v206/wang23e/wang23e.pdf},
  url = 	 {https://proceedings.mlr.press/v206/wang23e.html},
}

@InProceedings{balduzzi2017shatteredGradientsProblem,
  title = 	 {The Shattered Gradients Problem: If resnets are the answer, then what is the question?},
  author =       {David Balduzzi and Marcus Frean and Lennox Leary and J. P. Lewis and Kurt Wan-Duo Ma and Brian McWilliams},
  booktitle = 	 {Proceedings of the 34th International Conference on Machine Learning},
  pages = 	 {342--350},
  year = 	 {2017},
  editor = 	 {Precup, Doina and Teh, Yee Whye},
  volume = 	 {70},
  series = 	 {Proceedings of Machine Learning Research},
  month = 	 {06--11 Aug},
  publisher =    {PMLR},
  pdf = 	 {http://proceedings.mlr.press/v70/balduzzi17b/balduzzi17b.pdf},
  url = 	 {https://proceedings.mlr.press/v70/balduzzi17b.html},
}
@techreport{wah2011cubDataset,
	Title = {The Caltech-UCSD Birds-200-2011 Dataset},
	Author = {Wah, C. and Branson, S. and Welinder, P. and Perona, P. and Belongie, S.},
	Year = {2011},
	Institution = {California Institute of Technology},
	Number = {CNS-TR-2011-001},
}
@inproceedings{he2016resnet,
  author={He, Kaiming and Zhang, Xiangyu and Ren, Shaoqing and Sun, Jian},
  booktitle={2016 IEEE Conference on Computer Vision and Pattern Recognition (CVPR)}, 
  title={Deep Residual Learning for Image Recognition}, 
  year={2016},
  volume={},
  number={},
  pages={770-778},
  keywords={Training;Degradation;Complexity theory;Image recognition;Neural networks;Visualization;Image segmentation},
  doi={10.1109/CVPR.2016.90}
}



@inproceedings{heskes2020causalshapleyvaluesExploiting,
      title={Causal Shapley Values: Exploiting Causal Knowledge to Explain Individual Predictions of Complex Models}, 
      author={Tom Heskes and Evi Sijben and Ioan Gabriel Bucur and Tom Claassen},
        booktitle = {Advances in Neural Information Processing Systems},
      year={2020},
}









@book{Goodfellow-et-al-2016,
    title={Deep Learning},
    author={Ian Goodfellow and Yoshua Bengio and Aaron Courville},
    publisher={MIT Press},
    note={\url{http://www.deeplearningbook.org}},
    year={2016}
}


@book{murray1994mathematical,
  title={A mathematical introduction to robotic manipulation},
  author={Murray, Richard M and Li, Zexiang and Sastry, S Shankar and Sastry, S Shankara},
  year={1994},
  publisher={CRC press}
}

@article{loh2002regression,
  title={Regression tress with unbiased variable selection and interaction detection},
  author={Loh, Wei-Yin},
  journal={Statistica Sinica},
  pages={361--386},
  year={2002},
  publisher={JSTOR}
}

@article{friedman2001greedy,
  title={Greedy function approximation: a gradient boosting machine},
  author={Friedman, Jerome H},
  journal={Annals of statistics},
  pages={1189--1232},
  year={2001},
  publisher={JSTOR}
}

@article{lecun2015deep,
  title={Deep learning},
  author={LeCun, Yann and Bengio, Yoshua and Hinton, Geoffrey},
  journal={Nature},
  volume={521},
  number={7553},
  pages={436--444},
  year={2015},
  publisher={Nature Research}
}

@inproceedings{ba2014deep,
  title={Do deep nets really need to be deep?},
  author={Ba, Jimmy and Caruana, Rich},
  booktitle={Advances in neural information processing systems},
  pages={2654--2662},
  year={2014}
}


@inproceedings{sorokina2008detecting,
  title={Detecting statistical interactions with additive groves of trees},
  author={Sorokina, Daria and Caruana, Rich and Riedewald, Mirek and Fink, Daniel},
  booktitle={Proceedings of the 25th international conference on Machine learning},
  pages={1000--1007},
  year={2008},
  organization={ACM}
}

@book{wood2006generalized,
  title={Generalized additive models: an introduction with R},
  author={Wood, Simon},
  year={2006},
  publisher={CRC press}
}

@inproceedings{needell2014stochastic,
  title={Stochastic gradient descent, weighted sampling, and the randomized kaczmarz algorithm},
  author={Needell, Deanna and Ward, Rachel and Srebro, Nati},
  booktitle={Advances in Neural Information Processing Systems},
  pages={1017--1025},
  year={2014}
}

@inproceedings{lou2013accurate,
  title={Accurate intelligible models with pairwise interactions},
  author={Lou, Yin and Caruana, Rich and Gehrke, Johannes and Hooker, Giles},
  booktitle={Proceedings of the 19th ACM SIGKDD international conference on Knowledge discovery and data mining},
  pages={623--631},
  year={2013},
  organization={ACM}
} 

@inproceedings{rendle2010factorization,
  title={Factorization machines},
  author={Rendle, Steffen},
  booktitle={Data Mining (ICDM), 2010 IEEE 10th International Conference on},
  pages={995--1000},
  year={2010},
  organization={IEEE}
}

@article{bien2013hierarchicalLasso,
  title={A lasso for hierarchical interactions},
  author={Bien, Jacob and Taylor, Jonathan and Tibshirani, Robert},
  journal={Annals of statistics},
  volume={41},
  number={3},
  pages={1111},
  year={2013},
  publisher={NIH Public Access}
}

@inproceedings{hooker2004discovering,
  title={Discovering additive structure in black box functions},
  author={Hooker, Giles},
  booktitle={Proceedings of the tenth ACM SIGKDD international conference on Knowledge discovery and data mining},
  pages={575--580},
  year={2004},
  organization={ACM}
}

@misc{rasmussen2003delve,
  title={Delve. University of Toronto},
  author={Rasmussen, CE and Neal, RM and Hinton, G and Van Camp, D and Revow, M and Ghahramani, Z and Kustra, R and Tibshirani, R},
  year={2003}
}

@article{pace1997sparse,
  title={Sparse spatial autoregressions},
  author={Pace, R Kelley and Barry, Ronald},
  journal={Statistics \& Probability Letters},
  volume={33},
  number={3},
  pages={291--297},
  year={1997},
  publisher={Elsevier}
}

@inproceedings{camachol1998inducing,
  title={Inducing models of human control skills},
  author={Camachol, Rui},
  booktitle={European Conference on Machine Learning},
  pages={107--118},
  year={1998},
  organization={Springer}
}

@article{adam2014learning,
  title={Learning to discover: the higgs boson machine learning challenge},
  author={Adam-Bourdarios, Claire and Cowan, Glen and Germain, Cecile and Guyon, Isabelle and Kegl, Balazs and Rousseau, David},
  journal={URL https://higgsml.lal.in2p3.fr/documentation/},
  year={2014}
}

@article{goh1995back,
  title={Back-propagation neural networks for modeling complex systems},
  author={Goh, ATC},
  journal={Artificial Intelligence in Engineering},
  volume={9},
  number={3},
  pages={143--151},
  year={1995},
  publisher={Elsevier}
}


@article{hechtlinger2016interpretation,
  title={Interpretation of Prediction Models Using the Input Gradient},
  author={Hechtlinger, Yotam},
  journal={arXiv preprint arXiv:1611.07634},
  year={2016}
}


@article{yosinski2015understanding,
  title={Understanding neural networks through deep visualization},
  author={Yosinski, Jason and Clune, Jeff and Nguyen, Anh and Fuchs, Thomas and Lipson, Hod},
  journal={arXiv preprint arXiv:1506.06579},
  year={2015}
}


@article{benjamini1995controlling,
  title={Controlling the false discovery rate: a practical and powerful approach to multiple testing},
  author={Benjamini, Yoav and Hochberg, Yosef},
  journal={Journal of the royal statistical society. Series B (Methodological)},
  pages={289--300},
  year={1995},
  publisher={JSTOR}
}

@article{szekely2007measuring,
  title={Measuring and testing dependence by correlation of distances},
  author={Sz{\'e}kely, G{\'a}bor J and Rizzo, Maria L and Bakirov, Nail K and others},
  journal={The Annals of Statistics},
  volume={35},
  number={6},
  pages={2769--2794},
  year={2007},
  publisher={Institute of Mathematical Statistics}
}

@article{mnih2015human,
  title={Human-level control through deep reinforcement learning},
  author={Mnih, Volodymyr and Kavukcuoglu, Koray and Silver, David and Rusu, Andrei A and Veness, Joel and Bellemare, Marc G and Graves, Alex and Riedmiller, Martin and Fidjeland, Andreas K and Ostrovski, Georg and others},
  journal={Nature},
  volume={518},
  number={7540},
  pages={529--533},
  year={2015},
  publisher={Nature Research}
}

@article{simonyan2013deep,
  title={Deep inside convolutional networks: Visualising image classification models and saliency maps},
  author={Simonyan, Karen and Vedaldi, Andrea and Zisserman, Andrew},
  journal={arXiv preprint arXiv:1312.6034},
  year={2013}
}

@inproceedings{mahendran2015understanding,
  title={Understanding deep image representations by inverting them},
  author={Mahendran, Aravindh and Vedaldi, Andrea},
  booktitle={Proceedings of the IEEE Conference on Computer Vision and Pattern Recognition},
  pages={5188--5196},
  year={2015}
}

@article{fan2016interaction,
  title={Interaction pursuit with feature screening and selection},
  author={Fan, Yingying and Kong, Yinfei and Li, Daoji and Lv, Jinchi},
  journal={arXiv preprint arXiv:1605.08933},
  year={2016}
}

@article{jakobs2015higgs,
  title={The Higgs Boson discovery},
  author={Jakobs, K. and Seez, C. },
  journal={Scholarpedia},
  year={2016},
  volume={10},
  number={9},
  pages={32413},
  note={revision 151683}
}

@article{maaten2008visualizing,
  title={Visualizing data using t-SNE},
  author={Maaten, Laurens van der and Hinton, Geoffrey},
  journal={Journal of Machine Learning Research},
  volume={9},
  number={Nov},
  pages={2579--2605},
  year={2008}
}

@article{lipton2016mythos,
  title={The mythos of model interpretability},
  author={Lipton, Zachary C},
  journal={arXiv preprint arXiv:1606.03490},
  year={2016}
}

@inproceedings{ribeiro2016should,
  title={Why Should I Trust You?: Explaining the Predictions of Any Classifier},
  author={Ribeiro, Marco Tulio and Singh, Sameer and Guestrin, Carlos},
  booktitle={Proceedings of the 22nd ACM SIGKDD International Conference on Knowledge Discovery and Data Mining},
  pages={1135--1144},
  year={2016},
  organization={ACM}
}

@inproceedings{krause2016interacting,
  title={Interacting with predictions: Visual inspection of black-box machine learning models},
  author={Krause, Josua and Perer, Adam and Ng, Kenney},
  booktitle={Proceedings of the 2016 CHI Conference on Human Factors in Computing Systems},
  pages={5686--5697},
  year={2016},
  organization={ACM}
}

@inproceedings{choi2016retain,
  title={RETAIN: An Interpretable Predictive Model for Healthcare using Reverse Time Attention Mechanism},
  author={Choi, Edward and Bahadori, Mohammad Taha and Sun, Jimeng and Kulas, Joshua and Schuetz, Andy and Stewart, Walter},
  booktitle={Advances in Neural Information Processing Systems},
  pages={3504--3512},
  year={2016}
}

@inproceedings{kim2016examples,
  title={Examples are not enough, learn to criticize! Criticism for Interpretability},
  author={Kim, Been and Koyejo, Oluwasanmi O and Khanna, Rajiv},
  booktitle={Advances In Neural Information Processing Systems},
  pages={2280--2288},
  year={2016}
}

@article{varshney2016safety,
  title={On the Safety of Machine Learning: Cyber-Physical Systems, Decision Sciences, and Data Products},
  author={Varshney, Kush R and Alemzadeh, Homa},
  journal={arXiv preprint arXiv:1610.01256},
  year={2016}
}

@inproceedings{caruana2015intelligible,
  title={Intelligible models for healthcare: Predicting pneumonia risk and hospital 30-day readmission},
  author={Caruana, Rich and Lou, Yin and Gehrke, Johannes and Koch, Paul and Sturm, Marc and Elhadad, Noemie},
  booktitle={Proceedings of the 21th ACM SIGKDD International Conference on Knowledge Discovery and Data Mining},
  pages={1721--1730},
  year={2015},
  organization={ACM}
}

@inproceedings{krizhevsky2012imagenet,
  title={Imagenet classification with deep convolutional neural networks},
  author={Krizhevsky, Alex and Sutskever, Ilya and Hinton, Geoffrey E},
  booktitle={Advances in neural information processing systems},
  pages={1097--1105},
  year={2012}
}

@article{hinton2012deep,
  title={Deep neural networks for acoustic modeling in speech recognition: The shared views of four research groups},
  author={Hinton, Geoffrey and Deng, Li and Yu, Dong and Dahl, George E and Mohamed, Abdel-rahman and Jaitly, Navdeep and Senior, Andrew and Vanhoucke, Vincent and Nguyen, Patrick and Sainath, Tara N and others},
  journal={IEEE Signal Processing Magazine},
  volume={29},
  number={6},
  pages={82--97},
  year={2012},
  publisher={IEEE}
}

@article{benitez1997artificial,
  title={Are artificial neural networks black boxes?},
  author={Ben{\'\i}tez, Jos{\'e} Manuel and Castro, Juan Luis and Requena, Ignacio},
  journal={IEEE Transactions on neural networks},
  volume={8},
  number={5},
  pages={1156--1164},
  year={1997},
  publisher={IEEE}
}

@article{hornik1989multilayer,
  title={Multilayer feedforward networks are universal approximators},
  author={Hornik, Kurt and Stinchcombe, Maxwell and White, Halbert},
  journal={Neural networks},
  volume={2},
  number={5},
  pages={359--366},
  year={1989},
  publisher={Elsevier}
}


@article{garson1991interpreting,
  title={Interpreting neural-network connection weights},
  author={Garson, G David},
  journal={AI Expert},
  volume={6},
  number={4},
  pages={46--51},
  year={1991},
  publisher={Miller Freeman, Inc.}
}

@article{che2015distilling,
  title={Distilling knowledge from deep networks with applications to healthcare domain},
  author={Che, Zhengping and Purushotham, Sanjay and Khemani, Robinder and Liu, Yan},
  journal={arXiv preprint arXiv:1512.03542},
  year={2015}
}

@inproceedings{provost1997analysis,
  title={Analysis and visualization of classifier performance: Comparison under imprecise class and cost distributions.},
  author={Provost, Foster J and Fawcett, Tom and others},
  booktitle={KDD},
  volume={97},
  pages={43--48},
  year={1997}
}

@article{friedman2008predictive,
  title={Predictive learning via rule ensembles},
  author={Friedman, Jerome H and Popescu, Bogdan E},
  journal={The Annals of Applied Statistics},
  pages={916--954},
  year={2008},
  publisher={JSTOR}
}


@article{hooker2007generalizedFunctionalANOVA,
  title={Generalized Functional ANOVA Diagnostics for High-Dimensional Functions of Dependent Variables},
  author={Hooker, Giles},
  journal={Journal of Computational and Graphical Statistics},
  volume={16},
  number={3},
  pages={709--732},
  year={2007},
  publisher={Taylor \& Francis}
}
@article{hooker2007generalized,
  title={Generalized functional anova diagnostics for high-dimensional functions of dependent variables},
  author={Hooker, Giles},
  journal={Journal of Computational and Graphical Statistics},
  volume={16},
  number={3},
  pages={709--732},
  year={2007},
  publisher={Taylor \& Francis}
}
@article{hooker2007functionalANOVA,
 ISSN = {10618600},
 URL = {http://www.jstor.org/stable/27594267},
 author = {Giles Hooker},
 journal = {Journal of Computational and Graphical Statistics},
 number = {3},
 pages = {709--732},
 publisher = {[American Statistical Association, Taylor & Francis, Ltd., Institute of Mathematical Statistics, Interface Foundation of America]},
 title = {Generalized Functional ANOVA Diagnostics for High-Dimensional Functions of Dependent Variables},
 volume = {16},
 year = {2007}
}



@book{christensen2011plane,
  title={Plane answers to complex questions: the theory of linear models},
  author={Christensen, Ronald},
  year={2011},
  publisher={Springer Science \& Business Media}
}

@inproceedings{yosinski2014transferable,
  title={How transferable are features in deep neural networks?},
  author={Yosinski, Jason and Clune, Jeff and Bengio, Yoshua and Lipson, Hod},
  booktitle={Advances in neural information processing systems},
  pages={3320--3328},
  year={2014}
}

@phdthesis{sorokina2008modeling,
  title={Modeling Additive Structure and Detecting Interactions with Groves of Trees},
  author={Sorokina, Daria},
  year={2008a},
  school={Cornell University}
}

@article{choi2010variable,
  title={Variable selection with the strong heredity constraint and its oracle property},
  author={Choi, Nam Hee and Li, William and Zhu, Ji},
  journal={Journal of the American Statistical Association},
  volume={105},
  number={489},
  pages={354--364},
  year={2010},
  publisher={Taylor \& Francis}
}

@article{yuan2009structured,
  title={Structured variable selection and estimation},
  author={Yuan, Ming and Joseph, V Roshan and Zou, Hui},
  journal={The Annals of Applied Statistics},
  pages={1738--1757},
  year={2009},
  publisher={JSTOR}
}

@inproceedings{xu2015show,
  title={Show, Attend and Tell: Neural Image Caption Generation with Visual Attention.},
  author={Xu, Kelvin and Ba, Jimmy and Kiros, Ryan and Cho, Kyunghyun and Courville, Aaron C and Salakhutdinov, Ruslan and Zemel, Richard S and Bengio, Yoshua},
  booktitle={ICML},
  volume={14},
  pages={77--81},
  year={2015}
}

@article{itti1998model,
  title={A model of saliency-based visual attention for rapid scene analysis},
  author={Itti, Laurent and Koch, Christof and Niebur, Ernst},
  journal={IEEE Transactions on pattern analysis and machine intelligence},
  volume={20},
  number={11},
  pages={1254--1259},
  year={1998},
  publisher={IEEE}
}

@inproceedings{mnih2014recurrent,
  title={Recurrent models of visual attention},
  author={Mnih, Volodymyr and Heess, Nicolas and Graves, Alex and others},
  booktitle={Advances in neural information processing systems},
  pages={2204--2212},
  year={2014}
}

@phdthesis{kim2015interactive,
  title={Interactive and interpretable machine learning models for human machine collaboration},
  author={Kim, Been},
  year={2015},
  school={Massachusetts Institute of Technology}
}

@misc{bullen1988means,
  title={Means and Their Inequalities, Mathematics and Its Applications},
  author={Bullen, PS and Mitrinovi{\'c}, DS and Vasi{\'c}, PM},
  year={1988},
  publisher={D. Reidel, Dordrecht, The Netherlands}
}

@book{wonnacott1972introductory,
  title={Introductory statistics},
  author={Wonnacott, Thomas H and Wonnacott, Ronald J},
  volume={19690},
  year={1972},
  publisher={Wiley New York}
}

@book{fisher1925statistical,
  title={Statistical methods for research workers},
  author={Fisher, Ronald Aylmer},
  year={1925},
  publisher={Genesis Publishing Pvt Ltd}
}

@article{doshi2017roadmap,
  title={A Roadmap for a Rigorous Science of Interpretability},
  author={Doshi-Velez, Finale and Kim, Been},
  journal={arXiv preprint arXiv:1702.08608},
  year={2017}
}

@article{baehrens2010explain,
  title={How to explain individual classification decisions},
  author={Baehrens, David and Schroeter, Timon and Harmeling, Stefan and Kawanabe, Motoaki and Hansen, Katja and M{\~A}{\v{z}}ller, Klaus-Robert},
  journal={Journal of Machine Learning Research},
  volume={11},
  number={Jun},
  pages={1803--1831},
  year={2010}
}


@article{selvaraju2016grad,
  title={Grad-CAM: Why did you say that?},
  author={Selvaraju, Ramprasaath R and Das, Abhishek and Vedantam, Ramakrishna and Cogswell, Michael and Parikh, Devi and Batra, Dhruv},
  journal={arXiv preprint arXiv:1611.07450},
  year={2016}
}


@inproceedings{ross2017right,
  author    = {Ross, Andrew Slavin and Hughes, Michael C. and Doshi-Velez, Finale},
  title     = {Right for the Right Reasons: Training Differentiable Models by Constraining their Explanations},
  booktitle = {Proceedings of the Twenty-Sixth International Joint Conference on
               Artificial Intelligence, {IJCAI-17}},
  pages     = {2662--2670},
  year      = {2017},
}



@article{tibshirani1996regression,
  title={Regression shrinkage and selection via the lasso},
  author={Tibshirani, Robert},
  journal={Journal of the Royal Statistical Society. Series B (Methodological)},
  pages={267--288},
  year={1996},
  publisher={JSTOR}
}

@article{sorokina2007additive,
  title={Additive groves of regression trees},
  author={Sorokina, Daria and Caruana, Rich and Riedewald, Mirek},
  journal={Machine Learning: ECML 2007},
  pages={323--334},
  year={2007},
  publisher={Springer}
}

@article{zhang2017interpretable,
  title={Interpretable Convolutional Neural Networks},
  author={Zhang, Quanshi and Wu, Ying Nian and Zhu, Song-Chun},
  journal={arXiv preprint arXiv:1710.00935},
  year={2017}
}

@inproceedings{zeiler2014visualizing,
  title={Visualizing and understanding convolutional networks},
  author={Zeiler, Matthew D and Fergus, Rob},
  booktitle={European conference on computer vision},
  pages={818--833},
  year={2014},
  organization={Springer}
}

@article{telgarsky2016benefits,
  title={Benefits of depth in neural networks},
  author={Telgarsky, Matus},
  journal={arXiv preprint arXiv:1602.04485},
  year={2016}
}

@article{liang2016deep,
  title={Why Deep Neural Networks for Function Approximation?},
  author={Liang, Shiyu and Srikant, R},
  year={2016}
}


@inproceedings{goodfellow2015explaining,
title = {Explaining and Harnessing Adversarial Examples},
author  = {Ian Goodfellow and Jonathon Shlens and Christian Szegedy},
year  = {2015},
booktitle = {International Conference on Learning Representations}
}


@article{fanaee2014event,
  title={Event labeling combining ensemble detectors and background knowledge},
  author={Fanaee-T, Hadi and Gama, Joao},
  journal={Progress in Artificial Intelligence},
  volume={2},
  number={2-3},
  pages={113--127},
  year={2014},
  publisher={Springer}
}


@article{frey1991letter,
  title={Letter recognition using Holland-style adaptive classifiers},
  author={Frey, Peter W and Slate, David J},
  journal={Machine learning},
  volume={6},
  number={2},
  pages={161--182},
  year={1991},
  publisher={Springer}
}

@article{goodman2016european,
  title={European Union regulations on algorithmic decision-making and a "right to explanation"},
  author={Goodman, Bryce and Flaxman, Seth},
  journal={arXiv preprint arXiv:1606.08813},
  year={2016}
}

@book{dodge2006oxford,
  title={The Oxford dictionary of statistical terms},
  author={Dodge, Yadolah},
  year={2006},
  publisher={Oxford University Press on Demand}
}

@book{winer1971statistical,
  title={Statistical principles in experimental design},
  author={Winer, Ben James and Brown, Donald R and Michels, Kenneth M},
  volume={2},
  year={1971},
  publisher={McGraw-Hill New York}
}

@article{kong2017interaction,
  title={Interaction pursuit in high-dimensional multi-response regression via distance correlation},
  author={Kong, Yinfei and Li, Daoji and Fan, Yingying and Lv, Jinchi and others},
  journal={The Annals of Statistics},
  volume={45},
  number={2},
  pages={897--922},
  year={2017},
  publisher={Institute of Mathematical Statistics}
}

@article{lim2015learning,
  title={Learning interactions via hierarchical group-lasso regularization},
  author={Lim, Michael and Hastie, Trevor},
  journal={Journal of Computational and Graphical Statistics},
  volume={24},
  number={3},
  pages={627--654},
  year={2015},
  publisher={Taylor \& Francis}
}







@article{hornik1991approximation,
  title={Approximation capabilities of multilayer feedforward networks},
  author={Hornik, Kurt},
  journal={Neural networks},
  volume={4},
  number={2},
  pages={251--257},
  year={1991},
  publisher={Elsevier}
}

@article{tan2018transparent,
  title={Transparent Model Distillation},
  author={Tan, Sarah and Caruana, Rich and Hooker, Giles and Gordo, Albert},
  journal={arXiv preprint arXiv:1801.08640},
  year={2018}
}

@article{tan2017detecting,
  title={Detecting Bias in Black-Box Models Using Transparent Model Distillation},
  author={Tan, Sarah and Caruana, Rich and Hooker, Giles and Lou, Yin},
  journal={AAAI/ACM Conference on Artificial Intelligence, Ethics, and Society},
  year={2017}
}

@incollection{hastie2017generalized,
  title={Generalized additive models},
  author={Hastie, Trevor J},
  booktitle={Statistical models in S},
  pages={249--307},
  year={2017},
  publisher={Routledge}
}


@article{
  tsang2018detecting,
  title={Detecting Statistical Interactions from Neural Network Weights},
  author={Tsang, Michael and Cheng, Dehua and Liu, Yan},
  journal={International Conference on Learning Representations},
  year={2018},
}



@inproceedings{corbett2017algorithmic,
  title={Algorithmic decision making and the cost of fairness},
  author={Corbett-Davies, Sam and Pierson, Emma and Feller, Avi and Goel, Sharad and Huq, Aziz},
  booktitle={Proceedings of the 23rd ACM SIGKDD International Conference on Knowledge Discovery and Data Mining},
  pages={797--806},
  year={2017},
  organization={ACM}
}

@article{louzada2016classification,
  title={Classification methods applied to credit scoring: Systematic review and overall comparison},
  author={Louzada, Francisco and Ara, Anderson and Fernandes, Guilherme B},
  journal={Surveys in Operations Research and Management Science},
  volume={21},
  number={2},
  pages={117--134},
  year={2016},
  publisher={Elsevier}
}





@article{louizos2017learning,
  title={Learning Sparse Neural Networks through $ L_0 $ Regularization},
    author={Louizos, Christos and Welling, Max and Kingma, Diederik P},
    journal={International Conference on Learning Representations},
  year={2018},
}

@inproceedings{glorot2011deep,
  title={Deep sparse rectifier neural networks},
  author={Glorot, Xavier and Bordes, Antoine and Bengio, Yoshua},
  booktitle={Proceedings of the Fourteenth International Conference on Artificial Intelligence and Statistics},
  pages={315--323},
  year={2011}
}

@article{johnson2016mimic,
  title={MIMIC-III, a freely accessible critical care database},
  author={Johnson, Alistair EW and Pollard, Tom J and Shen, Lu and Li-wei, H Lehman and Feng, Mengling and Ghassemi, Mohammad and Moody, Benjamin and Szolovits, Peter and Celi, Leo Anthony and Mark, Roger G},
  journal={Scientific data},
  volume={3},
  pages={160035},
  year={2016},
  publisher={Nature Publishing Group}
}

@article{lecun1998mnist,
  title={The MNIST database of handwritten digits},
  author={LeCun, Yann},
  journal={http://yann.lecun.com/exdb/mnist/},
  year={1998}
}

@inproceedings{lou2012intelligible,
  title={Intelligible models for classification and regression},
  author={Lou, Yin and Caruana, Rich and Gehrke, Johannes},
  booktitle={Proceedings of the 18th ACM SIGKDD international conference on Knowledge discovery and data mining},
  pages={150--158},
  year={2012},
  organization={ACM}
}

@book{goodfellow2016deep,
  title={Deep learning},
  author={Goodfellow, Ian and Bengio, Yoshua and Courville, Aaron and Bengio, Yoshua},
  volume={1},
  year={2016},
  publisher={MIT press Cambridge}
}



@inproceedings{potts1999generalized,
  title={Generalized additive neural networks},
  author={Potts, William JE},
  booktitle={Proceedings of the fifth ACM SIGKDD international conference on Knowledge discovery and data mining},
  pages={194--200},
  year={1999},
  organization={ACM}
}

@inproceedings{chen2016infogan,
  title={Infogan: Interpretable representation learning by information maximizing generative adversarial nets},
  author={Chen, Xi and Duan, Yan and Houthooft, Rein and Schulman, John and Sutskever, Ilya and Abbeel, Pieter},
  booktitle={Advances in Neural Information Processing Systems},
  pages={2172--2180},
  year={2016}
}

@inproceedings{kulkarni2015deep,
  title={Deep convolutional inverse graphics network},
  author={Kulkarni, Tejas D and Whitney, William F and Kohli, Pushmeet and Tenenbaum, Josh},
  booktitle={Advances in Neural Information Processing Systems},
  pages={2539--2547},
  year={2015}
}

@inproceedings{hsu2017unsupervised,
  title={Unsupervised Learning of Disentangled and Interpretable Representations from Sequential Data},
  author={Hsu, Wei-Ning and Zhang, Yu and Glass, James},
  booktitle={Advances in neural information processing systems},
  pages={1876--1887},
  year={2017}
}

@article{radford2015unsupervised,
  title={Unsupervised representation learning with deep convolutional generative adversarial networks},
  author={Radford, Alec and Metz, Luke and Chintala, Soumith},
  journal={arXiv preprint arXiv:1511.06434},
  year={2015}
}

@inproceedings{bau2017network,
  title={Network dissection: Quantifying interpretability of deep visual representations},
  author={Bau, David and Zhou, Bolei and Khosla, Aditya and Oliva, Aude and Torralba, Antonio},
  booktitle={Computer Vision and Pattern Recognition (CVPR), 2017 IEEE Conference on},
  pages={3319--3327},
  year={2017},
  organization={IEEE}
}

@article{lecun1998gradient,
  title={Gradient-based learning applied to document recognition},
  author={LeCun, Yann and Bottou, L{\'e}on and Bengio, Yoshua and Haffner, Patrick},
  journal={Proceedings of the IEEE},
  volume={86},
  number={11},
  pages={2278--2324},
  year={1998},
  publisher={IEEE}
}

@inproceedings{che2016interpretable,
  title={Interpretable deep models for icu outcome prediction},
  author={Che, Zhengping and Purushotham, Sanjay and Khemani, Robinder and Liu, Yan},
  booktitle={AMIA Annual Symposium Proceedings},
  volume={2016},
  pages={371},
  year={2016},
  organization={American Medical Informatics Association}
}

@article{olden2002illuminating,
  title={Illuminating the “black box”: a randomization approach for understanding variable contributions in artificial neural networks},
  author={Olden, Julian D and Jackson, Donald A},
  journal={Ecological modelling},
  volume={154},
  number={1-2},
  pages={135--150},
  year={2002},
  publisher={Elsevier}
}

@techreport{krizhevsky2009learning,
  title={Learning multiple layers of features from tiny images},
  author={Krizhevsky, Alex and Hinton, Geoffrey},
  year={2009},
  institution={Citeseer}
}

@inproceedings{higgins2017beta,
  title={beta-vae: Learning basic visual concepts with a constrained variational framework},
  author={Higgins, Irina and Matthey, Loic and Pal, Arka and Burgess, Christopher and Glorot, Xavier and Botvinick, Matthew and Mohamed, Shakir and Lerchner, Alexander},
  booktitle={International Conference on Learning Representations},
  year={2017}
}

@article{kingma2014adam,
  title={Adam: A method for stochastic optimization},
  author={Kingma, Diederik P and Ba, Jimmy},
  journal={arXiv preprint arXiv:1412.6980},
  year={2014}
}




@inproceedings{che2016interpretable,
  title={Interpretable deep models for ICU outcome prediction},
  author={Che, Zhengping and Purushotham, Sanjay and Khemani, Robinder and Liu, Yan},
  booktitle={AMIA Annual Symposium Proceedings},
  volume={2016},
  pages={371},
  year={2016},
  organization={American Medical Informatics Association}
}

@article{frosst2017distilling,
  title={Distilling a neural network into a soft decision tree},
  author={Frosst, Nicholas and Hinton, Geoffrey},
  journal={arXiv preprint arXiv:1711.09784},
  year={2017}
}

@inproceedings{tsang2018neural,
  title={Neural Interaction Transparency (NIT): Disentangling Learned Interactions for Improved Interpretability},
  author={Tsang, Michael and Liu, Hanpeng and Purushotham, Sanjay and Murali, Pavankumar and Liu, Yan},
  booktitle={Advances in Neural Information Processing Systems},
  pages={5804--5813},
  year={2018}
}

@inproceedings{koh2017understanding,
  title={Understanding black-box predictions via influence functions},
  author={Koh, Pang Wei and Liang, Percy},
  booktitle={Proceedings of the 34th International Conference on Machine Learning-Volume 70},
  pages={1885--1894},
  year={2017},
  organization={JMLR. org}
}




@article{tan2018learning,
  title={Learning Global Additive Explanations for Neural Nets Using Model Distillation},
  author={Tan, Sarah and Caruana, Rich and Hooker, Giles and Koch, Paul and Gordo, Albert},
  journal={arXiv preprint arXiv:1801.08640},
  year={2018}
}

@article{hinton2015distilling,
  title={Distilling the knowledge in a neural network},
  author={Hinton, Geoffrey and Vinyals, Oriol and Dean, Jeff},
  journal={arXiv preprint arXiv:1503.02531},
  year={2015}
}

@inproceedings{bucilua2006model,
  title={Model compression},
  author={Buciluǎ, Cristian and Caruana, Rich and Niculescu-Mizil, Alexandru},
  booktitle={Proceedings of the 12th ACM SIGKDD international conference on Knowledge discovery and data mining},
  pages={535--541},
  year={2006},
  organization={ACM}
}





@article{singh2018hierarchical,
  title={Hierarchical interpretations for neural network predictions},
  author={Singh, Chandan and Murdoch, W James and Yu, Bin},
  journal={International Conference on Learning Representations},
  year={2019}
}

@inproceedings{ribeiro2018anchors,
  title={Anchors: High-precision model-agnostic explanations},
  author={Ribeiro, Marco Tulio and Singh, Sameer and Guestrin, Carlos},
  booktitle={AAAI Conference on Artificial Intelligence},
  year={2018}
}



@article{lecun2015deep,
  title={Deep learning},
  author={LeCun, Yann and Bengio, Yoshua and Hinton, Geoffrey},
  journal={nature},
  volume={521},
  number={7553},
  pages={436},
  year={2015},
  publisher={Nature Publishing Group}
}

@article{lundberg2018consistent,
  title={Consistent Individualized Feature Attribution for Tree Ensembles},
  author={Lundberg, Scott M and Erion, Gabriel G and Lee, Su-In},
  journal={arXiv preprint arXiv:1802.03888},
  year={2018}
}

@article{murdoch2018beyond,
  title={Beyond Word Importance: Contextual Decomposition to Extract Interactions from LSTMs},
  author={Murdoch, W James and Liu, Peter J and Yu, Bin},
  journal={International Conference on Learning Representations},
  year={2018}
}

@inproceedings{chen2016xgboost,
  title={Xgboost: A scalable tree boosting system},
  author={Chen, Tianqi and Guestrin, Carlos},
  booktitle={Proceedings of the 22nd acm sigkdd international conference on knowledge discovery and data mining},
  pages={785--794},
  year={2016},
  organization={ACM}
}

@article{hochreiter1997long,
  title={Long short-term memory},
  author={Hochreiter, Sepp and Schmidhuber, J{\"u}rgen},
  journal={Neural computation},
  volume={9},
  number={8},
  pages={1735--1780},
  year={1997},
  publisher={MIT Press}
}

@inproceedings{socher2013recursive,
  title={Recursive deep models for semantic compositionality over a sentiment treebank},
  author={Socher, Richard and Perelygin, Alex and Wu, Jean and Chuang, Jason and Manning, Christopher D and Ng, Andrew and Potts, Christopher},
  booktitle={Proceedings of the 2013 conference on empirical methods in natural language processing},
  pages={1631--1642},
  year={2013}
}

@article{russakovsky2015imagenet,
  title={Imagenet large scale visual recognition challenge},
  author={Russakovsky, Olga and Deng, Jia and Su, Hao and Krause, Jonathan and Satheesh, Sanjeev and Ma, Sean and Huang, Zhiheng and Karpathy, Andrej and Khosla, Aditya and Bernstein, Michael and others},
  journal={International Journal of Computer Vision},
  volume={115},
  number={3},
  pages={211--252},
  year={2015},
  publisher={Springer}
}

@inproceedings{he2016deep,
  title={Deep residual learning for image recognition},
  author={He, Kaiming and Zhang, Xiangyu and Ren, Shaoqing and Sun, Jian},
  booktitle={Proceedings of the IEEE conference on computer vision and pattern recognition},
  pages={770--778},
  year={2016}
}

@article{ott2018scaling,
  title={Scaling Neural Machine Translation},
  author={Ott, Myle and Edunov, Sergey and Grangier, David and Auli, Michael},
  journal={arXiv preprint arXiv:1806.00187},
  year={2018}
}

@inproceedings{vaswani2017attention,
  title={Attention is all you need},
  author={Vaswani, Ashish and Shazeer, Noam and Parmar, Niki and Uszkoreit, Jakob and Jones, Llion and Gomez, Aidan N and Kaiser, {\L}ukasz and Polosukhin, Illia},
  booktitle={Advances in Neural Information Processing Systems},
  pages={5998--6008},
  year={2017}
}

@article{tai2015improved,
  title={Improved semantic representations from tree-structured long short-term memory networks},
  author={Tai, Kai Sheng and Socher, Richard and Manning, Christopher D},
  journal={arXiv preprint arXiv:1503.00075},
  year={2015}
}

@article{mordelet2013stability,
  title={Stability selection for regression-based models of transcription factor--DNA binding specificity},
  author={Mordelet, Fantine and Horton, John and Hartemink, Alexander J and Engelhardt, Barbara E and Gord{\^a}n, Raluca},
  journal={Bioinformatics},
  volume={29},
  number={13},
  pages={i117--i125},
  year={2013},
  publisher={Oxford University Press}
}

@article{yang2013tfbsshape,
  title={TFBSshape: a motif database for DNA shape features of transcription factor binding sites},
  author={Yang, Lin and Zhou, Tianyin and Dror, Iris and Mathelier, Anthony and Wasserman, Wyeth W and Gord{\^a}n, Raluca and Rohs, Remo},
  journal={Nucleic acids research},
  volume={42},
  number={D1},
  pages={D148--D155},
  year={2013},
  publisher={Oxford University Press}
}

@article{alipanahi2015predicting,
  title={Predicting the sequence specificities of DNA-and RNA-binding proteins by deep learning},
  author={Alipanahi, Babak and Delong, Andrew and Weirauch, Matthew T and Frey, Brendan J},
  journal={Nature biotechnology},
  volume={33},
  number={8},
  pages={831},
  year={2015},
  publisher={Nature Publishing Group}
}

@article{zeng2016convolutional,
  title={Convolutional neural network architectures for predicting DNA--protein binding},
  author={Zeng, Haoyang and Edwards, Matthew D and Liu, Ge and Gifford, David K},
  journal={Bioinformatics},
  volume={32},
  number={12},
  pages={i121--i127},
  year={2016},
  publisher={Oxford University Press}
}

@article{wang2018define,
  title={DeFine: deep convolutional neural networks accurately quantify intensities of transcription factor-DNA binding and facilitate evaluation of functional non-coding variants},
  author={Wang, Meng and Tai, Cheng and E, Weinan and Wei, Liping},
  journal={Nucleic acids research},
  volume={46},
  number={11},
  pages={e69--e69},
  year={2018},
  publisher={Oxford University Press}
}



@article{van1995multiplicative,
  title={Multiplicative interaction in generalized linear models},
  author={Van Eeuwijk, Fred A},
  journal={Biometrics},
  pages={1017--1032},
  year={1995},
  publisher={JSTOR}
}

@misc{hastie1990generalized,
  title={Generalized additive models},
  author={Hastie, Trevor J and Tibshirani, Robert J},
  year={1990},
  publisher={Chapman \& Hall, London}
}
@misc{hastie1990originalGAM,
  title={Generalized additive models},
  author={Hastie, Trevor J and Tibshirani, Robert J},
  year={1990},
  publisher={Chapman \& Hall, London}
}

@article{de2007interpretation,
  title={Interpretation of interaction: A review},
  author={de Gonz{\'a}lez, Amy Berrington and Cox, David R and others},
  journal={The Annals of Applied Statistics},
  volume={1},
  number={2},
  pages={371--385},
  year={2007},
  publisher={Institute of Mathematical Statistics}
}

@inproceedings{purushotham2014factorized,
  title={Factorized sparse learning models with interpretable high order feature interactions},
  author={Purushotham, Sanjay and Min, Martin Renqiang and Kuo, C-C Jay and Ostroff, Rachel},
  booktitle={Proceedings of the 20th ACM SIGKDD international conference on Knowledge discovery and data mining},
  pages={552--561},
  year={2014},
  organization={ACM}
}

@article{merity2016pointer,
  title={Pointer sentinel mixture models},
  author={Merity, Stephen and Xiong, Caiming and Bradbury, James and Socher, Richard},
  journal={arXiv preprint arXiv:1609.07843},
  year={2016}
}

@InProceedings{maas2011learning,
  author    = {Maas, Andrew L.  and  Daly, Raymond E.  and  Pham, Peter T.  and  Huang, Dan  and  Ng, Andrew Y.  and  Potts, Christopher},
  title     = {Learning Word Vectors for Sentiment Analysis},
  booktitle = {Proceedings of the 49th Annual Meeting of the Association for Computational Linguistics: Human Language Technologies},
  month     = {June},
  year      = {2011},
  address   = {Portland, Oregon, USA},
  publisher = {Association for Computational Linguistics},
  pages     = {142--150},
  url       = {http://www.aclweb.org/anthology/P11-1015}
}

@article{sharon2008feature,
  title={A feature-based approach to modeling protein--DNA interactions},
  author={Sharon, Eilon and Lubliner, Shai and Segal, Eran},
  journal={PLoS computational biology},
  volume={4},
  number={8},
  pages={e1000154},
  year={2008},
  publisher={Public Library of Science}
}

@inproceedings{levenshtein1966binary,
  title={Binary codes capable of correcting deletions, insertions, and reversals},
  author={Levenshtein, Vladimir I},
  booktitle={Soviet physics doklady},
  volume={10},
  number={8},
  pages={707--710},
  year={1966}
}

@article{shrikumar2017learning,
  title={Learning important features through propagating activation differences},
  author={Shrikumar, Avanti and Greenside, Peyton and Kundaje, Anshul},
  journal={arXiv preprint arXiv:1704.02685},
  year={2017}
}

@article{smilkov2017smoothgrad,
  title={Smoothgrad: removing noise by adding noise},
  author={Smilkov, Daniel and Thorat, Nikhil and Kim, Been and Vi{\'e}gas, Fernanda and Wattenberg, Martin},
  journal={arXiv preprint arXiv:1706.03825},
  year={2017}
}

@article{hu2018locally,
  title={Locally Interpretable Models and Effects based on Supervised Partitioning (LIME-SUP)},
  author={Hu, Linwei and Chen, Jie and Nair, Vijayan N and Sudjianto, Agus},
  journal={arXiv preprint arXiv:1806.00663},
  year={2018}
}

@inproceedings{huang2017densely,
  title={Densely Connected Convolutional Networks.},
  author={Huang, Gao and Liu, Zhuang and Van Der Maaten, Laurens and Weinberger, Kilian Q},
  booktitle={CVPR},
  volume={1},
  number={2},
  pages={3},
  year={2017}
}

@inproceedings{kim2018interpretability,
  title={Interpretability beyond Feature Attribution: Quantitative Testing with Concept Activation Vectors (TCAV)},
  author={Kim, Been and Wattenberg, Martin and Gilmer, Justin and Cai, Carrie and Wexler, James and Viegas, Fernanda and others},
  booktitle={International Conference on Machine Learning},
  pages={2673--2682},
  year={2018}
}

@inproceedings{vedaldi2008quick,
  title={Quick shift and kernel methods for mode seeking},
  author={Vedaldi, Andrea and Soatto, Stefano},
  booktitle={European Conference on Computer Vision},
  pages={705--718},
  year={2008},
  organization={Springer}
}

@book{manning2008information,
 author = {Manning, Christopher D. and Raghavan, Prabhakar and Sch\"{u}tze, Hinrich},
 title = {Introduction to Information Retrieval},
 year = {2008},
 isbn = {0521865719, 9780521865715},
 publisher = {Cambridge University Press},
 address = {New York, NY, USA},
} 

@article{theodoridis2008pattern,
  title={Pattern recognition},
  author={Theodoridis, Sergios and Koutroumbas, Konstantinos and others},
  journal={IEEE Transactions on Neural Networks},
  volume={19},
  number={2},
  pages={376},
  year={2008},
  publisher={IEEE INSTITUTE OF ELECTRICAL AND ELECTRONICS}
}


@article{lecun1998mnist,
  title={The MNIST database of handwritten digits},
  author={LeCun, Yann},
  journal={http://yann.lecun.com/exdb/mnist/},
  year={1998}
}


@article{kipf2016semi,
  title={Semi-supervised classification with graph convolutional networks},
  author={Kipf, Thomas N and Welling, Max},
  journal={arXiv preprint arXiv:1609.02907},
  year={2016}
}

@article{sen2008collective,
  title={Collective classification in network data},
  author={Sen, Prithviraj and Namata, Galileo and Bilgic, Mustafa and Getoor, Lise and Galligher, Brian and Eliassi-Rad, Tina},
  journal={AI magazine},
  volume={29},
  number={3},
  pages={93--93},
  year={2008}
}

@article{pearlmutter1994fast,
  title={Fast exact multiplication by the Hessian},
  author={Pearlmutter, Barak A},
  journal={Neural computation},
  volume={6},
  number={1},
  pages={147--160},
  year={1994},
  publisher={MIT Press}
}

@article{agarwal2017second,
  title={Second-order stochastic optimization for machine learning in linear time},
  author={Agarwal, Naman and Bullins, Brian and Hazan, Elad},
  journal={The Journal of Machine Learning Research},
  volume={18},
  number={1},
  pages={4148--4187},
  year={2017},
  publisher={JMLR. org}
}

@inproceedings{wu2018beyond,
  title={Beyond sparsity: Tree regularization of deep models for interpretability},
  author={Wu, Mike and Hughes, Michael C and Parbhoo, Sonali and Zazzi, Maurizio and Roth, Volker and Doshi-Velez, Finale},
  booktitle={Thirty-Second AAAI Conference on Artificial Intelligence},
  year={2018}
}

@article{battaglia2018relational,
  title={Relational inductive biases, deep learning, and graph networks},
  author={Battaglia, Peter W and Hamrick, Jessica B and Bapst, Victor and Sanchez-Gonzalez, Alvaro and Zambaldi, Vinicius and Malinowski, Mateusz and Tacchetti, Andrea and Raposo, David and Santoro, Adam and Faulkner, Ryan and others},
  journal={arXiv preprint arXiv:1806.01261},
  year={2018}
}

@article{kingma2013auto,
  title={Auto-encoding variational bayes},
  author={Kingma, Diederik P and Welling, Max},
  journal={arXiv preprint arXiv:1312.6114},
  year={2013}
}

@inproceedings{goodfellow2014generative,
  title={Generative adversarial nets},
  author={Goodfellow, Ian and Pouget-Abadie, Jean and Mirza, Mehdi and Xu, Bing and Warde-Farley, David and Ozair, Sherjil and Courville, Aaron and Bengio, Yoshua},
  booktitle={Advances in neural information processing systems},
  pages={2672--2680},
  year={2014}
}


@inproceedings{szegedy2016rethinking,
  title={Rethinking the inception architecture for computer vision},
  author={Szegedy, Christian and Vanhoucke, Vincent and Ioffe, Sergey and Shlens, Jon and Wojna, Zbigniew},
  booktitle={Proceedings of the IEEE conference on computer vision and pattern recognition},
  pages={2818--2826},
  year={2016}
}

@article{singla2019understanding,
  title={Understanding Impacts of High-Order Loss Approximations and Features in Deep Learning Interpretation},
  author={Singla, Sahil and Wallace, Eric and Feng, Shi and Feizi, Soheil},
  journal={arXiv preprint arXiv:1902.00407},
  year={2019}
}

@article{fan2015innovated,
  title={Innovated interaction screening for high-dimensional nonlinear classification},
  author={Fan, Yingying and Kong, Yinfei and Li, Daoji and Zheng, Zemin and others},
  journal={The Annals of Statistics},
  volume={43},
  number={3},
  pages={1243--1272},
  year={2015},
  publisher={Institute of Mathematical Statistics}
}

@inproceedings{cheng2016wide,
  title={Wide \& deep learning for recommender systems},
  author={Cheng, Heng-Tze and Koc, Levent and Harmsen, Jeremiah and Shaked, Tal and Chandra, Tushar and Aradhye, Hrishi and Anderson, Glen and Corrado, Greg and Chai, Wei and Ispir, Mustafa and others},
  booktitle={Proceedings of the 1st workshop on deep learning for recommender systems},
  pages={7--10},
  year={2016},
  organization={ACM}
}

@inproceedings{guo2017deepfm,
  title={DeepFM: a factorization-machine based neural network for CTR prediction},
  author={Guo, Huifeng and Tang, Ruiming and Ye, Yunming and Li, Zhenguo and He, Xiuqiang},
  booktitle={Proceedings of the 26th International Joint Conference on Artificial Intelligence},
  pages={1725--1731},
  year={2017},
  organization={AAAI Press}
}

@inproceedings{wang2017deep,
  title={Deep \& cross network for ad click predictions},
  author={Wang, Ruoxi and Fu, Bin and Fu, Gang and Wang, Mingliang},
  booktitle={Proceedings of the ADKDD'17},
  pages={12},
  year={2017},
  organization={ACM}
}

@inproceedings{lian2018xdeepfm,
  title={xdeepfm: Combining explicit and implicit feature interactions for recommender systems},
  author={Lian, Jianxun and Zhou, Xiaohuan and Zhang, Fuzheng and Chen, Zhongxia and Xie, Xing and Sun, Guangzhong},
  booktitle={Proceedings of the 24th ACM SIGKDD International Conference on Knowledge Discovery \& Data Mining},
  pages={1754--1763},
  year={2018},
  organization={ACM}
}

@article{song2018autoint,
  title={AutoInt: Automatic Feature Interaction Learning via Self-Attentive Neural Networks},
  author={Song, Weiping and Shi, Chence and Xiao, Zhiping and Duan, Zhijian and Xu, Yewen and Zhang, Ming and Tang, Jian},
  journal={arXiv preprint arXiv:1810.11921},
  year={2018}
}

@article{duchi2011adaptive,
  title={Adaptive subgradient methods for online learning and stochastic optimization},
  author={Duchi, John and Hazan, Elad and Singer, Yoram},
  journal={Journal of Machine Learning Research},
  volume={12},
  number={Jul},
  pages={2121--2159},
  year={2011}
}

@article{staiger1989cacgtg,
  title={A CACGTG motif of the Antirrhinum majus chalcone synthase promoter is recognized by an evolutionarily conserved nuclear protein},
  author={Staiger, Dorothee and Kaulen, Hildegard and Schell, Jeff},
  journal={Proceedings of the National Academy of Sciences},
  volume={86},
  number={18},
  pages={6930--6934},
  year={1989},
  publisher={National Acad Sciences}
}

@inproceedings{min2014interpretable,
  title={Interpretable sparse high-order boltzmann machines},
  author={Min, Martin Renqiang and Ning, Xia and Cheng, Chao and Gerstein, Mark},
  booktitle={Artificial Intelligence and Statistics},
  pages={614--622},
  year={2014}
}

@article{fisher2018model,
  title={Model class reliance: Variable importance measures for any machine learning model class, from the “Rashomon” perspective},
  author={Fisher, Aaron and Rudin, Cynthia and Dominici, Francesca},
  journal={arXiv preprint arXiv:1801.01489},
  year={2018}
}


@article{chapelle2015simple,
  title={Simple and scalable response prediction for display advertising},
  author={Chapelle, Olivier and Manavoglu, Eren and Rosales, Romer},
  journal={ACM Transactions on Intelligent Systems and Technology (TIST)},
  volume={5},
  number={4},
  pages={61},
  year={2015},
  publisher={ACM}
}

@inproceedings{rosales2012post,
  title={Post-click conversion modeling and analysis for non-guaranteed delivery display advertising},
  author={Rosales, R{\'o}mer and Cheng, Haibin and Manavoglu, Eren},
  booktitle={Proceedings of the fifth ACM international conference on Web search and data mining},
  pages={293--302},
  year={2012},
  organization={ACM}
}

@article{vijaymeena2016survey,
  title={A survey on similarity measures in text mining},
  author={Vijaymeena, MK and Kavitha, K},
  journal={Machine Learning and Applications: An International Journal},
  volume={3},
  number={2},
  pages={19--28},
  year={2016}
}

@inproceedings{yuanfei2019autocross,
  author    = {Yuanfei Luo and
               Mengshuo Wang and
               Hao Zhou and
               Quanming Yao and
               Wei{-}Wei Tu and
               Yuqiang Chen and
               Wenyuan Dai and
               Qiang Yang},
  title     = {AutoCross: Automatic Feature Crossing for Tabular Data in Real-World
               Applications},
  booktitle = {Proceedings of the 25th {ACM} {SIGKDD} International Conference on
               Knowledge Discovery {\&} Data Mining},

  year      = {2019},
  timestamp = {Wed, 07 Aug 2019 09:45:56 +0200},
  biburl    = {https://dblp.org/rec/bib/conf/kdd/LuoWZYTCDY19},
  bibsource = {dblp computer science bibliography, https://dblp.org}
}

@inproceedings{tsang2017comparing,
  title={Comparing models for gesture recognition of children's bullying behaviors},
  author={Tsang, Michael and Korolik, Vadim and Scherer, Stefan and Matari{\'c}, Maja},
  booktitle={2017 Seventh International Conference on Affective Computing and Intelligent Interaction (ACII)},
  pages={138--145},
  year={2017},
  organization={IEEE}
}

@article{ai2003interaction,
  title={Interaction terms in logit and probit models},
  author={Ai, Chunrong and Norton, Edward C},
  journal={Economics letters},
  volume={80},
  number={1},
  pages={123--129},
  year={2003},
  publisher={Elsevier}
}

@article{karaca2012interaction,
  title={Interaction terms in nonlinear models},
  author={Karaca-Mandic, Pinar and Norton, Edward C and Dowd, Bryan},
  journal={Health services research},
  volume={47},
  number={1pt1},
  pages={255--274},
  year={2012},
  publisher={Wiley Online Library}
}

@article{gevrey2006two,
  title={Two-way interaction of input variables in the sensitivity analysis of neural network models},
  author={Gevrey, Muriel and Dimopoulos, Ioannis and Lek, Sovan},
  journal={Ecological modelling},
  volume={195},
  number={1-2},
  pages={43--50},
  year={2006},
  publisher={Elsevier}
}

@book{dean2015handbook,
  title={Handbook of design and analysis of experiments},
  author={Dean, Angela and Morris, Max and Stufken, John and Bingham, Derek},
  volume={7},
  year={2015},
  publisher={CRC Press}
}

@article{yates1964sir,
  title={Sir Ronald Fisher and the design of experiments},
  author={Yates, Frank},
  journal={Biometrics},
  volume={20},
  number={2},
  pages={307--321},
  year={1964},
  publisher={JSTOR}
}

@article{fisher1926048,
  title={048: The Arrangement of Field Experiments.},
  author={Fisher, Ronald Aylmer and others},
  year={1926}
}

@article{fisher1921probable,
  title={On the'probable error'of a coefficient of correlation deduced from a small sample},
  author={Fisher, Ronald A},
  journal={Metron},
  volume={1},
  pages={1--32},
  year={1921}
}

@article{tukey1949one,
  title={One degree of freedom for non-additivity},
  author={Tukey, John W},
  journal={Biometrics},
  volume={5},
  number={3},
  pages={232--242},
  year={1949},
  publisher={JSTOR}
}

@article{wilk1955randomization,
  title={The randomization analysis of a generalized randomized block design},
  author={Wilk, Martin B},
  journal={Biometrika},
  volume={42},
  number={1/2},
  pages={70--79},
  year={1955},
  publisher={JSTOR}
}

@article{nelder1977reformulation,
  title={A reformulation of linear models},
  author={Nelder, JA},
  journal={Journal of the Royal Statistical Society: Series A (General)},
  volume={140},
  number={1},
  pages={48--63},
  year={1977},
  publisher={Wiley Online Library}
}

@article{hamada1992analysis,
  title={Analysis of designed experiments with complex aliasing},
  author={Hamada, Michael and Wu, CF Jeff},
  journal={Journal of Quality Technology},
  volume={24},
  number={3},
  pages={130--137},
  year={1992},
  publisher={Taylor \& Francis}
}

@article{hao2014interaction,
  title={Interaction screening for ultrahigh-dimensional data},
  author={Hao, Ning and Zhang, Hao Helen},
  journal={Journal of the American Statistical Association},
  volume={109},
  number={507},
  pages={1285--1301},
  year={2014},
  publisher={Taylor \& Francis}
}

@article{galton1886regression,
  title={Regression towards mediocrity in hereditary stature.},
  author={Galton, Francis},
  journal={The Journal of the Anthropological Institute of Great Britain and Ireland},
  volume={15},
  pages={246--263},
  year={1886},
  publisher={JSTOR}
}

@book{breiman1984classification,
  title={Classification and regression trees},
  author={Breiman, Leo and Friedman, Jerome and Stone, Charles J and Olshen, Richard A},
  year={1984},
  publisher={CRC press}
}

@article{kass1975significance,
  title={Significance testing in automatic interaction detection (AID)},
  author={Kass, Gordon V},
  journal={Journal of the Royal Statistical Society: Series C (Applied Statistics)},
  volume={24},
  number={2},
  pages={178--189},
  year={1975},
  publisher={Wiley Online Library}
}

@article{belson1959matching,
  title={Matching and prediction on the principle of biological classification},
  author={Belson, William A},
  journal={Journal of the Royal Statistical Society: Series C (Applied Statistics)},
  volume={8},
  number={2},
  pages={65--75},
  year={1959},
  publisher={Wiley Online Library}
}

@article{morgan1963problems,
  title={Problems in the analysis of survey data, and a proposal},
  author={Morgan, James N and Sonquist, John A},
  journal={Journal of the American statistical association},
  volume={58},
  number={302},
  pages={415--434},
  year={1963},
  publisher={Taylor \& Francis Group}
}

@article{kass1980exploratory,
  title={An exploratory technique for investigating large quantities of categorical data},
  author={Kass, Gordon V},
  journal={Journal of the Royal Statistical Society: Series C (Applied Statistics)},
  volume={29},
  number={2},
  pages={119--127},
  year={1980},
  publisher={Wiley Online Library}
}

@article{breiman2001random,
  title={Random forests},
  author={Breiman, Leo},
  journal={Machine learning},
  volume={45},
  number={1},
  pages={5--32},
  year={2001},
  publisher={Springer}
}

@article{pearson1901liii,
  title={LIII. On lines and planes of closest fit to systems of points in space},
  author={Pearson, Karl},
  journal={The London, Edinburgh, and Dublin Philosophical Magazine and Journal of Science},
  volume={2},
  number={11},
  pages={559--572},
  year={1901},
  publisher={Taylor \& Francis}
}

@incollection{jolliffe1986principal,
  title={Principal components in regression analysis},
  author={Jolliffe, Ian T},
  booktitle={Principal component analysis},
  pages={129--155},
  year={1986},
  publisher={Springer}
}

@inproceedings{
tsang2020feature,
title={Feature Interaction Interpretability: A Case for Explaining Ad-Recommendation Systems via Neural Interaction Detection},
author={Michael Tsang and Dehua Cheng and Hanpeng Liu and Xue Feng and Eric Zhou and Yan Liu},
booktitle={International Conference on Learning Representations},
year={2020}
}

@inproceedings{chen2018learning,
  title={Learning to Explain: An Information-Theoretic Perspective on Model Interpretation},
  author={Chen, Jianbo and Song, Le and Wainwright, Martin and Jordan, Michael},
  booktitle={International Conference on Machine Learning},
  pages={883--892},
  year={2018}
}

@inproceedings{ancona2018towards,
  title={Towards better understanding of gradient-based attribution methods for Deep Neural Networks},
  author={Ancona, Marco and Ceolini, Enea and Oztireli, Cengiz and Gross, Markus},
  booktitle={6th International Conference on Learning Representations},
  year={2018}
}

@inproceedings{selvaraju2017grad,
  title={Grad-cam: Visual explanations from deep networks via gradient-based localization},
  author={Selvaraju, Ramprasaath R and Cogswell, Michael and Das, Abhishek and Vedantam, Ramakrishna and Parikh, Devi and Batra, Dhruv},
  booktitle={Proceedings of the IEEE international conference on computer vision},
  pages={618--626},
  year={2017}
}

@inproceedings{binder2016layer,
  title={Layer-wise relevance propagation for neural networks with local renormalization layers},
  author={Binder, Alexander and Montavon, Gr{\'e}goire and Lapuschkin, Sebastian and M{\"u}ller, Klaus-Robert and Samek, Wojciech},
  booktitle={International Conference on Artificial Neural Networks},
  pages={63--71},
  year={2016},
  organization={Springer}
}

@article{janizek2020explaining,
  title={Explaining Explanations: Axiomatic Feature Interactions for Deep Networks},
  author={Janizek, Joseph D and Sturmfels, Pascal and Lee, Su-In},
  journal={arXiv preprint arXiv:2002.04138},
  year={2020}
}

@article{tsang2018can,
  title={Can I trust you more? Model-agnostic hierarchical explanations},
  author={Tsang, Michael and Sun, Youbang and Ren, Dongxu and Liu, Yan},
  journal={arXiv preprint arXiv:1812.04801},
  year={2018}
}

@article{dhamdhere2019shapley,
  title={The Shapley Taylor Interaction Index},
  author={Dhamdhere, Kedar and Agarwal, Ashish and Sundararajan, Mukund},
  journal={arXiv preprint arXiv:1902.05622},
  year={2019}
}

@article{jin2019towards,
  title={Towards Hierarchical Importance Attribution: Explaining Compositional Semantics for Neural Sequence Models},
  author={Jin, Xisen and Du, Junyi and Wei, Zhongyu and Xue, Xiangyang and Ren, Xiang},
  journal={arXiv preprint arXiv:1911.06194},
  year={2019}
}

@inproceedings{lin2014microsoft,
  title={Microsoft coco: Common objects in context},
  author={Lin, Tsung-Yi and Maire, Michael and Belongie, Serge and Hays, James and Perona, Pietro and Ramanan, Deva and Doll{\'a}r, Piotr and Zitnick, C Lawrence},
  booktitle={European conference on computer vision},
  pages={740--755},
  year={2014},
  organization={Springer}
}

@inproceedings{devlin2019bert,
  title={BERT: Pre-training of Deep Bidirectional Transformers for Language Understanding},
  author={Devlin, Jacob and Chang, Ming-Wei and Lee, Kenton and Toutanova, Kristina},
  booktitle={Proceedings of the 2019 Conference of the North American Chapter of the Association for Computational Linguistics: Human Language Technologies, Volume 1 (Long and Short Papers)},
  pages={4171--4186},
  year={2019}
}

@article{Wolf2019HuggingFacesTS,
  title={HuggingFace's Transformers: State-of-the-art Natural Language Processing},
  author={Thomas Wolf and Lysandre Debut and Victor Sanh and Julien Chaumond and Clement Delangue and Anthony Moi and Pierric Cistac and Tim Rault and R'emi Louf and Morgan Funtowicz and Jamie Brew},
  journal={ArXiv},
  year={2019},
  volume={abs/1910.03771}
}

@article{wang2020covid,
  title={COVID-Net: A tailored deep convolutional neural network design for detection of COVID-19 cases from chest radiography images},
  author={Wang, Linda and Wong, Alexander},
  journal={arXiv preprint arXiv:2003.09871},
  year={2020}
}

@article{cohen2020covid,
  title={COVID-19 image data collection},
  author={Joseph Paul Cohen and Paul Morrison and Lan Dao},
  journal={arXiv 2003.11597},
  url={https://github.com/ieee8023/covid-chestxray-dataset},
  year={2020}
}

@article{chowdhury2020can,
  title={Can AI help in screening viral and COVID-19 pneumonia?},
  author={Chowdhury, Muhammad EH and Rahman, Tawsifur and Khandakar, Amith and Mazhar, Rashid and Kadir, Muhammad Abdul and Mahbub, Zaid Bin and Islam, Khandakar R and Khan, Muhammad Salman and Iqbal, Atif and Al-Emadi, Nasser and others},
  journal={arXiv preprint arXiv:2003.13145},
  year={2020}
}

@article{grabisch1999axiomatic,
  title={An axiomatic approach to the concept of interaction among players in cooperative games},
  author={Grabisch, Michel and Roubens, Marc},
  journal={International Journal of game theory},
  volume={28},
  number={4},
  pages={547--565},
  year={1999},
  publisher={Springer}
}

@inproceedings{imagenet_cvpr09,
        AUTHOR = {Deng, J. and Dong, W. and Socher, R. and Li, L.-J. and Li, K. and Fei-Fei, L.},
        TITLE = {{ImageNet: A Large-Scale Hierarchical Image Database}},
        BOOKTITLE = {CVPR09},
        YEAR = {2009},
        BIBSOURCE = "http://www.image-net.org/papers/imagenet_cvpr09.bib"}
        
@article{li2016understanding,
  title={Understanding neural networks through representation erasure},
  author={Li, Jiwei and Monroe, Will and Jurafsky, Dan},
  journal={arXiv preprint arXiv:1612.08220},
  year={2016}
}

@article{miller2019explanation,
  title={Explanation in artificial intelligence: Insights from the social sciences},
  author={Miller, Tim},
  journal={Artificial Intelligence},
  volume={267},
  pages={1--38},
  year={2019},
  publisher={Elsevier}
}

@book{jaccard2003interaction,
  title={Interaction effects in multiple regression},
  author={Jaccard, James and Turrisi, Robert and Jaccard, Jim},
  number={72},
  year={2003},
  publisher={Sage}
}

@book{aiken1991multiple,
  title={Multiple regression: Testing and interpreting interactions},
  author={Aiken, Leona S and West, Stephen G and Reno, Raymond R},
  year={1991},
  publisher={Sage}
}

@article{sanh2019distilbert,
  title={DistilBERT, a distilled version of BERT: smaller, faster, cheaper and lighter},
  author={Sanh, Victor and Debut, Lysandre and Chaumond, Julien and Wolf, Thomas},
  journal={arXiv preprint arXiv:1910.01108},
  year={2019}
}

@article{hilton1990conversational,
  title={Conversational processes and causal explanation.},
  author={Hilton, Denis J},
  journal={Psychological Bulletin},
  volume={107},
  number={1},
  pages={65},
  year={1990},
  publisher={American Psychological Association}
}

@article{lipton1990contrastive,
  title={Contrastive explanation},
  author={Lipton, Peter},
  journal={Royal Institute of Philosophy Supplement},
  volume={27},
  pages={247--266},
  year={1990}
}

@article{hilton1986knowledge,
  title={Knowledge-based causal attribution: The abnormal conditions focus model.},
  author={Hilton, Denis J and Slugoski, Ben R},
  journal={Psychological review},
  volume={93},
  number={1},
  pages={75},
  year={1986},
  publisher={American Psychological Association}
}



@article{hesslow1988problem,
  title={The problem of causal selection},
  author={Hesslow, Germund},
  journal={Contemporary science and natural explanation: Commonsense conceptions of causality},
  pages={11--32},
  year={1988}
}

@book{mackie1974cement,
  title={The cement of the universe: A study of causation},
  author={Mackie, John Leslie},
  year={1974},
  publisher={Oxford: Clarendon Press}
}

@article{lombrozo2012explanation,
  title={Explanation and abductive inference.},
  author={Lombrozo, Tania},
  year={2012},
  publisher={Oxford University Press}
}

@article{hilton1996mental,
  title={Mental models and causal explanation: Judgements of probable cause and explanatory relevance},
  author={Hilton, Denis J},
  journal={Thinking \& Reasoning},
  volume={2},
  number={4},
  pages={273--308},
  year={1996},
  publisher={Taylor \& Francis}
}

@book{hankinson2001cause,
  title={Cause and explanation in ancient Greek thought},
  author={Hankinson, Robert James},
  year={2001},
  publisher={Oxford University Press}
}

@book{dennett1989intentional,
  title={The intentional stance},
  author={Dennett, Daniel Clement},
  year={1989},
  publisher={MIT press}
}

@article{marr1982vision,
  title={Vision: A computational investigation into the human representation and processing of visual information, henry holt and co},
  author={Marr, David},
  journal={Inc., New York, NY},
  volume={2},
  number={4.2},
  year={1982}
}

@article{marr1976understanding,
  title={From understanding computation to understanding neural circuitry},
  author={Marr, David and Poggio, Tomaso},
  year={1976}
}

@techreport{kass1987types,
  title={Types of Explanations.},
  author={Kass, Alex and Leake, David},
  year={1987},
  institution={Yale Univ New Haven CT Dept of Computer Science}
}

@article{rehder2003causal,
  title={A causal-model theory of conceptual representation and categorization.},
  author={Rehder, Bob},
  journal={Journal of Experimental Psychology: Learning, Memory, and Cognition},
  volume={29},
  number={6},
  pages={1141},
  year={2003},
  publisher={American Psychological Association}
}

@article{rehder2006similarity,
  title={When similarity and causality compete in category-based property generalization},
  author={Rehder, Bob},
  journal={Memory \& Cognition},
  volume={34},
  number={1},
  pages={3--16},
  year={2006},
  publisher={Springer}
}

@article{mcclure1998goals,
  title={Are goals or preconditions better explanations? It depends on the question},
  author={McClure, John and Hilton, Denis J},
  journal={European Journal of Social Psychology},
  volume={28},
  number={6},
  pages={897--911},
  year={1998},
  publisher={Wiley Online Library}
}

@article{mcclure2003implicit,
  title={Implicit and Explicit Processes in Social Judgments and Decisions: The Role of Goal-Based Explanations},
  author={McClure, John L and Sutton, Robbie M and Hilton, Denis J},
  year={2003},
  publisher={Cambridge University Press}
}

@inproceedings{samland2014social,
  title={Do Social Norms Influence Causal Inferences?},
  author={Samland, Jana and Waldmann, Michael R},
  booktitle={Proceedings of the Annual Meeting of the Cognitive Science Society},
  volume={36},
  number={36},
  year={2014}
}

@incollection{denis2005course,
  editor = {David R. Mandel and Denis J. Hilton and Patrizia Catellani},
  year = {2005},
  publisher = {Routledge},
  title = {The Course of Events: Counterfactuals, Causal Sequences and Explanation},
  booktitle = {The Psychology of Counterfactual Thinking},
  author = {J. Hilton Denis and L. McClure John and R. Slugoski Ben}
}

@article{lombrozo2010causal,
  title={Causal--explanatory pluralism: How intentions, functions, and mechanisms influence causal ascriptions},
  author={Lombrozo, Tania},
  journal={Cognitive Psychology},
  volume={61},
  number={4},
  pages={303--332},
  year={2010},
  publisher={Elsevier}
}

@article{woodward2006sensitive,
  title={Sensitive and insensitive causation},
  author={Woodward, James},
  journal={The Philosophical Review},
  volume={115},
  number={1},
  pages={1--50},
  year={2006},
  publisher={JSTOR}
}

@incollection{grice1975logic,
  title={Logic and conversation},
  author={Grice, Herbert P},
  booktitle={Speech acts},
  pages={41--58},
  year={1975},
  publisher={Brill}
}

@article{thagard1989explanatory,
  title={Explanatory coherence},
  author={Thagard, Paul},
  journal={Behavioral and brain sciences},
  volume={12},
  number={3},
  pages={435--502},
  year={1989}
}

@techreport{ranney1988explanatory,
  title={Explanatory coherence and belief revision in naive physics},
  author={Ranney, Michael and Thagard, Paul},
  year={1988},
  institution={Pittsburgh Univ PA Learning Research and Development Center}
}

@article{read1993explanatory,
  title={Explanatory coherence in social explanations: A parallel distributed processing account.},
  author={Read, Stephen J and Marcus-Newhall, Amy},
  journal={Journal of Personality and Social Psychology},
  volume={65},
  number={3},
  pages={429},
  year={1993},
  publisher={American Psychological Association}
}

@inproceedings{kulesza2015principles,
  title={Principles of explanatory debugging to personalize interactive machine learning},
  author={Kulesza, Todd and Burnett, Margaret and Wong, Weng-Keen and Stumpf, Simone},
  booktitle={Proceedings of the 20th international conference on intelligent user interfaces},
  pages={126--137},
  year={2015}
}

@inproceedings{kulesza2013too,
  title={Too much, too little, or just right? Ways explanations impact end users' mental models},
  author={Kulesza, Todd and Stumpf, Simone and Burnett, Margaret and Yang, Sherry and Kwan, Irwin and Wong, Weng-Keen},
  booktitle={2013 IEEE Symposium on Visual Languages and Human Centric Computing},
  pages={3--10},
  year={2013},
  organization={IEEE}
}

@inproceedings{vasilyeva2015goals,
  title={Goals Affect the Perceived Quality of Explanations.},
  author={Vasilyeva, Nadya and Wilkenfeld, Daniel A and Lombrozo, Tania},
  booktitle={CogSci},
  year={2015}
}

@inproceedings{lakkaraju2016interpretable,
  title={Interpretable decision sets: A joint framework for description and prediction},
  author={Lakkaraju, Himabindu and Bach, Stephen H and Leskovec, Jure},
  booktitle={Proceedings of the 22nd ACM SIGKDD international conference on knowledge discovery and data mining},
  pages={1675--1684},
  year={2016}
}

@article{gupta2019explain,
  title={Explain Your Move: Understanding Agent Actions Using Focused Feature Saliency},
  author={Gupta, Piyush and Puri, Nikaash and Verma, Sukriti and Singh, Sameer and Kayastha, Dhruv and Deshmukh, Shripad and Krishnamurthy, Balaji},
  journal={arXiv preprint arXiv:1912.12191},
  year={2019}
}

@article{tsang2020archipelago,
  title={How does this interaction affect me? Interpretable attribution for feature interactions},
  author={Tsang, Michael and Rambhatla, Sirisha and Liu, Yan},
  journal={arXiv preprint arXiv:2006.10965},
  year={2020}
}

@inproceedings{biran2017explanation,
  title={Explanation and justification in machine learning: A survey},
  author={Biran, Or and Cotton, Courtenay},
  booktitle={IJCAI-17 workshop on explainable AI (XAI)},
  volume={8},
  number={1},
  pages={8--13},
  year={2017}
}


@inproceedings{ribeiro2017lime,
  title={“Why Should I Trust You?” Explaining the Predictions of Any Classifier},
  author={Marco Tulio Ribeiro and Sameer Singh and Carlos Guestrin},
  booktitle={Proceedings of the 22nd ACM SIGKDD International Conference on Knowledge Discovery and Data Mining},
  pages={1135--1144},
  year={2016},
  organization={ACM}
}



@inproceedings{cui2020bayesGEH,
  title={Learning Global Pairwise Interactions with Bayesian Neural Networks},
  author={Tianyu Cui and Pekka Marttinen and Samuel Kaski},
  booktitle={24th European Conference on Artificial Intelligence},
  year={2020},
  organization={ECAI}
}

@article{greenside2018dnaDFIM,
    author = {Greenside, Peyton and Shimko, Tyler and Fordyce, Polly and Kundaje, Anshul},
    title = "{Discovering epistatic feature interactions from neural network models of regulatory DNA sequences}",
    journal = {Bioinformatics},
    volume = {34},
    number = {17},
    pages = {i629-i637},
    year = {2018},
    month = {09},
    issn = {1367-4803},
    doi = {10.1093/bioinformatics/bty575},
    url = {https://doi.org/10.1093/bioinformatics/bty575},
    eprint = {https://academic.oup.com/bioinformatics/article-pdf/34/17/i629/25702257/bty575.pdf},
}



@inproceedings{sanch2020evalGNN,
  title={Evaluating Attribution for Graph Neural Networks},
  author={Benjamin Sanchez-Lengeling and Jennifer Wei and Brian Lee and Emily Reif and Peter Y. Wang and Wesley Wei Qian and Kevin McCloskey and Lucy Colwell and Alexander Wiltschko},
  booktitle={Advances in Neural Information Processing Systems 33},
  year={2020},
  month = {12},
  organization={NeurIPS}
}


@inproceedings{adebayo2018saliencysanity,
 author = {Adebayo, Julius and Gilmer, Justin and Muelly, Michael and Goodfellow, Ian and Hardt, Moritz and Kim, Been},
 booktitle = {Advances in Neural Information Processing Systems},
 editor = {S. Bengio and H. Wallach and H. Larochelle and K. Grauman and N. Cesa-Bianchi and R. Garnett},
 pages = {},
 publisher = {Curran Associates, Inc.},
 title = {Sanity Checks for Saliency Maps},
 url = {https://proceedings.neurips.cc/paper/2018/file/294a8ed24b1ad22ec2e7efea049b8737-Paper.pdf},
 volume = {31},
 year = {2018}
}





@book{molnar2019,
  title      = {Interpretable Machine Learning},
  author     = {Christoph Molnar},
  note       = {\url{https://christophm.github.io/interpretable-ml-book/}},
  year       = {2019},
  subtitle   = {A Guide for Making Black Box Models Explainable}
}



















%FEATURE INTERACITON SELECTION


@misc{belkin2019reconciling,
      title={Reconciling modern machine learning practice and the bias-variance trade-off}, 
      author={Mikhail Belkin and Daniel Hsu and Siyuan Ma and Soumik Mandal},
      year={2019},
      eprint={1812.11118},
      archivePrefix={arXiv}
}

@article{rudin2019stopExplaining,
    title={Stop explaining black box machine learning models for high stakes decisions and use interpretable models instead},
    author={Cynthia Rudin},
    journal={Nature Machine Intelligence},
    volume={1},
    number={5},
    pages={206--215},
    year={2019},
    doi = {10.1038/s42256-019-0048-x}
}

@article{2013bikeSharing,
year={2013},
issn={2192-6352},
journal={Progress in Artificial Intelligence},
doi={10.1007/s13748-013-0040-3},
title={Event labeling combining ensemble detectors and background knowledge},
publisher={Springer Berlin Heidelberg},
keywords={Event labeling; Event detection; Ensemble learning; Background knowledge},
author={Fanaee-T, Hadi and Gama, Joao},
pages={1--15}
}

@article{1997caliHousing,
title = {Sparse spatial autoregressions},
journal = {Statistics \& Probability Letters},
volume = {33},
number = {3},
pages = {291--297},
year = {1997},
issn = {0167-7152},
doi = {https://doi.org/10.1016/S0167-7152(96)00140-X},
url = {https://www.sciencedirect.com/science/article/pii/S016771529600140X},
author = {R. {Kelley Pace} and Ronald Barry},
keywords = {Spatial autoregression, SAR, Sparse matrices},
abstract = {Given local spatial error dependence, one can construct sparse spatial weight matrices. As an illustration of the power of such sparse structures, we computed a simultaneous autoregression using 20 640 observations in under 19 min despite needing to compute a 20 640 by 20 640 determinant 10 times.}
}


@article{2016mimicIII,
    title={MIMIC-III, a freely accessible critical care database},
    author={Alistair E.W. Johnson and Tom J. Pollard and Lu Shen and Li-wei H. Lehman and Mengling Feng and Mohammad Ghassemi and Benjamin Moody and Peter Szolovits and Leo Anthony Celi and Roger G. Mark},
    journal={ Scientific Data},
    volume={3},
    number={160035},
    year={2016},
    doi = {10.1038/sdata.2016.35}
}


@article{1997sofa,
    title={The SOFA (Sepsis-related Organ Failure Assessment) score to describe organ dysfunction/failure},
    
    author={J. -L. Vincent and R. Moreno and J. Takala and S. Willatts and A. De Mendonça and H. Bruining and C. K. Reinhart and P. M. Suter and L. G. Thijs},
    journal={ Intensive Care Med.},
    volume={22},
    number={7},
    pages = {707-710},
    year={1997},
    doi = {10.1007/BF01709751},
    pmid = {8254858}
}


@article{1993sapsII,
    title={A new Simplified Acute Physiology Score (SAPS II) based on a European/North American multicenter study},
    author = {Jean-Roger {Le Gall} and Stanley Lemeshow and Fabienne Saulnier},
    journal={ JAMA},
    volume={270},
    number={24},
    year={1993},
    doi = {10.1001/jama.270.24.2957},
    pmid = {8844239}
}



@article{1995asthmaPneumonia,
    title={The use of misclassification costs to learn rule-based decision support models for cost-effective hospital admission strategies},
    author = {R Ambrosino and B G Buchanan and G F Cooper and M J Fine},
    journal={ Proc Annu Symp Comput Appl Med Care},
    volume={304},
    number={8},
    year={1995},
    pmid = {8563290}
}



@article{deepmind2021alphafold2,
    title={Highly accurate protein structure prediction with AlphaFold},
    author = {John Jumper and Richard Evans and Demis Hassabis and et al},
    journal={Nature},
    volume={596},
    year={2021},
    doi = {10.1038/s41586-021-03819-2}
}
 





@article{Vaswani2017transformer,
  author    = {Ashish Vaswani and et al.},
  title     = {Attention Is All You Need},
  journal   = {CoRR},
  volume    = {abs/1706.03762},
  year      = {2017},
  url       = {http://arxiv.org/abs/1706.03762},
  eprinttype = {arXiv},
  eprint    = {1706.03762}
}

@misc{he2015resnet,
      title={Deep Residual Learning for Image Recognition}, 
      author={Kaiming He and Xiangyu Zhang and Shaoqing Ren and Jian Sun},
      year={2015},
      eprint={1512.03385},
      archivePrefix={arXiv},
      primaryClass={cs.CV}
}


@article{deepmind2017alphaZero,
    title={Mastering the game of Go without human knowledge},
    author = {David Silver and et al.},
    journal={Nature},
    volume={550},
    pages={354--359},
    year={2017},
    doi = {10.1038/nature24270}
}



@article{nori2019interpretml,
  title={InterpretML: A Unified Framework for Machine Learning Interpretability},
  author={Nori, Harsha and Jenkins, Samuel and Koch, Paul and Caruana, Rich},
  journal={arXiv preprint arXiv:1909.09223},
  year={2019}
}
@inproceedings{chen2016xgb,
 author = {Chen, Tianqi and Guestrin, Carlos},
 title = {{XGBoost}: A Scalable Tree Boosting System},
 booktitle = {Proceedings of the 22nd ACM SIGKDD International Conference on Knowledge Discovery and Data Mining},
 series = {KDD '16},
 year = {2016},
 isbn = {978-1-4503-4232-2},
 location = {San Francisco, California, USA},
 pages = {785--794},
 numpages = {10},
 url = {http://doi.acm.org/10.1145/2939672.2939785},
 doi = {10.1145/2939672.2939785},
 acmid = {2939785},
 publisher = {ACM},
 address = {New York, NY, USA},
 keywords = {large-scale machine learning},
}


@article{agarwal2020nam,
  author    = {Rishabh Agarwal and
               Nicholas Frosst and
               Xuezhou Zhang and
               Rich Caruana and
               Geoffrey E. Hinton},
  title     = {Neural Additive Models: Interpretable Machine Learning with Neural
               Nets},
  journal   = {CoRR},
  volume    = {abs/2004.13912},
  year      = {2020},
  url       = {https://arxiv.org/abs/2004.13912},
  eprinttype = {arXiv},
  eprint    = {2004.13912},
  timestamp = {Sat, 02 May 2020 19:17:26 +0200},
  biburl    = {https://dblp.org/rec/journals/corr/abs-2004-13912.bib},
  bibsource = {dblp computer science bibliography, https://dblp.org}
}
@misc{wang2021partially,
      title={Partially Interpretable Estimators (PIE): Black-Box-Refined Interpretable Machine Learning}, 
      author={Tong Wang and Jingyi Yang and Yunyi Li and Boxiang Wang},
      year={2021},
      eprint={2105.02410},
      archivePrefix={arXiv},
      primaryClass={cs.LG}
}


@inproceedings{wahba1994ssanova,
  title={Smoothing Spline ANOVA for Exponential
 Families},
  author={Wahba, Grace and Wang, Yuedong and Gu, Chong and Kleins, Ronald and Kle, Barbara},
  year={1994},
   booktitle = {The Annals of Statistics},
   url = {https://www.jstor.org/stable/2242776},
  
}

@article{meier2009hdam,
author = {Lukas Meier and Sara van de Geer and Peter Bühlmann},
title = {{High-dimensional additive modeling}},
volume = {37},
journal = {The Annals of Statistics},
number = {6B},
publisher = {Institute of Mathematical Statistics},
pages = {3779 -- 3821},
keywords = {group lasso, Model selection, Nonparametric regression, Oracle inequality, penalized likelihood, Sparsity},
year = {2009},
doi = {10.1214/09-AOS692},
URL = {https://doi.org/10.1214/09-AOS692}
}

@article{ravikumar2009spam,
 ISSN = {13697412, 14679868},
 URL = {http://www.jstor.org/stable/40541567},
 author = {Pradeep Ravikumar and John Lafferty and Han Liu and Larry Wasserman},
 journal = {Journal of the Royal Statistical Society. Series B (Statistical Methodology)},
 number = {5},
 pages = {1009--1030},
 publisher = {[Royal Statistical Society, Wiley]},
 title = {Sparse Additive Models},
 volume = {71},
 year = {2009}
}


@article{cortez2009wineQualityDataset,
author = {Cortez, Paulo and Cerdeira, António and Almeida, Fernando and Matos, Telmo and Reis, José},
year = {2009},
month = {11},
pages = {547-553},
title = {Modeling wine preferences by data mining from physicochemical properties},
volume = {47},
journal = {Decision Support Systems},
doi = {10.1016/j.dss.2009.05.016}
}

@article{candanedo2017appliancesEnergyDataset,
title = {Data driven prediction models of energy use of appliances in a low-energy house},
author = {Candanedo, Luis M. and Feldheim, Véronique and Deramaix, Dominique},
journal = {Energy and Buildings},
volume = {140},
pages = {81-97},
year = {2017},
issn = {0378-7788},
doi = {https://doi.org/10.1016/j.enbuild.2017.01.083},
}

@book{roberts2022principles,
  title={The Principles of Deep Learning Theory: An Effective Theory Approach to Understanding Neural Networks},
  author={Roberts, D.A. and Yaida, S. and Hanin, B.},
  isbn={9781316519332},
  url={https://books.google.com/books?id=SiSwzgEACAAJ},
  year={2022},
  publisher={Cambridge University Press}
}


@misc{belkin2019reconciling,
      title={Reconciling modern machine learning practice and the bias-variance trade-off}, 
      author={Mikhail Belkin and Daniel Hsu and Siyuan Ma and Soumik Mandal},
      year={2019},
      eprint={1812.11118},
      archivePrefix={arXiv},
      primaryClass={stat.ML}
}

@article{belkin2021prism,
title={Fit without fear: remarkable mathematical phenomena of deep learning through the prism of interpolation}, volume={30}, DOI={10.1017/S0962492921000039}, journal={Acta Numerica}, publisher={Cambridge University Press}, author={Belkin, Mikhail}, year={2021}, pages={203–248}}

@article{zhang2021rethinkingGeneralization,
author = {Zhang, Chiyuan and Bengio, Samy and Hardt, Moritz and Recht, Benjamin and Vinyals, Oriol},
title = {Understanding Deep Learning (Still) Requires Rethinking Generalization},
year = {2021},
issue_date = {March 2021},
publisher = {Association for Computing Machinery},
address = {New York, NY, USA},
volume = {64},
number = {3},
issn = {0001-0782},
url = {https://doi.org/10.1145/3446776},
doi = {10.1145/3446776},
journal = {Commun. ACM},
month = {feb},
pages = {107–115},
numpages = {9}
}



@misc{rae2022deepmindScaling,
      title={Scaling Language Models: Methods, Analysis & Insights from Training Gopher}, 
      author={Jack W. Rae and Sebastian Borgeaud and Trevor Cai and Katie Millican and Jordan Hoffmann and Francis Song and John Aslanides and Sarah Henderson and Roman Ring and Susannah Young and Eliza Rutherford and Tom Hennigan and Jacob Menick and Albin Cassirer and Richard Powell and George van den Driessche and Lisa Anne Hendricks and Maribeth Rauh and Po-Sen Huang and Amelia Glaese and Johannes Welbl and Sumanth Dathathri and Saffron Huang and Jonathan Uesato and John Mellor and Irina Higgins and Antonia Creswell and Nat McAleese and Amy Wu and Erich Elsen and Siddhant Jayakumar and Elena Buchatskaya and David Budden and Esme Sutherland and Karen Simonyan and Michela Paganini and Laurent Sifre and Lena Martens and Xiang Lorraine Li and Adhiguna Kuncoro and Aida Nematzadeh and Elena Gribovskaya and Domenic Donato and Angeliki Lazaridou and Arthur Mensch and Jean-Baptiste Lespiau and Maria Tsimpoukelli and Nikolai Grigorev and Doug Fritz and Thibault Sottiaux and Mantas Pajarskas and Toby Pohlen and Zhitao Gong and Daniel Toyama and Cyprien de Masson d'Autume and Yujia Li and Tayfun Terzi and Vladimir Mikulik and Igor Babuschkin and Aidan Clark and Diego de Las Casas and Aurelia Guy and Chris Jones and James Bradbury and Matthew Johnson and Blake Hechtman and Laura Weidinger and Iason Gabriel and William Isaac and Ed Lockhart and Simon Osindero and Laura Rimell and Chris Dyer and Oriol Vinyals and Kareem Ayoub and Jeff Stanway and Lorrayne Bennett and Demis Hassabis and Koray Kavukcuoglu and Geoffrey Irving},
      year={2022},
      eprint={2112.11446},
      archivePrefix={arXiv},
      primaryClass={cs.CL}
}


@misc{du2021googleGlam,
      title={GLaM: Efficient Scaling of Language Models with Mixture-of-Experts}, 
      author={Nan Du and Yanping Huang and Andrew M. Dai and Simon Tong and Dmitry Lepikhin and Yuanzhong Xu and Maxim Krikun and Yanqi Zhou and Adams Wei Yu and Orhan Firat and Barret Zoph and Liam Fedus and Maarten Bosma and Zongwei Zhou and Tao Wang and Yu Emma Wang and Kellie Webster and Marie Pellat and Kevin Robinson and Kathy Meier-Hellstern and Toju Duke and Lucas Dixon and Kun Zhang and Quoc V Le and Yonghui Wu and Zhifeng Chen and Claire Cui},
      year={2021},
      eprint={2112.06905},
      archivePrefix={arXiv},
      primaryClass={cs.CL}
}


@InProceedings{tan2019efficientNet,
  title =  {{E}fficient{N}et: Rethinking Model Scaling for Convolutional Neural Networks},
  author =       {Tan, Mingxing and Le, Quoc},
  booktitle =  {Proceedings of the 36th International Conference on Machine Learning},
  pages =  {6105--6114},
  year =  {2019},
  editor =  {Chaudhuri, Kamalika and Salakhutdinov, Ruslan},
  volume =  {97},
  series =  {Proceedings of Machine Learning Research},
  month = {09--15 Jun},
  publisher =  {PMLR},
  pdf =  {http://proceedings.mlr.press/v97/tan19a/tan19a.pdf},
  url = {https://proceedings.mlr.press/v97/tan19a.html},
}





@inproceedings{chang2022nodegam,
title={{NODE}-{GAM}: Neural Generalized Additive Model for Interpretable Deep Learning},
author={Chun-Hao Chang and Rich Caruana and Anna Goldenberg},
booktitle={International Conference on Learning Representations},
year={2022},
url={https://openreview.net/forum?id=g8NJR6fCCl8}
}


@InProceedings{kandasamy16salsa,
  title = {Additive Approximations in High Dimensional Nonparametric Regression via the SALSA},
  author = {Kandasamy, Kirthevasan and Yu, Yaoliang},
  booktitle = {Proceedings of The 33rd International Conference on Machine Learning},
  pages ={69--78},
  year = {2016},
  editor = {Balcan, Maria Florina and Weinberger, Kilian Q.},
  volume = {48},
  series = {Proceedings of Machine Learning Research},
  address = {New York, New York, USA},
  month = {20--22 Jun},
  publisher ={PMLR},
  pdf = {http://proceedings.mlr.press/v48/kandasamy16.pdf},
  url = {https://proceedings.mlr.press/v48/kandasamy16.html},
}

@misc{yang2020gamiNet,
  doi = {10.48550/ARXIV.2003.07132},
  url = {https://arxiv.org/abs/2003.07132},
  author = {Yang, Zebin and Zhang, Aijun and Sudjianto, Agus},
  keywords = {Machine Learning (stat.ML), Machine Learning (cs.LG), Computation (stat.CO), FOS: Computer and information sciences, FOS: Computer and information sciences},
  
  title = {{GAMI}-{N}et: An Explainable Neural Network based on Generalized Additive Models with Structured Interactions},
  
  publisher = {arXiv},
  
  year = {2020},
  
  copyright = {arXiv.org perpetual, non-exclusive license}
}

@misc{wang2021partiallyInterpretableEstimatorPIE,
  doi = {10.48550/ARXIV.2105.02410},
  url = {https://arxiv.org/abs/2105.02410},
  author = {Wang, Tong and Yang, Jingyi and Li, Yunyi and Wang, Boxiang},
  keywords = {Machine Learning (cs.LG), Artificial Intelligence (cs.AI), FOS: Computer and information sciences, FOS: Computer and information sciences},
  title = {Partially Interpretable Estimators (PIE): Black-Box-Refined Interpretable Machine Learning},
  
  publisher = {arXiv},
  
  year = {2021},
  
  copyright = {arXiv.org perpetual, non-exclusive license}
}


@misc{oneill2021regressionNetworks,
  doi = {10.48550/ARXIV.2107.14417},
  url = {https://arxiv.org/abs/2107.14417},
  author = {O'Neill, Lachlan and Angus, Simon and Borgohain, Satya and Chmait, Nader and Dowe, David L.},
  keywords = {Machine Learning (cs.LG), Artificial Intelligence (cs.AI), FOS: Computer and information sciences, FOS: Computer and information sciences},
  
  title = {Creating Powerful and Interpretable Models with Regression Networks},
  
  publisher = {arXiv},
  
  year = {2021},
  
  copyright = {arXiv.org perpetual, non-exclusive license}
}

@article{lin2006cosso,
 ISSN = {00905364},
 URL = {http://www.jstor.org/stable/25463508},
 author = {Yi Lin and Hao Helen Zhang},
 journal = {The Annals of Statistics},
 number = {5},
 pages = {2272--2297},
 publisher = {Institute of Mathematical Statistics},
 title = {Component Selection and Smoothing in Multivariate Nonparametric Regression},
 urldate = {2022-05-16},
 volume = {34},
 year = {2006}
}








@InProceedings{tyagi2016spam2,
  title = {Learning Sparse Additive Models with Interactions in High Dimensions},
  author = {Tyagi, Hemant and Kyrillidis, Anastasios and Gärtner, Bernd and Krause, Andreas},
  booktitle = {Proceedings of the 19th International Conference on Artificial Intelligence and Statistics},
  pages = {111--120},
  year = {2016},
  editor = {Gretton, Arthur and Robert, Christian C.},
  volume = {51},
  series = {Proceedings of Machine Learning Research},
  address = {Cadiz, Spain},
  month = {09--11 May},
  publisher ={PMLR},
  pdf = {http://proceedings.mlr.press/v51/tyagi16.pdf},
  url = {https://proceedings.mlr.press/v51/tyagi16.html},
}


@InProceedings{liu2020ssam,
  title = {Sparse Shrunk Additive Models},
  author =   {Liu, Guodong and Chen, Hong and Huang, Heng},
  booktitle = {Proceedings of the 37th International Conference on Machine Learning},
  pages = {6194--6204},
  year = {2020},
  editor = {III, Hal Daumé and Singh, Aarti},
  volume = {119},
  series = {Proceedings of Machine Learning Research},
  month = {13--18 Jul},
  publisher ={PMLR},
  pdf = {http://proceedings.mlr.press/v119/liu20b/liu20b.pdf},
  url = {https://proceedings.mlr.press/v119/liu20b.html},
}

@incollection{lundberg2017shapleySHAP,
title = {A Unified Approach to Interpreting Model Predictions},
author = {Lundberg, Scott M and Lee, Su-In},
booktitle = {Advances in Neural Information Processing Systems 30},
editor = {I. Guyon and U. V. Luxburg and S. Bengio and H. Wallach and R. Fergus and S. Vishwanathan and R. Garnett},
pages = {4765--4774},
year = {2017},
publisher = {Curran Associates, Inc.},
url = {{http://papers.nips.cc/paper/7062-a-unified-approach-to-interpreting-model-predictions.pdf}}
}

@article{lundberg2020local2global,
  title={From local explanations to global understanding with explainable AI for trees},
  author={Lundberg, Scott M. and Erion, Gabriel and Chen, Hugh and DeGrave, Alex and Prutkin, Jordan M. and Nair, Bala and Katz, Ronit and Himmelfarb, Jonathan and Bansal, Nisha and Lee, Su-In},
  journal={Nature Machine Intelligence},
  volume={2},
  number={1},
  pages={2522-5839},
  year={2020},
  publisher={Nature Publishing Group}
}

@inproceedings{sundararajan2017integratedGradients,
  title={Axiomatic attribution for deep networks},
  author={Sundararajan, Mukund and Taly, Ankur and Yan, Qiqi},
  booktitle={Proceedings of the 34th International Conference on Machine Learning-Volume 70},
  pages={3319--3328},
  year={2017},
  organization={JMLR. org}
}

@article{peixoto1987hierarchicalPolynomials,
 ISSN = {00031305},
 URL = {http://www.jstor.org/stable/2684752},
 author = {Julio L. Peixoto},
 journal = {The American Statistician},
 number = {4},
 pages = {311--313},
 publisher = {[American Statistical Association, Taylor & Francis, Ltd.]},
 title = {Hierarchical Variable Selection in Polynomial Regression Models},
 urldate = {2022-05-16},
 volume = {41},
 year = {1987}
}

@article{Chipman1995BayesianVS,
  title={Bayesian variable selection with related predictors},
  author={Hugh A. Chipman},
  journal={Canadian Journal of Statistics-revue Canadienne De Statistique},
  year={1995},
  volume={24},
  pages={17-36}
}

@INPROCEEDINGS{BertinMahieux2011millionSongYearDataset,
  author = {Thierry Bertin-Mahieux and Daniel P.W. Ellis and Brian Whitman and Paul Lamere},
  title = {The Million Song Dataset},
  booktitle = {{Proceedings of the 12th International Conference on Music Information Retrieval ({ISMIR} 2011)}},
  year = {2011},
  owner = {thierry},
  timestamp = {2010.03.07}
}

@article{pierre2014exoticParticlesHiggsDataset,
author = {Baldi, Pierre and Sadowski, Peter and Whiteson, Daniel},
year = {2014},
month = {07},
pages = {4308},
title = {Searching for Exotic Particles in High-Energy Physics with Deep Learning},
volume = {5},
journal = {Nature communications},
doi = {10.1038/ncomms5308}
}

@misc{xu2022snam,
  doi = {10.48550/ARXIV.2202.12482},
  url = {https://arxiv.org/abs/2202.12482},
  author = {Xu, Shiyun and Bu, Zhiqi and Chaudhari, Pratik and Barnett, Ian J.},
  keywords = {Machine Learning (stat.ML), Machine Learning (cs.LG), Statistics Theory (math.ST), FOS: Computer and information sciences, FOS: Computer and information sciences, FOS: Mathematics, FOS: Mathematics},
  title = {Sparse Neural Additive Model: Interpretable Deep Learning with Feature Selection via Group Sparsity},
  publisher = {arXiv},
  year = {2022},
  copyright = {arXiv.org perpetual, non-exclusive license}
}



@InProceedings{stobbe2012sparseFourierSet,
  title = {Learning Fourier Sparse Set Functions},
  author = {Stobbe, Peter and Krause, Andreas},
  booktitle = {Proceedings of the Fifteenth International Conference on Artificial Intelligence and Statistics},
  pages = {1125--1133},
  year = {2012},
  editor = {Lawrence, Neil D. and Girolami, Mark},
  volume = {22},
  series = {Proceedings of Machine Learning Research},
  address = {La Palma, Canary Islands},
  month = {21--23 Apr},
  publisher =  {PMLR},
  pdf = {http://proceedings.mlr.press/v22/stobbe12/stobbe12.pdf},
  url = {https://proceedings.mlr.press/v22/stobbe12.html},
}

@article{raskhodnikova2012pseudoBooleanKDNF,
author = {Raskhodnikova, Sofya and Yaroslavtsev, Grigory},
year = {2012},
month = {08},
pages = {},
title = {Learning Pseudo-Boolean k -DNF and Submodular Functions},
journal = {Proceedings of the Annual ACM-SIAM Symposium on Discrete Algorithms},
doi = {10.1137/1.9781611973105.98}
}


@book{odonnel2014booleanFunctionBook,
  title={Analysis of Boolean Functions},
  author={O'Donnell, R.},
  isbn={9781107038325},
  lccn={2013050033},
  url={https://books.google.com/books?id=5xlvAwAAQBAJ},
  year={2014},
  publisher={Cambridge University Press}
}

@misc{spiro2016booleanFunctions,
author = {Spiro, Sam},
year = {2016},
title = {Fourier Analysis of Boolean Functions},
url = {http://math.uchicago.edu/~may/REU2016/REUPapers/Spiro.pdf},
}

@inproceedings{donnel2008someTopicsBooleanFunctions,
author = {O'Donnell, Ryan},
title = {Some Topics in Analysis of Boolean Functions},
year = {2008},
isbn = {9781605580470},
publisher = {Association for Computing Machinery},
address = {New York, NY, USA},
url = {https://doi.org/10.1145/1374376.1374458},
doi = {10.1145/1374376.1374458},
booktitle = {Proceedings of the Fortieth Annual ACM Symposium on Theory of Computing},
pages = {569–578},
numpages = {10},
keywords = {analysis of boolean functions, fourier analysis},
location = {Victoria, British Columbia, Canada},
series = {STOC '08}
}


@inproceedings{abdul2020cognitiveCogam,
author = {Abdul, Ashraf and von der Weth, Christian and Kankanhalli, Mohan and Lim, Brian Y.},
title = {COGAM: Measuring and Moderating Cognitive Load in Machine Learning Model Explanations},
year = {2020},
isbn = {9781450367080},
publisher = {Association for Computing Machinery},
address = {New York, NY, USA},
url = {https://doi.org/10.1145/3313831.3376615},
doi = {10.1145/3313831.3376615},
booktitle = {Proceedings of the 2020 CHI Conference on Human Factors in Computing Systems},
pages = {1–14},
numpages = {14},
keywords = {cognitive load, explainable artificial intelligence, explanations, generalized additive models, visual explanations},
location = {Honolulu, HI, USA},
series = {CHI '20}
}


@inproceedings{chang2021howInterpAndTrustGAMs,
author = {Chang, Chun-Hao and Tan, Sarah and Lengerich, Ben and Goldenberg, Anna and Caruana, Rich},
title = {How Interpretable and Trustworthy Are GAMs?},
year = {2021},
isbn = {9781450383325},
publisher = {Association for Computing Machinery},
address = {New York, NY, USA},
url = {https://doi.org/10.1145/3447548.3467453},
doi = {10.1145/3447548.3467453},
booktitle = {Proceedings of the 27th ACM SIGKDD Conference on Knowledge Discovery \& Data Mining},
pages = {95–105},
numpages = {11},
location = {Virtual Event, Singapore},
series = {KDD '21}
}


@misc{lundberg2020treeSHAP,
  doi = {10.1038/s42256-019-0138-9},
  author = {Lundberg, Scott M. and Erion, Gabriel and Chen, Hugh and DeGrave, Alex and Prutkin, Jordan M. and Nair, Bala and Katz, Ronit and Himmelfarb, Jonathan and Bansal, Nisha and Lee, Su-In},

  title = {From local explanations to global understanding with explainable AI for trees},
  
  journal = {Nature Machine Intelligence},
  year = {2020},
  
}
























































































@article{rabe2021selfAttnDoesntNeedN2memory,
      title={Self-attention Does Not Need $O(n^2)$ Memory}, 
      author={Markus N. Rabe and Charles Staats},
      year={2022},
      eprint={2112.05682},
      archivePrefix={arXiv},
}
@inproceedings{dao2022FlashAttn,
    author = {Dao, Tri and Fu, Dan and Ermon, Stefano and Rudra, Atri and R\'{e}, Christopher},
    booktitle = {Advances in Neural Information Processing Systems},
    pages = {16344--16359},
    title = {FlashAttention: Fast and Memory-Efficient Exact Attention with IO-Awareness},
    volume = {35},
    year = {2022}
}
@article{dao2023FlashAttn2,
      title={FlashAttention-2: Faster Attention with Better Parallelism and Work Partitioning}, 
      author={Tri Dao},
      year={2023},
      eprint={2307.08691},
      archivePrefix={arXiv},
}


@article{liu2023LitM,
      title={Lost in the Middle: How Language Models Use Long Contexts}, 
      author={Nelson F. Liu and Kevin Lin and John Hewitt and Ashwin Paranjape and Michele Bevilacqua and Fabio Petroni and Percy Liang},
      year={2023},
      eprint={2307.03172},
      archivePrefix={arXiv},
}
@inproceedings{izacard2021FiD,
    title = "Leveraging Passage Retrieval with Generative Models for Open Domain Question Answering",
    author = "Izacard, Gautier  and
      Grave, Edouard",
    booktitle = "Proceedings of the 16th Conference of the European Chapter of the Association for Computational Linguistics: Main Volume",
    year = "2021",
    publisher = "Association for Computational Linguistics",
    url = "https://aclanthology.org/2021.eacl-main.74",
    pages = "874--880",
}
@inproceedings{izacard2021distillingFiD,
    title={Distilling Knowledge from Reader to Retriever for Question Answering},
    author={Gautier Izacard and Edouard Grave},
    booktitle={International Conference on Learning Representations},
    year={2021},
    url={https://openreview.net/forum?id=NTEz-6wysdb}
}



@misc{miao2023specinferTokenTreeVerification,
      title={SpecInfer: Accelerating Generative Large Language Model Serving with Speculative Inference and Token Tree Verification}, 
      author={Xupeng Miao and Gabriele Oliaro and Zhihao Zhang and Xinhao Cheng and Zeyu Wang and Rae Ying Yee Wong and Alan Zhu and Lijie Yang and Xiaoxiang Shi and Chunan Shi and Zhuoming Chen and Daiyaan Arfeen and Reyna Abhyankar and Zhihao Jia},
      year={2023},
      eprint={2305.09781},
      archivePrefix={arXiv},
      primaryClass={cs.CL}
}
@inproceedings{leviathan2023speculativeDecoding,
    title={Fast Inference from Transformers via Speculative Decoding},
    author={Yaniv Leviathan and Matan Kalman and Yossi Matias},
    booktitle={International Conference on Machine Learning},
    year={2023},
    url={https://openreview.net/forum?id=C9NEblP8vS},
}






%NLP Interpretability
@inproceedings{chen2020virginiaHierarchicalExplanations,
    title = "Generating Hierarchical Explanations on Text Classification via Feature Interaction Detection",
    author = "Chen, Hanjie  and Zheng, Guangtao  and
      Ji, Yangfeng",
    booktitle = "Proceedings of the 58th Annual Meeting of the Association for Computational Linguistics",
    month = jul,
    year = "2020",
    address = "Online",
    publisher = "Association for Computational Linguistics",
    url = "https://aclanthology.org/2020.acl-main.494",
    doi = "10.18653/v1/2020.acl-main.494",
    pages = "5578--5593",
}
@inproceedings{jacovi2021contrastiveFoilEmbeddings,
    title = "Contrastive Explanations for Model Interpretability",
    author = "Jacovi, Alon  and
      Swayamdipta, Swabha  and
      Ravfogel, Shauli  and
      Elazar, Yanai  and
      Choi, Yejin  and
      Goldberg, Yoav",
    booktitle = "Proceedings of the 2021 Conference on Empirical Methods in Natural Language Processing",
    month = nov,
    year = "2021",
    address = "Online and Punta Cana, Dominican Republic",
    publisher = "Association for Computational Linguistics",
    url = "https://aclanthology.org/2021.emnlp-main.120",
    doi = "10.18653/v1/2021.emnlp-main.120",
    pages = "1597--1611",
}
@inproceedings{zini2022adversarialRobustInterp,
    title = "Beyond Model Interpretability: On the Faithfulness and Adversarial Robustness of Contrastive Textual Explanations",
    author = "El Zini, Julia  and
      Awad, Mariette",
    booktitle = "Findings of the Association for Computational Linguistics: EMNLP 2022",
    month = dec,
    year = "2022",
    address = "Abu Dhabi, United Arab Emirates",
    publisher = "Association for Computational Linguistics",
    url = "https://aclanthology.org/2022.findings-emnlp.100",
    doi = "10.18653/v1/2022.findings-emnlp.100",
    pages = "1391--1402",
}
@inproceedings{yin2022LMwithContrastiveExplanations,
    title = "Interpreting Language Models with Contrastive Explanations",
    author = "Yin, Kayo  and
      Neubig, Graham",
    booktitle = "Proceedings of the 2022 Conference on Empirical Methods in Natural Language Processing",
    year = "2022",
    address = "Abu Dhabi, United Arab Emirates",
    publisher = "Association for Computational Linguistics",
    url = "https://aclanthology.org/2022.emnlp-main.14",
    doi = "10.18653/v1/2022.emnlp-main.14",
    pages = "184--198",
}
@inproceedings{jin2020samplingAndOcclusion,
    title={Towards Hierarchical Importance Attribution: Explaining Compositional Semantics for Neural Sequence Models},

    author={Xisen Jin and Zhongyu Wei and Junyi Du and Xiangyang Xue and Xiang Ren},
    booktitle={International Conference on Learning Representations},
    year={2020},
    url={https://openreview.net/forum?id=BkxRRkSKwr}
}
@inproceedings{sinha2021perturbingFragileInterpretations,
    title = "Perturbing Inputs for Fragile Interpretations in Deep Natural Language Processing",
    author = "Sinha, Sanchit  and
      Chen, Hanjie  and
      Sekhon, Arshdeep  and
      Ji, Yangfeng  and
      Qi, Yanjun",
    booktitle = "Proceedings of the Fourth BlackboxNLP Workshop on Analyzing and Interpreting Neural Networks for NLP",
    month = nov,
    year = "2021",
    address = "Punta Cana, Dominican Republic",
    publisher = "Association for Computational Linguistics",
    url = "https://aclanthology.org/2021.blackboxnlp-1.33",
    doi = "10.18653/v1/2021.blackboxnlp-1.33",
    pages = "420--434",
}








@article{lundberg2018treeShapInteractions,
  title={Consistent Individualized Feature Attribution for Tree Ensembles},
  author={Lundberg, Scott M and Erion, Gabriel G and Lee, Su-In},
  journal={arXiv preprint arXiv:1802.03888},
  year={2018}
}
@article{janizek2021integratedHessians,
  author  = {Joseph D. Janizek and Pascal Sturmfels and Su-In Lee},
  title   = {Explaining Explanations: Axiomatic Feature Interactions for Deep Networks},
  journal = {Journal of Machine Learning Research},
  year    = {2021},
  volume  = {22},
  number  = {104},
  pages   = {1--54},
  url     = {http://jmlr.org/papers/v22/20-1223.html}
}

@InProceedings{sundararajan2020shapleyTaylorInteractionIndex,
  title = 	 {The Shapley Taylor Interaction Index},
  author =       {Sundararajan, Mukund and Dhamdhere, Kedar and Agarwal, Ashish},
  booktitle = 	 {Proceedings of the 37th International Conference on Machine Learning},
  pages = 	 {9259--9268},
  year = 	 {2020},
  editor = 	 {III, Hal Daumé and Singh, Aarti},
  volume = 	 {119},
  series = 	 {Proceedings of Machine Learning Research},
  month = 	 {13--18 Jul},
  publisher =    {PMLR},
  pdf = 	 {http://proceedings.mlr.press/v119/sundararajan20a/sundararajan20a.pdf},
  url = 	 {https://proceedings.mlr.press/v119/sundararajan20a.html},
}


@article{grabisch1999originalShapleyInteractionIndex,
    author = {Michel Grabisch and Marc Roubens},
    title = {An axiomatic approach to the concept of interaction among players in cooperative games},
    journal =  {International Journal of Game Theory},
    year = {1999},
    url = {https://doi.org/10.1007/s001820050125},
    doi = {10.1007/s001820050125},
}
@inproceedings{
    chen2018_LandC_shapley,
    title={L-Shapley and C-Shapley: Efficient Model Interpretation for Structured Data},
    author={Jianbo Chen and Le Song and Martin J. Wainwright and Michael I. Jordan},
    booktitle={International Conference on Learning Representations},
    year={2019},
    url={https://openreview.net/forum?id=S1E3Ko09F7},
}





%%%Long Documents
@inproceedings{wu2022memorizingTransformer,
    title={Memorizing Transformers},
    author={Yuhuai Wu and Markus Norman Rabe and DeLesley Hutchins and Christian Szegedy},
    booktitle={International Conference on Learning Representations},
    year={2022},
    url={https://openreview.net/forum?id=TrjbxzRcnf-}
}
@article{ding2023longnet,
      title={LongNet: Scaling Transformers to 1,000,000,000 Tokens}, 
      author={Jiayu Ding and Shuming Ma and Li Dong and Xingxing Zhang and Shaohan Huang and Wenhui Wang and Nanning Zheng and Furu Wei},
      year={2023},
      eprint={2307.02486},
      archivePrefix={arXiv},
      primaryClass={cs.CL}
}
@inproceedings{bulatov2022recurrentMemoryTransformer,
    author = {Bulatov, Aydar and Kuratov, Yury and Burtsev, Mikhail},
    booktitle = {Advances in Neural Information Processing Systems},
    editor = {S. Koyejo and S. Mohamed and A. Agarwal and D. Belgrave and K. Cho and A. Oh},
    pages = {11079--11091},
    publisher = {Curran Associates, Inc.},
    title = {Recurrent Memory Transformer},
    url = {https://proceedings.neurips.cc/paper_files/paper/2022/file/47e288629a6996a17ce50b90a056a0e1-Paper-Conference.pdf},
    volume = {35},
    year = {2022}
}
@article{bulatov2023recurrentMemoryTransformer_1Mtokens,
      title={Scaling Transformer to 1M tokens and beyond with RMT}, 
      author={Aydar Bulatov and Yuri Kuratov and Mikhail S. Burtsev},
      year={2023},
      eprint={2304.11062},
      archivePrefix={arXiv},
      primaryClass={cs.CL}
}
@article{bertsch2023unlimiformer,
      title={Unlimiformer: Long-Range Transformers with Unlimited Length Input}, 
      author={Amanda Bertsch and Uri Alon and Graham Neubig and Matthew R. Gormley},
      year={2023},
      eprint={2305.01625},
      archivePrefix={arXiv},
      primaryClass={cs.CL}
}
@misc{beltagy2020longformer,
      title={Longformer: The Long-Document Transformer}, 
      author={Iz Beltagy and Matthew E. Peters and Arman Cohan},
      year={2020},
      eprint={2004.05150},
      archivePrefix={arXiv},
      primaryClass={cs.CL}
}




%%% Information Retrieval and Natural Questions
% Information Retrieval 
@article{
    izacard2022contriever,
    title={Unsupervised Dense Information Retrieval with Contrastive Learning},
    author={Gautier Izacard and Mathilde Caron and Lucas Hosseini and Sebastian Riedel and Piotr Bojanowski and Armand Joulin and Edouard Grave},
    journal={Transactions on Machine Learning Research},
    issn={2835-8856},
    year={2022},
    url={https://openreview.net/forum?id=jKN1pXi7b0},
}
@inproceedings{lee2019OpenDomainQuestionAnswering,
    title = "Latent Retrieval for Weakly Supervised Open Domain Question Answering",
    author = "Lee, Kenton  and
      Chang, Ming-Wei  and
      Toutanova, Kristina",
    booktitle = "Proceedings of the 57th Annual Meeting of the Association for Computational Linguistics",
    month = jul,
    year = "2019",
    address = "Florence, Italy",
    publisher = "Association for Computational Linguistics",
    url = "https://www.aclweb.org/anthology/P19-1612",
    doi = "10.18653/v1/P19-1612",
    pages = "6086--6096",
}
@misc{ma2021replicationOfDPR,
      title={A Replication Study of Dense Passage Retriever}, 
      author={Xueguang Ma and Kai Sun and Ronak Pradeep and Jimmy Lin},
      year={2021},
      eprint={2104.05740},
      archivePrefix={arXiv},
      primaryClass={cs.CL}
}
@inproceedings{karpukhin2020densePassageRetrieval,
    title = "Dense Passage Retrieval for Open-Domain Question Answering",
    author = "Karpukhin, Vladimir  and Oguz, Barlas  and Min, Sewon  and Lewis, Patrick  and Wu, Ledell  and Edunov, Sergey  and Chen, Danqi  and Yih, Wen-tau",
    booktitle = "Proceedings of the 2020 Conference on Empirical Methods in Natural Language Processing (EMNLP)",
    month = nov,
    year = "2020",
    address = "Online",
    publisher = "Association for Computational Linguistics",
    url = "https://aclanthology.org/2020.emnlp-main.550",
    doi = "10.18653/v1/2020.emnlp-main.550",
    pages = "6769--6781",
}
@article{formal2021spladeV2,
      title={SPLADE v2: Sparse Lexical and Expansion Model for Information Retrieval}, 
      author={Thibault Formal and Carlos Lassance and Benjamin Piwowarski and Stéphane Clinchant},
      year={2021},
      eprint={2109.10086},
      archivePrefix={arXiv},
      primaryClass={cs.IR}
}
@inproceedings{guu2020REALM,
    author = {Guu, Kelvin and Lee, Kenton and Tung, Zora and Pasupat, Panupong and Chang, Ming-Wei},
    title = {REALM: Retrieval-Augmented Language Model Pre-Training},
    year = {2020},
    publisher = {JMLR.org},
    booktitle = {Proceedings of the 37th International Conference on Machine Learning},
    articleno = {368},
    numpages = {10},
    series = {ICML'20}
}
@inproceedings{mao2021generationAugmentedRetrievalForODQA,
    title = "Generation-Augmented Retrieval for Open-Domain Question Answering",
    author = "Mao, Yuning  and He, Pengcheng  and
      Liu, Xiaodong  and Shen, Yelong  and Gao, Jianfeng  and Han, Jiawei  and Chen, Weizhu",
    booktitle = "Proceedings of the 59th Annual Meeting of the Association for Computational Linguistics and the 11th International Joint Conference on Natural Language Processing (Volume 1: Long Papers)",
    month = aug,
    year = "2021",
    address = "Online",
    publisher = "Association for Computational Linguistics",
    url = "https://aclanthology.org/2021.acl-long.316",
    doi = "10.18653/v1/2021.acl-long.316",
    pages = "4089--4100",
}


%Natural Questions
@article{kwiatkowski2019naturalQuestionsDataset,
    title = "Natural Questions: A Benchmark for Question Answering Research",
    author = "Kwiatkowski, Tom  and Palomaki, Jennimaria  and Redfield, Olivia  and Collins, Michael  and Parikh, Ankur  and Alberti, Chris  and Epstein, Danielle  and Polosukhin, Illia  and Devlin, Jacob  and Lee, Kenton  and Toutanova, Kristina  and Jones, Llion  and Kelcey, Matthew  and Chang, Ming-Wei  and Dai, Andrew M.  and Uszkoreit, Jakob  and Le, Quoc  and Petrov, Slav",
    journal = "Transactions of the Association for Computational Linguistics",
    volume = "7",
    year = "2019",
    address = "Cambridge, MA",
    publisher = "MIT Press",
    url = "https://aclanthology.org/Q19-1026",
    doi = "10.1162/tacl_a_00276",
    pages = "452--466",
}
@inproceedings{clark2018documentQA,
    title = "Simple and Effective Multi-Paragraph Reading Comprehension",
    author = "Clark, Christopher  and
      Gardner, Matt",
    booktitle = "Proceedings of the 56th Annual Meeting of the Association for Computational Linguistics (Volume 1: Long Papers)",
    month = jul,
    year = "2018",
    address = "Melbourne, Australia",
    publisher = "Association for Computational Linguistics",
    url = "https://aclanthology.org/P18-1078",
    doi = "10.18653/v1/P18-1078",
    pages = "845--855",
}
@inproceedings{parikh2016decomposableAttention,
    title = "A Decomposable Attention Model for Natural Language Inference",
    author = {Parikh, Ankur  and
      T{\"a}ckstr{\"o}m, Oscar  and
      Das, Dipanjan  and
      Uszkoreit, Jakob},
    booktitle = "Proceedings of the 2016 Conference on Empirical Methods in Natural Language Processing",
    month = nov,
    year = "2016",
    address = "Austin, Texas",
    publisher = "Association for Computational Linguistics",
    url = "https://aclanthology.org/D16-1244",
    doi = "10.18653/v1/D16-1244",
    pages = "2249--2255",
}
@inproceedings{chen2017documentReader,
    title = "Reading {W}ikipedia to Answer Open-Domain Questions",
    author = "Chen, Danqi  and
      Fisch, Adam  and
      Weston, Jason  and
      Bordes, Antoine",
    booktitle = "Proceedings of the 55th Annual Meeting of the Association for Computational Linguistics (Volume 1: Long Papers)",
    month = jul,
    year = "2017",
    address = "Vancouver, Canada",
    publisher = "Association for Computational Linguistics",
    url = "https://aclanthology.org/P17-1171",
    doi = "10.18653/v1/P17-1171",
    pages = "1870--1879",
}
@article{alberti2019bertBaslineForNQ1,
      title={A {BERT} Baseline for the Natural Questions}, 
      author={Chris Alberti and Kenton Lee and Michael Collins},
      year={2019},
      eprint={1901.08634},
      archivePrefix={arXiv},
      primaryClass={cs.CL}
}
@misc{chen2019bertBaslineForNQ2,
      title={Question Answering on Natural Questions},
      author={Yiling Chen and Rena Sha},
      year={2019},
      url={https://web.stanford.edu/class/archive/cs/cs224n/cs224n.1194/reports/custom/15791880.pdf},
}
@inproceedings{wang2020reflectionNet,
    title = "No Answer is Better Than Wrong Answer: A Reflection Model for Document Level Machine Reading Comprehension",
    author = "Wang, Xuguang  and
      Shou, Linjun  and
      Gong, Ming  and
      Duan, Nan  and
      Jiang, Daxin",
    booktitle = "Findings of the Association for Computational Linguistics: EMNLP 2020",
    month = nov,
    year = "2020",
    address = "Online",
    publisher = "Association for Computational Linguistics",
    url = "https://aclanthology.org/2020.findings-emnlp.370",
    doi = "10.18653/v1/2020.findings-emnlp.370",
    pages = "4141--4150",
}
@article{zhang2022poolingformer,
      title={Poolingformer: Long Document Modeling with Pooling Attention}, 
      author={Hang Zhang and Yeyun Gong and Yelong Shen and Weisheng Li and Jiancheng Lv and Nan Duan and Weizhu Chen},
      year={2022},
      eprint={2105.04371},
      archivePrefix={arXiv},
      primaryClass={cs.CL}
}


%Knowledge Graph based
@article{min2020_KGbasedRetrieval,
      title={Knowledge Guided Text Retrieval and Reading for Open Domain Question Answering}, 
      author={Sewon Min and Danqi Chen and Luke Zettlemoyer and Hannaneh Hajishirzi},
      year={2020},
      eprint={1911.03868},
      archivePrefix={arXiv},
      primaryClass={cs.CL}
}
@inproceedings{asai2020retrieveReasoningPaths,
    title={Learning to Retrieve Reasoning Paths over Wikipedia Graph for Question Answering},
    author={Akari Asai and Kazuma Hashimoto and Hannaneh Hajishirzi and Richard Socher and Caiming Xiong},
    booktitle={International Conference on Learning Representations},
    year={2020},
    url={https://openreview.net/forum?id=SJgVHkrYDH}
}
@inproceedings{yu2022kgFiD,
    title = "{KG}-{F}i{D}: Infusing Knowledge Graph in Fusion-in-Decoder for Open-Domain Question Answering",
    author = "Yu, Donghan  and
      Zhu, Chenguang  and
      Fang, Yuwei  and
      Yu, Wenhao  and
      Wang, Shuohang  and
      Xu, Yichong  and
      Ren, Xiang  and
      Yang, Yiming  and
      Zeng, Michael",
    booktitle = "Proceedings of the 60th Annual Meeting of the Association for Computational Linguistics (Volume 1: Long Papers)",
    month = may,
    year = "2022",
    address = "Dublin, Ireland",
    publisher = "Association for Computational Linguistics",
    url = "https://aclanthology.org/2022.acl-long.340",
    doi = "10.18653/v1/2022.acl-long.340",
    pages = "4961--4974",
}


%JSTOR old math
@inbook{shapley1953shapley,
    title = {A Value for n-Person Games},
    booktitle = {Contributions to the Theory of Games},
    volume = {2},
    author = {L. S. Shapley},
    publisher = {Princeton University Press},
    address = {Princeton},
    pages = {307--318},
    doi = {doi:10.1515/9781400881970-018},
    isbn = {9781400881970},
    year = {1953},
    lastchecked = {2023-09-20},
    url = {https://doi.org/10.1515/9781400881970-018},
}
@inbook{banzhaf1965banzhaf,
    title = {Weighted Voting Doesn't Work: A Mathematical Analysis},
    author = {John F. III Banzhaf},
    booktitle = {Rutgers Law Review},
    year = {1965},
    pages = {317--344},
    volume = {19},
publisher = {Rutgers School of Law–Newark},
}
@article{penrose1946banzhaf,
    title = {The Elementary Statistics of Majority Voting},
    author = {L. S. Penrose},
    year = {1946},
    booktitle = {Journal of the Royal Statistical Society},
    volume = {109},
    number = {1},
    pages = {53 -- 57},
    doi = {https://doi.org/10.2307/2981392},
}
@article{shapley1954shapleyShubik,
    title = {A Method for Evaluating the Distribution of Power in a Committee System},
    author = {L. S. Shapley and Martin Shubik},
    year = {1954},
    booktitle = {The American Political Science Review},
    volume = {48},
    number = {3},
}

@InProceedings{owen1977owenValue,
    author="Owen, Guilliermo",
    editor="Henn, Rudolf
    and Moeschlin, Otto",
    title="Values of Games with a Priori Unions",
    booktitle="Mathematical Economics and Game Theory",
    year="1977",
    publisher="Springer Berlin Heidelberg",
    address="Berlin, Heidelberg",
    pages="76--88",
    isbn="978-3-642-45494-3"
}
@incollection{winter2002shapleyValueChapter53,
    title = {Chapter 53 The shapley value},
    series = {Handbook of Game Theory with Economic Applications},
    publisher = {Elsevier},
    volume = {3},
    pages = {2025-2054},
    year = {2002},
    issn = {1574-0005},
    doi = {https://doi.org/10.1016/S1574-0005(02)03016-3},
    url = {https://www.sciencedirect.com/science/article/pii/S1574000502030163},
    author = {Eyal Winter},
}










@inproceedings{ross2021explainingWithMICE,
    title = "Explaining {NLP} Models via Minimal Contrastive Editing ({M}i{CE})",
    author = "Ross, Alexis  and
      Marasovi{\'c}, Ana  and
      Peters, Matthew",
    booktitle = "Findings of the Association for Computational Linguistics: ACL-IJCNLP 2021",
    month = aug,
    year = "2021",
    address = "Online",
    publisher = "Association for Computational Linguistics",
    url = "https://aclanthology.org/2021.findings-acl.336",
    doi = "10.18653/v1/2021.findings-acl.336",
    pages = "3840--3852",
}
@inproceedings{robeer2021counterfactualGANforNLP,
    title = "Generating Realistic Natural Language Counterfactuals",
    author = "Robeer, Marcel  and
      Bex, Floris  and
      Feelders, Ad",
    booktitle = "Findings of the Association for Computational Linguistics: EMNLP 2021",
    month = nov,
    year = "2021",
    address = "Punta Cana, Dominican Republic",
    publisher = "Association for Computational Linguistics",
    url = "https://aclanthology.org/2021.findings-emnlp.306",
    doi = "10.18653/v1/2021.findings-emnlp.306",
    pages = "3611--3625",
}
@misc{chemmengath2022letTheCAT,
      title={Let the CAT out of the bag: Contrastive Attributed explanations for Text}, 
      author={Saneem Chemmengath and Amar Prakash Azad and Ronny Luss and Amit Dhurandhar},
      year={2022},
      eprint={2109.07983},
      archivePrefix={arXiv},
      primaryClass={cs.CL}
}
@article{madaan2021generateYourCounterfactualsGYC,
    title={Generate Your Counterfactuals: Towards Controlled Counterfactual Generation for Text}, 
    author={Madaan, Nishtha and Padhi, Inkit and Panwar, Naveen and Saha, Diptikalyan},
    year={2021},
    month={May},
    
    volume={35},
    url={https://ojs.aaai.org/index.php/AAAI/article/view/17594},
    DOI={10.1609/aaai.v35i15.17594},
    number={15}, 
    journal={Proceedings of the AAAI Conference on Artificial Intelligence},
    pages={13516-13524},
}

@inproceedings{wu2021polyjuice,
    title = "Polyjuice: Generating Counterfactuals for Explaining, Evaluating, and Improving Models",
    author = "Wu, Tongshuang  and
      Ribeiro, Marco Tulio  and
      Heer, Jeffrey  and
      Weld, Daniel",
    booktitle = "Proceedings of the 59th Annual Meeting of the Association for Computational Linguistics and the 11th International Joint Conference on Natural Language Processing (Volume 1: Long Papers)",
    month = aug,
    year = "2021",
    address = "Online",
    publisher = "Association for Computational Linguistics",
    url = "https://aclanthology.org/2021.acl-long.523",
    doi = "10.18653/v1/2021.acl-long.523",
    pages = "6707--6723",
}
@inproceedings{filandrianos2023counterfactualsOfCounterfactuals,
    title = "Counterfactuals of Counterfactuals: a back-translation-inspired approach to analyse counterfactual editors",
    author = "Filandrianos, George  and
      Dervakos, Edmund  and
      Menis Mastromichalakis, Orfeas  and
      Zerva, Chrysoula  and
      Stamou, Giorgos",
    booktitle = "Findings of the Association for Computational Linguistics: ACL 2023",
    month = jul,
    year = "2023",
    address = "Toronto, Canada",
    publisher = "Association for Computational Linguistics",
    url = "https://aclanthology.org/2023.findings-acl.606",
    doi = "10.18653/v1/2023.findings-acl.606",
    pages = "9507--9525",
}
@misc{zhao2023explainabilityLLMsurvey,
      title={Explainability for Large Language Models: A Survey}, 
      author={Haiyan Zhao and Hanjie Chen and Fan Yang and Ninghao Liu and Huiqi Deng and Hengyi Cai and Shuaiqiang Wang and Dawei Yin and Mengnan Du},
      year={2023},
      eprint={2309.01029},
      archivePrefix={arXiv},
      primaryClass={cs.CL}
}
@misc{lyu2023towardsFaithfulExplainNLP,
      title={Towards Faithful Model Explanation in NLP: A Survey}, 
      author={Qing Lyu and Marianna Apidianaki and Chris Callison-Burch},
      year={2023},
      eprint={2209.11326},
      archivePrefix={arXiv},
      primaryClass={cs.CL}
}
@inproceedings{mosca2022shapForNLPInterpretability,
    title = "{SHAP}-Based Explanation Methods: A Review for {NLP} Interpretability",
    author = "Mosca, Edoardo  and      Szigeti, Ferenc  and
      Tragianni, Stella  and      Gallagher, Daniel  and
      Groh, Georg", 
    booktitle = "Proceedings of the 29th International Conference on Computational Linguistics",
    month = oct,
    year = "2022",
    address = "Gyeongju, Republic of Korea",
    publisher = "International Committee on Computational Linguistics",
    url = "https://aclanthology.org/2022.coling-1.406",
    pages = "4593--4603",
}





















%%% OTHER

@inproceedings{jain2019attentionNotExplanation,
    title = "{A}ttention is not {E}xplanation",
    author = "Jain, Sarthak  and
      Wallace, Byron C.",
    booktitle = "Proceedings of the 2019 Conference of the North {A}merican Chapter of the Association for Computational Linguistics: Human Language Technologies, Volume 1 (Long and Short Papers)",
    month = jun,
    year = "2019",
    address = "Minneapolis, Minnesota",
    publisher = "Association for Computational Linguistics",
    url = "https://aclanthology.org/N19-1357",
    doi = "10.18653/v1/N19-1357",
    pages = "3543--3556",
}
@inproceedings{julius2018sanityForSaliency,
     author = {Adebayo, Julius and Gilmer, Justin and Muelly, Michael and Goodfellow, Ian and Hardt, Moritz and Kim, Been},
     booktitle = {Advances in Neural Information Processing Systems},
     editor = {S. Bengio and H. Wallach and H. Larochelle and K. Grauman and N. Cesa-Bianchi and R. Garnett},
     pages = {},
     publisher = {Curran Associates, Inc.},
     title = {Sanity Checks for Saliency Maps},
     url = {https://proceedings.neurips.cc/paper_files/paper/2018/file/294a8ed24b1ad22ec2e7efea049b8737-Paper.pdf},
     volume = {31},
     year = {2018}
}
@article{ghorbani2019interpOfNNisFragile, 
    title={Interpretation of Neural Networks Is Fragile},
    author={Ghorbani, Amirata and Abid, Abubakar and Zou, volume={33}, url={https://ojs.aaai.org/index.php/AAAI/article/view/4252}, DOI={10.1609/aaai.v33i01.33013681}, 
    number={01}, journal={Proceedings of the AAAI Conference on Artificial Intelligence}, James},
    year={2019}, month={Jul.},
    pages={3681-3688} 
}
@inproceedings{wang2020gradientSaliencyOfNLPisManipulable,
    title = "Gradient-based Analysis of {NLP} Models is Manipulable",
    author = "Wang, Junlin  and
      Tuyls, Jens  and
      Wallace, Eric  and
      Singh, Sameer",
    booktitle = "Findings of the Association for Computational Linguistics: EMNLP 2020",
    month = nov,
    year = "2020",
    address = "Online",
    publisher = "Association for Computational Linguistics",
    url = "https://aclanthology.org/2020.findings-emnlp.24",
    doi = "10.18653/v1/2020.findings-emnlp.24",
    pages = "247--258",
}
@article{zhang2022miracl,
      title={Making a {MIRACL}: Multilingual Information Retrieval Across a Continuum of Languages}, 
      author={Xinyu Zhang and Nandan Thakur and Odunayo Ogundepo and Ehsan Kamalloo and David Alfonso-Hermelo and Xiaoguang Li and Qun Liu and Mehdi Rezagholizadeh and Jimmy Lin},
      year={2022},
      journal={arXiv:2210.09984},
}
@misc{chung2022scalingFLAN,
      title={Scaling Instruction-Finetuned Language Models}, 
      author={Hyung Won Chung and Le Hou and Shayne Longpre and Barret Zoph and Yi Tay and William Fedus and Yunxuan Li and Xuezhi Wang and Mostafa Dehghani and Siddhartha Brahma and Albert Webson and Shixiang Shane Gu and Zhuyun Dai and Mirac Suzgun and Xinyun Chen and Aakanksha Chowdhery and Alex Castro-Ros and Marie Pellat and Kevin Robinson and Dasha Valter and Sharan Narang and Gaurav Mishra and Adams Yu and Vincent Zhao and Yanping Huang and Andrew Dai and Hongkun Yu and Slav Petrov and Ed H. Chi and Jeff Dean and Jacob Devlin and Adam Roberts and Denny Zhou and Quoc V. Le and Jason Wei},
      year={2022},
      eprint={2210.11416},
      archivePrefix={arXiv},
      primaryClass={cs.LG}
}
@article{raffel2020textToTextT5,
      author  = {Colin Raffel and Noam Shazeer and Adam Roberts and Katherine Lee and Sharan Narang and Michael Matena and Yanqi Zhou and Wei Li and Peter J. Liu},
      title   = {Exploring the Limits of Transfer Learning with a Unified Text-to-Text Transformer},
      journal = {Journal of Machine Learning Research},
      year    = {2020},
      volume  = {21},
      number  = {140},
      pages   = {1--67},
      url     = {http://jmlr.org/papers/v21/20-074.html}
}
@misc{rudin2019stopExplainingUseInterpretableInstead,
      title={Stop Explaining Black Box Machine Learning Models for High Stakes Decisions and Use Interpretable Models Instead}, 
      author={Cynthia Rudin},
      year={2019},
      eprint={1811.10154},
      archivePrefix={arXiv},
      primaryClass={stat.ML}
}
@inproceedings{wei2022chainOfThoughtPrompting,
     author = {Wei, Jason and Wang, Xuezhi and Schuurmans, Dale and Bosma, Maarten and Ichter, Brian and Xia, Fei and Chi, Ed and Le, Quoc V and Zhou, Denny},
     booktitle = {Advances in Neural Information Processing Systems},
     editor = {S. Koyejo and S. Mohamed and A. Agarwal and D. Belgrave and K. Cho and A. Oh},
     pages = {24824--24837},
     publisher = {Curran Associates, Inc.},
     title = {Chain-of-Thought Prompting Elicits Reasoning in Large Language Models},
     url = {https://proceedings.neurips.cc/paper_files/paper/2022/file/9d5609613524ecf4f15af0f7b31abca4-Paper-Conference.pdf},
     volume = {35},
     year = {2022}
}

@ARTICLE{johnson2019faiss,
  author={Johnson, Jeff and Douze, Matthijs and Jégou, Hervé},
  journal={IEEE Transactions on Big Data}, 
  title={Billion-Scale Similarity Search with GPUs}, 
  year={2019},
  volume={7},
  number={3},
  pages={535-547},
  doi={10.1109/TBDATA.2019.2921572}}







@article{gpt3,
  title={Language models are few-shot learners},
  author={Brown, Tom and Mann, Benjamin and Ryder, Nick and Subbiah, Melanie and Kaplan, Jared D and Dhariwal, Prafulla and Neelakantan, Arvind and Shyam, Pranav and Sastry, Girish and Askell, Amanda and others},
  journal={Advances in neural information processing systems},
  volume={33},
  pages={1877--1901},
  year={2020}
}

@article{gpt4,
  added-at = {2023-07-01T22:03:32.000+0200},
  author = {OpenAI},
  biburl = {https://www.bibsonomy.org/bibtex/2b87062f1a9478148d2e5dd0006c9c455/tomvoelker},
  description = {This paper reports the development of GPT-4, a large-scale, multimodal model which can accept image and text inputs and produce text outputs. GPT-4 exhibits human-level performance on various professional and academic benchmarks, including passing a simulated bar exam with a score around the top 10% of test takers.},
  interhash = {241e35649065841f159e6105eb87b1d3},
  intrahash = {b87062f1a9478148d2e5dd0006c9c455},
  journal = {ArXiv},
  keywords = {machine-learning GPT-4 OpenAI AI deep-learning},
  timestamp = {2023-07-01T23:51:55.000+0200},
  title = {GPT-4 Technical Report},
  volume = {abs/2303.08774},
  year = 2023
}

@article{llama2,
  title={Llama 2: Open foundation and fine-tuned chat models},
  author={Touvron, Hugo and Martin, Louis and Stone, Kevin and Albert, Peter and Almahairi, Amjad and Babaei, Yasmine and Bashlykov, Nikolay and Batra, Soumya and Bhargava, Prajjwal and Bhosale, Shruti and others},
  journal={arXiv preprint arXiv:2307.09288},
  year={2023}
}

@misc{claude,
  author = {AnthropicAI},
  title = {Introducing Claude},
  year = {2023},
  url = {https://www.anthropic.com/index/introducing-claude},
}

@article{palm,
  title={Palm: Scaling language modeling with pathways},
  author={Chowdhery, Aakanksha and Narang, Sharan and Devlin, Jacob and Bosma, Maarten and Mishra, Gaurav and Roberts, Adam and Barham, Paul and Chung, Hyung Won and Sutton, Charles and Gehrmann, Sebastian and others},
  journal={arXiv preprint arXiv:2204.02311},
  year={2022}
}

@article{atlas,
  title={Few-shot learning with retrieval augmented language models},
  author={Izacard, Gautier and Lewis, Patrick and Lomeli, Maria and Hosseini, Lucas and Petroni, Fabio and Schick, Timo and Dwivedi-Yu, Jane and Joulin, Armand and Riedel, Sebastian and Grave, Edouard},
  journal={arXiv preprint arXiv:2208.03299},
  year={2022}
}

@article{ram2023context,
  title={In-context retrieval-augmented language models},
  author={Ram, Ori and Levine, Yoav and Dalmedigos, Itay and Muhlgay, Dor and Shashua, Amnon and Leyton-Brown, Kevin and Shoham, Yoav},
  journal={arXiv preprint arXiv:2302.00083},
  year={2023}
}

@article{raven,
  title={RAVEN: In-Context Learning with Retrieval Augmented Encoder-Decoder Language Models},
  author={Huang, Jie and Ping, Wei and Xu, Peng and Shoeybi, Mohammad and Chang, Kevin Chen-Chuan and Catanzaro, Bryan},
  journal={arXiv preprint arXiv:2308.07922},
  year={2023}
}
@inproceedings{
    holtzman2020topPgeneration,
    title={The Curious Case of Neural Text Degeneration},
    author={Ari Holtzman and Jan Buys and Li Du and Maxwell Forbes and Yejin Choi},
    booktitle={International Conference on Learning Representations},
    year={2020},
    url={https://openreview.net/forum?id=rygGQyrFvH}
}

@Article{zarriess2021NLPdecodingMethodsSurvey,
    AUTHOR = {Zarriess Sina and Voigt, Henrik and Schüz, Simeon},
    TITLE = {Decoding Methods in Neural Language Generation: A Survey},
    JOURNAL = {Information},
    VOLUME = {12},
    YEAR = {2021},
    NUMBER = {9},
    ARTICLE-NUMBER = {355},
    URL = {https://www.mdpi.com/2078-2489/12/9/355},
    ISSN = {2078-2489},
    DOI = {10.3390/info12090355}
}





@article{arous2021martaHumanRationales,
    title={MARTA: Leveraging Human Rationales for Explainable Text Classification}, volume={35}, url={https://ojs.aaai.org/index.php/AAAI/article/view/16734}, DOI={10.1609/aaai.v35i7.16734},
    number={7}, journal={Proceedings of the AAAI Conference on Artificial Intelligence},
    author={Arous, Ines and Dolamic, Ljiljana and Yang, Jie and Bhardwaj, Akansha and Cuccu, Giuseppe and Cudré-Mauroux, Philippe}, year={2021}, month={May}, pages={5868-5876} 
}
@inproceedings{joshi2022explanationRegularizationForOOD,
    title = "{ER}-Test: Evaluating Explanation Regularization Methods for Language Models",
    author = "Joshi, Brihi  and
      Chan, Aaron  and
      Liu, Ziyi  and
      Nie, Shaoliang  and
      Sanjabi, Maziar  and
      Firooz, Hamed  and
      Ren, Xiang",
    editor = "Goldberg, Yoav  and
      Kozareva, Zornitsa  and
      Zhang, Yue",
    booktitle = "Findings of the Association for Computational Linguistics: EMNLP 2022",
    month = dec,
    year = "2022",
    address = "Abu Dhabi, United Arab Emirates",
    publisher = "Association for Computational Linguistics",
    url = "https://aclanthology.org/2022.findings-emnlp.242",
    doi = "10.18653/v1/2022.findings-emnlp.242",
    pages = "3315--3336",
}

@InProceedings{chan2022unirexForRationalExtraction,
  title = 	 {{UNIREX}: A Unified Learning Framework for Language Model Rationale Extraction},
  author =       {Chan, Aaron and Sanjabi, Maziar and Mathias, Lambert and Tan, Liang and Nie, Shaoliang and Peng, Xiaochang and Ren, Xiang and Firooz, Hamed},
  booktitle = 	 {Proceedings of the 39th International Conference on Machine Learning},
  pages = 	 {2867--2889},
  year = 	 {2022},
  editor = 	 {Chaudhuri, Kamalika and Jegelka, Stefanie and Song, Le and Szepesvari, Csaba and Niu, Gang and Sabato, Sivan},
  volume = 	 {162},
  series = 	 {Proceedings of Machine Learning Research},
  month = 	 {17--23 Jul},
  publisher =    {PMLR},
  pdf = 	 {https://proceedings.mlr.press/v162/chan22a/chan22a.pdf},
}
@article{stacey2022attentionBasedRationales,
    title={Supervising Model Attention with Human Explanations for Robust Natural Language Inference}, volume={36}, url={https://ojs.aaai.org/index.php/AAAI/article/view/21386}, DOI={10.1609/aaai.v36i10.21386},
    number={10}, journal={Proceedings of the AAAI Conference on Artificial Intelligence}, author={Stacey, Joe and Belinkov, Yonatan and Rei, Marek}, year={2022}, month={Jun.}, pages={11349-11357} 
}


@inproceedings{zheng2022irrationalityOfRationaleModels,
    title = "The Irrationality of Neural Rationale Models",
    author = "Zheng, Yiming  and
      Booth, Serena  and
      Shah, Julie  and
      Zhou, Yilun",
    editor = "Verma, Apurv  and
      Pruksachatkun, Yada  and
      Chang, Kai-Wei  and
      Galstyan, Aram  and
      Dhamala, Jwala  and
      Cao, Yang Trista",
    booktitle = "Proceedings of the 2nd Workshop on Trustworthy Natural Language Processing (TrustNLP 2022)",
    month = jul,
    year = "2022",
    address = "Seattle, U.S.A.",
    publisher = "Association for Computational Linguistics",
    url = "https://aclanthology.org/2022.trustnlp-1.6",
    doi = "10.18653/v1/2022.trustnlp-1.6",
    pages = "64--73",
}
@article{jacoviGoldberg2021aligningFaithfulInterpretationsTrojans,
    title = "Aligning Faithful Interpretations with their Social Attribution",
    author = "Jacovi, Alon  and
      Goldberg, Yoav",
    editor = "Roark, Brian  and
      Nenkova, Ani",
    journal = "Transactions of the Association for Computational Linguistics",
    volume = "9",
    year = "2021",
    address = "Cambridge, MA",
    publisher = "MIT Press",
    url = "https://aclanthology.org/2021.tacl-1.18",
    doi = "10.1162/tacl_a_00367",
    pages = "294--310",
}
@article{mitchell2022samplingPermutationsForShapley,
  author  = {Rory Mitchell and Joshua Cooper and Eibe Frank and Geoffrey Holmes},
  title   = {Sampling Permutations for Shapley Value Estimation},
  journal = {Journal of Machine Learning Research},
  year    = {2022},
  volume  = {23},
  number  = {43},
  pages   = {1-46},
  url     = {http://jmlr.org/papers/v23/21-0439.html}
}