@article{achiam2023gpt,
  title={Gpt-4 technical report},
  author={Achiam, Josh and Adler, Steven and Agarwal, Sandhini and Ahmad, Lama and Akkaya, Ilge and Aleman, Florencia Leoni and Almeida, Diogo and Altenschmidt, Janko and Altman, Sam and Anadkat, Shyamal and others},
  journal={arXiv preprint arXiv:2303.08774},
  year={2023}
}

@inproceedings{caba2015activitynet,
  title={Activitynet: A large-scale video benchmark for human activity understanding},
  author={Caba Heilbron, Fabian and Escorcia, Victor and Ghanem, Bernard and Carlos Niebles, Juan},
  booktitle={Proceedings of the ieee conference on computer vision and pattern recognition},
  pages={961--970},
  year={2015}
}

@inproceedings{chen2024videollm,
  title={VideoLLM-online: Online Video Large Language Model for Streaming Video},
  author={Chen, Joya and Lv, Zhaoyang and Wu, Shiwei and Lin, Kevin Qinghong and Song, Chenan and Gao, Difei and Liu, Jia-Wei and Gao, Ziteng and Mao, Dongxing and Shou, Mike Zheng},
  booktitle={Proceedings of the IEEE/CVF Conference on Computer Vision and Pattern Recognition},
  pages={18407--18418},
  year={2024}
}

@article{cheng2024videollama,
  title={VideoLLaMA 2: Advancing Spatial-Temporal Modeling and Audio Understanding in Video-LLMs},
  author={Cheng, Zesen and Leng, Sicong and Zhang, Hang and Xin, Yifei and Li, Xin and Chen, Guanzheng and Zhu, Yongxin and Zhang, Wenqi and Luo, Ziyang and Zhao, Deli and others},
  journal={arXiv preprint arXiv:2406.07476},
  year={2024}
}

@inproceedings{grauman2022ego4d,
  title={Ego4d: Around the world in 3,000 hours of egocentric video},
  author={Grauman, Kristen and Westbury, Andrew and Byrne, Eugene and Chavis, Zachary and Furnari, Antonino and Girdhar, Rohit and Hamburger, Jackson and Jiang, Hao and Liu, Miao and Liu, Xingyu and others},
  booktitle={Proceedings of the IEEE/CVF Conference on Computer Vision and Pattern Recognition},
  pages={18995--19012},
  year={2022}
}

@inproceedings{huang2020movienet,
  title={Movienet: A holistic dataset for movie understanding},
  author={Huang, Qingqiu and Xiong, Yu and Rao, Anyi and Wang, Jiaze and Lin, Dahua},
  booktitle={Computer Vision--ECCV 2020: 16th European Conference, Glasgow, UK, August 23--28, 2020, Proceedings, Part IV 16},
  pages={709--727},
  year={2020},
  organization={Springer}
}

@inproceedings{jang2017tgif,
  title={Tgif-qa: Toward spatio-temporal reasoning in visual question answering},
  author={Jang, Yunseok and Song, Yale and Yu, Youngjae and Kim, Youngjin and Kim, Gunhee},
  booktitle={Proceedings of the IEEE conference on computer vision and pattern recognition},
  pages={2758--2766},
  year={2017}
}

@article{li2023llama,
  title={Llama-vid: An image is worth 2 tokens in large language models},
  author={Li, Yanwei and Wang, Chengyao and Jia, Jiaya},
  journal={arXiv preprint arXiv:2311.17043},
  year={2023}
}

@inproceedings{li2024mvbench,
  title={Mvbench: A comprehensive multi-modal video understanding benchmark},
  author={Li, Kunchang and Wang, Yali and He, Yinan and Li, Yizhuo and Wang, Yi and Liu, Yi and Wang, Zun and Xu, Jilan and Chen, Guo and Luo, Ping and others},
  booktitle={Proceedings of the IEEE/CVF Conference on Computer Vision and Pattern Recognition},
  pages={22195--22206},
  year={2024}
}

@inproceedings{lin2024vila,
  title={Vila: On pre-training for visual language models},
  author={Lin, Ji and Yin, Hongxu and Ping, Wei and Molchanov, Pavlo and Shoeybi, Mohammad and Han, Song},
  booktitle={Proceedings of the IEEE/CVF Conference on Computer Vision and Pattern Recognition},
  pages={26689--26699},
  year={2024}
}

@article{maaz2023video,
  title={Video-chatgpt: Towards detailed video understanding via large vision and language models},
  author={Maaz, Muhammad and Rasheed, Hanoona and Khan, Salman and Khan, Fahad Shahbaz},
  journal={arXiv preprint arXiv:2306.05424},
  year={2023}
}

@article{mangalam2024egoschema,
  title={Egoschema: A diagnostic benchmark for very long-form video language understanding},
  author={Mangalam, Karttikeya and Akshulakov, Raiymbek and Malik, Jitendra and others},
  journal={Advances in Neural Information Processing Systems},
  volume={36},
  year={2024}
}

@article{qian2024streaming,
  title={Streaming long video understanding with large language models},
  author={Qian, Rui and Dong, Xiaoyi and Zhang, Pan and Zang, Yuhang and Ding, Shuangrui and Lin, Dahua and Wang, Jiaqi},
  journal={arXiv preprint arXiv:2405.16009},
  year={2024}
}

@article{reid2024gemini,
  title={Gemini 1.5: Unlocking multimodal understanding across millions of tokens of context},
  author={Reid, Machel and Savinov, Nikolay and Teplyashin, Denis and Lepikhin, Dmitry and Lillicrap, Timothy and Alayrac, Jean-baptiste and Soricut, Radu and Lazaridou, Angeliki and Firat, Orhan and Schrittwieser, Julian and others},
  journal={arXiv preprint arXiv:2403.05530},
  year={2024}
}

@inproceedings{su2020moviechats,
  title={Moviechats: Chat like humans in a closed domain},
  author={Su, Hui and Shen, Xiaoyu and Xiao, Zhou and Zhang, Zheng and Chang, Ernie and Zhang, Cheng and Niu, Cheng and Zhou, Jie},
  booktitle={Proceedings of the 2020 conference on empirical methods in natural language processing (EMNLP)},
  pages={6605--6619},
  year={2020}
}

@inproceedings{wu2021towards,
  title={Towards long-form video understanding},
  author={Wu, Chao-Yuan and Krahenbuhl, Philipp},
  booktitle={Proceedings of the IEEE/CVF Conference on Computer Vision and Pattern Recognition},
  pages={1884--1894},
  year={2021}
}

@inproceedings{xu2017video,
  title={Video question answering via gradually refined attention over appearance and motion},
  author={Xu, Dejing and Zhao, Zhou and Xiao, Jun and Wu, Fei and Zhang, Hanwang and He, Xiangnan and Zhuang, Yueting},
  booktitle={Proceedings of the 25th ACM international conference on Multimedia},
  pages={1645--1653},
  year={2017}
}

@article{yang2023dawn,
  title={The dawn of lmms: Preliminary explorations with gpt-4v (ision)},
  author={Yang, Zhengyuan and Li, Linjie and Lin, Kevin and Wang, Jianfeng and Lin, Chung-Ching and Liu, Zicheng and Wang, Lijuan},
  journal={arXiv preprint arXiv:2309.17421},
  volume={9},
  number={1},
  pages={1},
  year={2023}
}

@inproceedings{yang2024ldre,
  title={LDRE: LLM-based Divergent Reasoning and Ensemble for Zero-Shot Composed Image Retrieval},
  author={Yang, Zhenyu and Xue, Dizhan and Qian, Shengsheng and Dong, Weiming and Xu, Changsheng},
  booktitle={Proceedings of the 47th International ACM SIGIR Conference on Research and Development in Information Retrieval},
  pages={80--90},
  year={2024}
}

@inproceedings{yang2024semantic,
  title={Semantic Editing Increment Benefits Zero-Shot Composed Image Retrieval},
  author={Yang, Zhenyu and Qian, Shengsheng and Xue, Dizhan and Wu, Jiahong and Yang, Fan and Dong, Weiming and Xu, Changsheng},
  booktitle={Proceedings of the 32nd ACM International Conference on Multimedia},
  pages={1245--1254},
  year={2024}
}

@inproceedings{yu2019activitynet,
  title={Activitynet-qa: A dataset for understanding complex web videos via question answering},
  author={Yu, Zhou and Xu, Dejing and Yu, Jun and Yu, Ting and Zhao, Zhou and Zhuang, Yueting and Tao, Dacheng},
  booktitle={Proceedings of the AAAI Conference on Artificial Intelligence},
  volume={33},
  number={01},
  pages={9127--9134},
  year={2019}
}

