@inproceedings{adarnn,
  title={Adarnn: Adaptive learning and forecasting of time series},
  author={Du, Yuntao and Wang, Jindong and Feng, Wenjie and Pan, Sinno and Qin, Tao and Xu, Renjun and Wang, Chongjun},
  booktitle={Proceedings of the 30th ACM international conference on information \& knowledge management},
  pages={402--411},
  year={2021}
}

@inproceedings{autoforecast,
  title={Autoforecast: Automatic time-series forecasting model selection},
  author={Abdallah, Mustafa and Rossi, Ryan and Mahadik, Kanak and Kim, Sungchul and Zhao, Handong and Bagchi, Saurabh},
  booktitle={Proceedings of the 31st ACM International Conference on Information \& Knowledge Management},
  pages={5--14},
  year={2022}
}

@article{deeptime,
  title={Deeptime: Deep time-index meta-learning for non-stationary time-series forecasting},
  author={Woo, Gerald and Liu, Chenghao and Sahoo, Doyen and Kumar, Akshat and Hoi, Steven},
  year={2022}
}

@article{hive-cote,
  title={Time series classification with HIVE-COTE: The hierarchical vote collective of transformation-based ensembles},
  author={Lines, Jason and Taylor, Sarah and Bagnall, Anthony},
  journal={ACM Transactions on Knowledge Discovery from Data (TKDD)},
  volume={12},
  number={5},
  pages={1--35},
  year={2018},
  publisher={ACM New York, NY, USA}
}

@article{hive-cote2,
  title={HIVE-COTE 2.0: a new meta ensemble for time series classification},
  author={Middlehurst, Matthew and Large, James and Flynn, Michael and Lines, Jason and Bostrom, Aaron and Bagnall, Anthony},
  journal={Machine Learning},
  volume={110},
  number={11},
  pages={3211--3243},
  year={2021},
  publisher={Springer}
}

@inproceedings{maml,
  title={Model-agnostic meta-learning for fast adaptation of deep networks},
  author={Finn, Chelsea and Abbeel, Pieter and Levine, Sergey},
  booktitle={International conference on machine learning},
  pages={1126--1135},
  year={2017},
  organization={PMLR}
}

@inproceedings{metats,
  title={Meta-learning framework with applications to zero-shot time-series forecasting},
  author={Oreshkin, Boris N and Carpov, Dmitri and Chapados, Nicolas and Bengio, Yoshua},
  booktitle={Proceedings of the AAAI conference on artificial intelligence},
  volume={35},
  number={10},
  pages={9242--9250},
  year={2021}
}

@inproceedings{millet,
  title={Inherently Interpretable Time Series Classification via Multiple Instance Learning},
  author={Early, Joseph and Cheung, Gavin and Cutajar, Kurt and Xie, Hanting and Kandola, Jas and Twomey, Niall},
  booktitle={The Twelfth International Conference on Learning Representations}, 
  year={2024}
}

@article{patchtst,
  title={A time series is worth 64 words: Long-term forecasting with transformers},
  author={Nie, Yuqi and Nguyen, Nam H and Sinthong, Phanwadee and Kalagnanam, Jayant},
  journal={arXiv preprint arXiv:2211.14730},
  year={2022}
}

@inproceedings{selfdiff,
  title={Self-Supervised Learning of Time Series Representation via Diffusion Process and Imputation-Interpolation-Forecasting Mask},
  author={Senane, Zineb and Cao, Lele and Buchner, Valentin Leonhard and Tashiro, Yusuke and You, Lei and Herman, Pawel Andrzej and Nordahl, Mats and Tu, Ruibo and Von Ehrenheim, Vilhelm},
  booktitle={Proceedings of the 30th ACM SIGKDD Conference on Knowledge Discovery and Data Mining},
  pages={2560--2571},
  year={2024}
}

@article{ssl_con_gen,
  title={Self-Supervised Learning for Time Series: Contrastive or Generative?},
  author={Liu, Ziyu and Alavi, Azadeh and Li, Minyi and Zhang, Xiang},
  journal={arXiv preprint arXiv:2403.09809},
  year={2024}
}

@inproceedings{sslclassification1,
  title={Self-supervised learning for semi-supervised time series classification},
  author={Jawed, Shayan and Grabocka, Josif and Schmidt-Thieme, Lars},
  booktitle={Advances in Knowledge Discovery and Data Mining: 24th Pacific-Asia Conference, PAKDD 2020, Singapore, May 11--14, 2020, Proceedings, Part I 24},
  pages={499--511},
  year={2020},
  organization={Springer}
}

@article{sslclassification2,
  title={Semi-supervised time series classification model with self-supervised learning},
  author={Xi, Liang and Yun, Zichao and Liu, Han and Wang, Ruidong and Huang, Xunhua and Fan, Haoyi},
  journal={Engineering Applications of Artificial Intelligence},
  volume={116},
  pages={105331},
  year={2022},
  publisher={Elsevier}
}

@inproceedings{timemil,
  title={TimeMIL: Advancing Multivariate Time Series Classification via a Time-aware Multiple Instance Learning},
  author={Chen, Xiwen and Qiu, Peijie and Zhu, Wenhui and Li, Huayu and Wang, Hao and Sotiras, Aristeidis and Wang, Yalin and Razi, Abolfazl},
  booktitle={Forty-first International Conference on Machine Learning}, 
  year={2024}
}

@inproceedings{timesurl,
  title={Timesurl: Self-supervised contrastive learning for universal time series representation learning},
  author={Liu, Jiexi and Chen, Songcan},
  booktitle={Proceedings of the AAAI Conference on Artificial Intelligence},
  volume={38},
  number={12},
  pages={13918--13926},
  year={2024}
}

