@inproceedings{revin,
  title={Reversible instance normalization for accurate time-series forecasting against distribution shift},
  author={Kim, Taesung and Kim, Jinhee and Tae, Yunwon and Park, Cheonbok and Choi, Jang-Ho and Choo, Jaegul},
  booktitle={International Conference on Learning Representations},
  year={2021}
}

@inproceedings{informer,
  title={Informer: Beyond efficient transformer for long sequence time-series forecasting},
  author={Zhou, Haoyi and Zhang, Shanghang and Peng, Jieqi and Zhang, Shuai and Li, Jianxin and Xiong, Hui and Zhang, Wancai},
  booktitle={Proceedings of the AAAI conference on artificial intelligence},
  year={2021}
}

@article{autoformer,
  title={Autoformer: Decomposition transformers with auto-correlation for long-term series forecasting},
  author={Wu, Haixu and Xu, Jiehui and Wang, Jianmin and Long, Mingsheng},
  journal={Advances in neural information processing systems},
  year={2021}
}

@article{prophet,
  title={Forecasting at scale},
  author={Taylor, Sean J and Letham, Benjamin},
  journal={The American Statistician},
  volume={72},
  number={1},
  pages={37--45},
  year={2018},
  publisher={Taylor \& Francis}
}

@article{deepar,
  title={DeepAR: Probabilistic forecasting with autoregressive recurrent networks},
  author={Salinas, David and Flunkert, Valentin and Gasthaus, Jan and Januschowski, Tim},
  journal={International journal of forecasting},
  volume={36},
  number={3},
  pages={1181--1191},
  year={2020},
  publisher={Elsevier}
}

@article{textcues,
  title={Beyond Trend and Periodicity: Guiding Time Series Forecasting with Textual Cues},
  author={Xu, Zhijian and Bian, Yuxuan and Zhong, Jianyuan and Wen, Xiangyu and Xu, Qiang},
  journal={arXiv preprint arXiv:2405.13522},
  year={2024}
}

@article{visionts,
  title={Visionts: Visual masked autoencoders are free-lunch zero-shot time series forecasters},
  author={Chen, Mouxiang and Shen, Lefei and Li, Zhuo and Wang, Xiaoyun Joy and Sun, Jianling and Liu, Chenghao},
  journal={arXiv preprint arXiv:2408.17253},
  year={2024}
}

@article{tscaling,
  title={Scaling Law for Time Series Forecasting},
  author={Shi, Jingzhe and Ma, Qinwei and Ma, Huan and Li, Lei},
  journal={arXiv preprint arXiv:2405.15124},
  year={2024}
}

@article{benchmark_tkde,
  title={Exploring progress in multivariate time series forecasting: Comprehensive benchmarking and heterogeneity analysis},
  author={Shao, Zezhi and Wang, Fei and Xu, Yongjun and Wei, Wei and Yu, Chengqing and Zhang, Zhao and Yao, Di and Sun, Tao and Jin, Guangyin and Cao, Xin and others},
  journal={IEEE Transactions on Knowledge and Data Engineering},
  year={2024},
  publisher={IEEE}
}

@article{tfb,
  title={Tfb: Towards comprehensive and fair benchmarking of time series forecasting methods},
  author={Qiu, Xiangfei and Hu, Jilin and Zhou, Lekui and Wu, Xingjian and Du, Junyang and Zhang, Buang and Guo, Chenjuan and Zhou, Aoying and Jensen, Christian S and Sheng, Zhenli and others},
  journal={arXiv preprint arXiv:2403.20150},
  year={2024}
}

@inproceedings{samformer,
  title={SAMformer: Unlocking the Potential of Transformers in Time Series Forecasting with Sharpness-Aware Minimization and Channel-Wise Attention},
  author={Ilbert, Romain and Odonnat, Ambroise and Feofanov, Vasilii and Virmaux, Aladin and Paolo, Giuseppe and Palpanas, Themis and Redko, Ievgen},
  booktitle={Forty-first International Conference on Machine Learning},
year={2024}
}

@inproceedings{sngan,
  title={Spectral Normalization for Generative Adversarial Networks},
  author={Miyato, Takeru and Kataoka, Toshiki and Koyama, Masanori and Yoshida, Yuichi},
  booktitle={International Conference on Learning Representations},
  year={2018}
}

@article{snr,
  title={Spectral norm regularization for improving the generalizability of deep learning},
  author={Yoshida, Yuichi and Miyato, Takeru},
  journal={arXiv preprint arXiv:1705.10941},
  year={2017}
}

@inproceedings{itrans,
  title={iTransformer: Inverted Transformers Are Effective for Time Series Forecasting},
  author={Liu, Yong and Hu, Tengge and Zhang, Haoran and Wu, Haixu and Wang, Shiyu and Ma, Lintao and Long, Mingsheng},
  booktitle={The Twelfth International Conference on Learning Representations},
  year={2024}
}

@article{patchtst,
  title={A time series is worth 64 words: Long-term forecasting with transformers},
  author={Nie, Yuqi and Nguyen, Nam H and Sinthong, Phanwadee and Kalagnanam, Jayant},
  journal={arXiv preprint arXiv:2211.14730},
  year={2022}
}

@inproceedings{cyclenet,
  title={CycleNet: Enhancing Time Series Forecasting through Modeling Periodic Patterns},
  author={Lin, Shengsheng and Lin, Weiwei and Xinyi, HU and Wu, Wentai and Mo, Ruichao and Zhong, Haocheng},
  booktitle={The Thirty-eighth Annual Conference on Neural Information Processing Systems}, 
  year={2024}
}

@inproceedings{timesnet,
  title={TimesNet: Temporal 2D-Variation Modeling for General Time Series Analysis},
  author={Wu, Haixu and Hu, Tengge and Liu, Yong and Zhou, Hang and Wang, Jianmin and Long, Mingsheng},
  booktitle={The Eleventh International Conference on Learning Representations}, 
  year={2023}
}

@article{rlinear,
  title={Revisiting long-term time series forecasting: An investigation on linear mapping},
  author={Li, Zhe and Qi, Shiyi and Li, Yiduo and Xu, Zenglin},
  journal={arXiv preprint arXiv:2305.10721},
  year={2023}
}

@inproceedings{fedformer,
  title={Fedformer: Frequency enhanced decomposed transformer for long-term series forecasting},
  author={Zhou, Tian and Ma, Ziqing and Wen, Qingsong and Wang, Xue and Sun, Liang and Jin, Rong},
  booktitle={International conference on machine learning},
  pages={27268--27286},
  year={2022},
  organization={PMLR}
}

@inproceedings{dlinear,
  title={Are transformers effective for time series forecasting?},
  author={Zeng, Ailing and Chen, Muxi and Zhang, Lei and Xu, Qiang},
  booktitle={Proceedings of the AAAI conference on artificial intelligence},
  volume={37},
  number={9},
  pages={11121--11128},
  year={2023}
}

@inproceedings{card,
  title={CARD: Channel aligned robust blend transformer for time series forecasting},
  author={Wang, Xue and Zhou, Tian and Wen, Qingsong and Gao, Jinyang and Ding, Bolin and Jin, Rong},
  booktitle={The Twelfth International Conference on Learning Representations},
  year={2024}
}

@inproceedings{crossformer,
  title={Crossformer: Transformer utilizing cross-dimension dependency for multivariate time series forecasting},
  author={Zhang, Yunhao and Yan, Junchi},
  booktitle={The Eleventh International Conference on Learning Representations},
  year={2023}
}

@inproceedings{timesfm,
  title={A decoder-only foundation model for time-series forecasting},
  author={Das, Abhimanyu and Kong, Weihao and Sen, Rajat and Zhou, Yichen},
  booktitle={Forty-first International Conference on Machine Learning}, 
  year={2024}
}

@inproceedings{mtst,
  title={Multi-resolution Time-Series Transformer for Long-term Forecasting},
  author={Zhang, Yitian and Ma, Liheng and Pal, Soumyasundar and Zhang, Yingxue and Coates, Mark},
  booktitle={International Conference on Artificial Intelligence and Statistics},
  year={2024},
  organization={PMLR}
}

@inproceedings{unitime,
  title={Unitime: A language-empowered unified model for cross-domain time series forecasting},
  author={Liu, Xu and Hu, Junfeng and Li, Yuan and Diao, Shizhe and Liang, Yuxuan and Hooi, Bryan and Zimmermann, Roger},
  booktitle={Proceedings of the ACM on Web Conference 2024},
  year={2024}
}

@inproceedings{dsformer,
  title={Dsformer: A double sampling transformer for multivariate time series long-term prediction},
  author={Yu, Chengqing and Wang, Fei and Shao, Zezhi and Sun, Tao and Wu, Lin and Xu, Yongjun},
  booktitle={Proceedings of the 32nd ACM international conference on information and knowledge management},
  pages={3062--3072},
  year={2023}
}

@inproceedings{fits,
  title={FITS: Modeling Time Series with $10 k $ Parameters},
  author={Xu, Zhijian and Zeng, Ailing and Xu, Qiang},
  booktitle={The Twelfth International Conference on Learning Representations}, 
  year={2024}
}

@inproceedings{analysis,
  title={An Analysis of Linear Time Series Forecasting Models},
  author={Toner, William and Darlow, Luke Nicholas},
  booktitle={Forty-first International Conference on Machine Learning}, 
  year={2024}
}

@inproceedings{sparsetsf,
  title={SparseTSF: Modeling Long-term Time Series Forecasting with* 1k* Parameters},
  author={Lin, Shengsheng and Lin, Weiwei and Wu, Wentai and Chen, Haojun and Yang, Junjie},
  booktitle={Forty-first International Conference on Machine Learning}, 
  year={2024}
}

@article{frequency,
  title={Frequency-domain MLPs are more effective learners in time series forecasting},
  author={Yi, Kun and Zhang, Qi and Fan, Wei and Wang, Shoujin and Wang, Pengyang and He, Hui and An, Ning and Lian, Defu and Cao, Longbing and Niu, Zhendong},
  journal={Advances in Neural Information Processing Systems},
  volume={36},
  year={2024}
}

@inproceedings{millet,
  title={Inherently Interpretable Time Series Classification via Multiple Instance Learning},
  author={Early, Joseph and Cheung, Gavin and Cutajar, Kurt and Xie, Hanting and Kandola, Jas and Twomey, Niall},
  booktitle={The Twelfth International Conference on Learning Representations}, 
  year={2024}
}

@inproceedings{timemil,
  title={TimeMIL: Advancing Multivariate Time Series Classification via a Time-aware Multiple Instance Learning},
  author={Chen, Xiwen and Qiu, Peijie and Zhu, Wenhui and Li, Huayu and Wang, Hao and Sotiras, Aristeidis and Wang, Yalin and Razi, Abolfazl},
  booktitle={Forty-first International Conference on Machine Learning}, 
  year={2024}
}

@inproceedings{metats,
  title={Meta-learning framework with applications to zero-shot time-series forecasting},
  author={Oreshkin, Boris N and Carpov, Dmitri and Chapados, Nicolas and Bengio, Yoshua},
  booktitle={Proceedings of the AAAI conference on artificial intelligence},
  volume={35},
  number={10},
  pages={9242--9250},
  year={2021}
}

@inproceedings{adarnn,
  title={Adarnn: Adaptive learning and forecasting of time series},
  author={Du, Yuntao and Wang, Jindong and Feng, Wenjie and Pan, Sinno and Qin, Tao and Xu, Renjun and Wang, Chongjun},
  booktitle={Proceedings of the 30th ACM international conference on information \& knowledge management},
  pages={402--411},
  year={2021}
}

@inproceedings{autoforecast,
  title={Autoforecast: Automatic time-series forecasting model selection},
  author={Abdallah, Mustafa and Rossi, Ryan and Mahadik, Kanak and Kim, Sungchul and Zhao, Handong and Bagchi, Saurabh},
  booktitle={Proceedings of the 31st ACM International Conference on Information \& Knowledge Management},
  pages={5--14},
  year={2022}
}

@inproceedings{maml,
  title={Model-agnostic meta-learning for fast adaptation of deep networks},
  author={Finn, Chelsea and Abbeel, Pieter and Levine, Sergey},
  booktitle={International conference on machine learning},
  pages={1126--1135},
  year={2017},
  organization={PMLR}
}

@article{deeptime,
  title={Deeptime: Deep time-index meta-learning for non-stationary time-series forecasting},
  author={Woo, Gerald and Liu, Chenghao and Sahoo, Doyen and Kumar, Akshat and Hoi, Steven},
  year={2022}
}

@article{hive-cote,
  title={Time series classification with HIVE-COTE: The hierarchical vote collective of transformation-based ensembles},
  author={Lines, Jason and Taylor, Sarah and Bagnall, Anthony},
  journal={ACM Transactions on Knowledge Discovery from Data (TKDD)},
  volume={12},
  number={5},
  pages={1--35},
  year={2018},
  publisher={ACM New York, NY, USA}
}

@article{hive-cote2,
  title={HIVE-COTE 2.0: a new meta ensemble for time series classification},
  author={Middlehurst, Matthew and Large, James and Flynn, Michael and Lines, Jason and Bostrom, Aaron and Bagnall, Anthony},
  journal={Machine Learning},
  volume={110},
  number={11},
  pages={3211--3243},
  year={2021},
  publisher={Springer}
}

@inproceedings{timesurl,
  title={Timesurl: Self-supervised contrastive learning for universal time series representation learning},
  author={Liu, Jiexi and Chen, Songcan},
  booktitle={Proceedings of the AAAI Conference on Artificial Intelligence},
  volume={38},
  number={12},
  pages={13918--13926},
  year={2024}
}

@article{units,
  title={Units: Building a unified time series model},
  author={Gao, Shanghua and Koker, Teddy and Queen, Owen and Hartvigsen, Thomas and Tsiligkaridis, Theodoros and Zitnik, Marinka},
  journal={arXiv preprint arXiv:2403.00131},
  year={2024}
}

@article{one_fits_all,
  title={One fits all: Power general time series analysis by pretrained lm},
  author={Zhou, Tian and Niu, Peisong and Sun, Liang and Jin, Rong and others},
  journal={Advances in neural information processing systems},
  volume={36},
  pages={43322--43355},
  year={2023}
}

@inproceedings{sslclassification1,
  title={Self-supervised learning for semi-supervised time series classification},
  author={Jawed, Shayan and Grabocka, Josif and Schmidt-Thieme, Lars},
  booktitle={Advances in Knowledge Discovery and Data Mining: 24th Pacific-Asia Conference, PAKDD 2020, Singapore, May 11--14, 2020, Proceedings, Part I 24},
  pages={499--511},
  year={2020},
  organization={Springer}
}

@article{sslclassification2,
  title={Semi-supervised time series classification model with self-supervised learning},
  author={Xi, Liang and Yun, Zichao and Liu, Han and Wang, Ruidong and Huang, Xunhua and Fan, Haoyi},
  journal={Engineering Applications of Artificial Intelligence},
  volume={116},
  pages={105331},
  year={2022},
  publisher={Elsevier}
}

@article{ssl_con_gen,
  title={Self-Supervised Learning for Time Series: Contrastive or Generative?},
  author={Liu, Ziyu and Alavi, Azadeh and Li, Minyi and Zhang, Xiang},
  journal={arXiv preprint arXiv:2403.09809},
  year={2024}
}

@inproceedings{selfdiff,
  title={Self-Supervised Learning of Time Series Representation via Diffusion Process and Imputation-Interpolation-Forecasting Mask},
  author={Senane, Zineb and Cao, Lele and Buchner, Valentin Leonhard and Tashiro, Yusuke and You, Lei and Herman, Pawel Andrzej and Nordahl, Mats and Tu, Ruibo and Von Ehrenheim, Vilhelm},
  booktitle={Proceedings of the 30th ACM SIGKDD Conference on Knowledge Discovery and Data Mining},
  pages={2560--2571},
  year={2024}
}

@inproceedings{ssldenoisefinance,
  title={Denoised labels for financial time series data via self-supervised learning},
  author={Ma, Yanqing and Ventre, Carmine and Polukarov, Maria},
  booktitle={Proceedings of the Third ACM International Conference on AI in Finance},
  pages={471--479},
  year={2022}
}

@article{trpo,
  title={Trust Region Policy Optimization},
  author={Schulman, John},
  journal={arXiv preprint arXiv:1502.05477},
  year={2015}
}

@article{ppo,
  title={Proximal policy optimization algorithms},
  author={Schulman, John and Wolski, Filip and Dhariwal, Prafulla and Radford, Alec and Klimov, Oleg},
  journal={arXiv preprint arXiv:1707.06347},
  year={2017}
}

@inproceedings{lift,
  title={Rethinking Channel Dependence for Multivariate Time Series Forecasting: Learning from Leading Indicators},
  author={Zhao, Lifan and Shen, Yanyan},
  booktitle={The Twelfth International Conference on Learning Representations}, 
  year={2024}
}

@article{pytorch,
  title={Pytorch: An imperative style, high-performance deep learning library},
  author={Paszke, Adam and Gross, Sam and Massa, Francisco and Lerer, Adam and Bradbury, James and Chanan, Gregory and Killeen, Trevor and Lin, Zeming and Gimelshein, Natalia and Antiga, Luca and others},
  journal={Advances in neural information processing systems},
  volume={32},
  year={2019}
}

@article{adam,
  title={Adam: A method for stochastic optimization},
  author={Kingma, Diederik P},
  journal={arXiv preprint arXiv:1412.6980},
  year={2014}
}

@inproceedings{moderntcn,
  title={Moderntcn: A modern pure convolution structure for general time series analysis},
  author={Luo, Donghao and Wang, Xue},
  booktitle={The Twelfth International Conference on Learning Representations},
  year={2024}
}

@article{patchindependent,
  title={Learning to embed time series patches independently},
  author={Lee, Seunghan and Park, Taeyoung and Lee, Kibok},
  journal={arXiv preprint arXiv:2312.16427},
  year={2023}
}

@article{nonstationary,
  title={Non-stationary transformers: Exploring the stationarity in time series forecasting},
  author={Liu, Yong and Wu, Haixu and Wang, Jianmin and Long, Mingsheng},
  journal={Advances in Neural Information Processing Systems},
  volume={35},
  pages={9881--9893},
  year={2022}
}

@inproceedings{collapse,
  title={Stabilizing transformer training by preventing attention entropy collapse},
  author={Zhai, Shuangfei and Likhomanenko, Tatiana and Littwin, Etai and Busbridge, Dan and Ramapuram, Jason and Zhang, Yizhe and Gu, Jiatao and Susskind, Joshua M},
  booktitle={International Conference on Machine Learning},
  pages={40770--40803},
  year={2023},
  organization={PMLR}
}