@incollection{akca2009branch,
  title={A branch-and-price algorithm for combined location and routing problems under capacity restrictions},
  author={Akca, Z and Berger, RT and Ralphs, TK},
  booktitle={Operations research and cyber-infrastructure},
  pages={309--330},
  year={2009},
  publisher={Springer}
}

@article{albareda2007heuristic,
  title={Heuristic and lower bound for a stochastic location-routing problem},
  author={Albareda-Sambola, Maria and Fern{\'a}ndez, Elena and Laporte, Gilbert},
  journal={European Journal of Operational Research},
  volume={179},
  number={3},
  pages={940--955},
  year={2007},
  publisher={Elsevier}
}

@article{anuar2021multi,
  title={A multi-depot vehicle routing problem with stochastic road capacity and reduced two-stage stochastic integer linear programming models for rollout algorithm},
  author={Anuar, Wadi Khalid and Lee, Lai Soon and Seow, Hsin-Vonn and Pickl, Stefan},
  journal={Mathematics},
  volume={9},
  number={13},
  pages={1572},
  year={2021},
  publisher={MDPI}
}

@article{arishi2023multi,
  title={A multi-agent deep reinforcement learning approach for solving the multi-depot vehicle routing problem},
  author={Arishi, Ali and Krishnan, Krishna},
  journal={Journal of Management Analytics},
  volume={10},
  number={3},
  pages={493--515},
  year={2023},
  publisher={Taylor \& Francis}
}

@article{barreto2007using,
  title={Using clustering analysis in a capacitated location-routing problem},
  author={Barreto, S{\'e}rgio and Ferreira, Carlos and Paixao, Jose and Santos, Beatriz Sousa},
  journal={European Journal of Operational Research},
  volume={179},
  number={3},
  pages={968--977},
  year={2007},
  publisher={Elsevier}
}

@article{belenguer2011branch,
  title={A branch-and-cut method for the capacitated location-routing problem},
  author={Belenguer, Jos{\'e}-Manuel and Benavent, Enrique and Prins, Christian and Prodhon, Caroline and Calvo, Roberto Wolfler},
  journal={Computers \& Operations Research},
  volume={38},
  number={6},
  pages={931--941},
  year={2011},
  publisher={Elsevier}
}

@article{billionnet2005designing,
  title={Designing radio-mobile access networks based on synchronous digital hierarchy rings},
  author={Billionnet, Alain and Elloumi, Sourour and Djerbi, Leila Grouz},
  journal={Computers \& operations research},
  volume={32},
  number={2},
  pages={379--394},
  year={2005},
  publisher={Elsevier}
}

@article{contardo2014exact,
  title={An exact algorithm based on cut-and-column generation for the capacitated location-routing problem},
  author={Contardo, Claudio and Cordeau, Jean-Fran{\c{c}}ois and Gendron, Bernard},
  journal={INFORMS Journal on Computing},
  volume={26},
  number={1},
  pages={88--102},
  year={2014},
  publisher={INFORMS}
}

@article{danach2019capacitated,
  title={The capacitated single-allocation p-hub location routing problem: a Lagrangian relaxation and a hyper-heuristic approach},
  author={Danach, Kassem and Gelareh, Shahin and Monemi, Rahimeh Neamatian},
  journal={EURO Journal on Transportation and Logistics},
  volume={8},
  number={5},
  pages={597--631},
  year={2019},
  publisher={Elsevier}
}

@article{ghasemi2022multi,
  title={A multi-objective and multi-level model for location-routing problem in the supply chain based on the customer’s time window},
  author={Ghasemi, Peiman and Hemmaty, Hossein and Pourghader Chobar, Adel and Heidari, Mohamad Reza and Keramati, Mahdi},
  journal={Journal of Applied Research on Industrial Engineering},
  year={2022},
  publisher={Ayandegan Institute of Higher Education, Iran}
}

@inproceedings{kool2018attention,
    title={Attention, Learn to Solve Routing Problems!},
    author={Wouter Kool and Herke van Hoof and Max Welling},
    booktitle={International Conference on Learning Representations},
    year={2019},
    url={https://openreview.net/forum?id=ByxBFsRqYm},
}

@inproceedings{lin2024cross,
  title={Cross-Problem Learning for Solving Vehicle Routing Problems},
  author={Lin, Zhuoyi and Wu, Yaoxin and Zhou, Bangjian and Cao, Zhiguang and Song, Wen and Zhang, Yingqian and Senthilnath, Jayavelu},
  booktitle={The 33rd International Joint Conference on Artificial Intelligence (IJCAI-24)},
  year={2024}
}

@article{ma2021learning,
  title={Learning to iteratively solve routing problems with dual-aspect collaborative transformer},
  author={Ma, Yining and Li, Jingwen and Cao, Zhiguang and Song, Wen and Zhang, Le and Chen, Zhenghua and Tang, Jing},
  journal={Advances in Neural Information Processing Systems},
  volume={34},
  pages={11096--11107},
  year={2021}
}

@article{manzour2012hierarchical,
  title={A hierarchical algorithm for the planar single-facility location routing problem},
  author={Manzour-al-Ajdad, SMH and Torabi, S Ali and Salhi, Said},
  journal={Computers \& Operations Research},
  volume={39},
  number={2},
  pages={461--470},
  year={2012},
  publisher={Elsevier}
}

@article{nguyen2012solving,
  title={Solving the two-echelon location routing problem by a GRASP reinforced by a learning process and path relinking},
  author={Nguyen, Viet-Phuong and Prins, Christian and Prodhon, Caroline},
  journal={European Journal of Operational Research},
  volume={216},
  number={1},
  pages={113--126},
  year={2012},
  publisher={Elsevier}
}

@article{pourghader2022multi,
  title={A multi-objective location-routing problem model for multi-device relief logistics under uncertainty using meta-heuristic algorithm},
  author={Pourghader Chobar, Adel and Sabk Ara, Majid and Moradi Pirbalouti, Samaneh and Khadem, Mehdi and Bahrami, Saeed},
  journal={Journal of Applied Research on Industrial Engineering},
  volume={9},
  number={3},
  pages={354--373},
  year={2022},
  publisher={Ayandegan Institute of Higher Education, Iran}
}

@article{prins2006solving,
  title={Solving the capacitated location-routing problem by a GRASP complemented by a learning process and a path relinking},
  author={Prins, Christian and Prodhon, Caroline and Calvo, Roberto Wolfler},
  journal={4OR},
  volume={4},
  number={3},
  pages={221--238},
  year={2006},
  publisher={Springer}
}

@inproceedings{rabbanian2023analysis,
  title={Analysis of Decoding Strategies for Transformer-Based Solution of Multi-Depot Vehicle Routing Problems},
  author={Rabbanian, Seyedeh Shaghayegh and Wang, Hao and Knapp, Gerald M},
  booktitle={IISE Annual Conference and Expo},
  volume={2023},
  pages={3575},
  year={2023},
  organization={IISE}
}

@article{rath2014math,
  title={A math-heuristic for the warehouse location--routing problem in disaster relief},
  author={Rath, Stefan and Gutjahr, Walter J},
  journal={Computers \& Operations Research},
  volume={42},
  pages={25--39},
  year={2014},
  publisher={Elsevier}
}

@article{salhi2009local,
  title={Local improvement in planar facility location using vehicle routing},
  author={Salhi, Sa{\"\i}d and Nagy, G{\'a}bor},
  journal={Annals of Operations Research},
  volume={167},
  number={1},
  pages={287--296},
  year={2009},
  publisher={Springer}
}

@article{schwardt2005solving,
  title={Solving a continuous location-routing problem by use of a self-organizing map},
  author={Schwardt, Martin and Dethloff, Jan},
  journal={International Journal of Physical Distribution \& Logistics Management},
  volume={35},
  number={6},
  pages={390--408},
  year={2005},
  publisher={Emerald Group Publishing Limited}
}

@article{schwardt2009combined,
  title={Combined location-routing problems—a neural network approach},
  author={Schwardt, Martin and Fischer, Kathrin},
  journal={Annals of Operations Research},
  volume={167},
  pages={253--269},
  year={2009},
  publisher={Springer}
}

@inproceedings{wang2023new,
  title={A New Approach for Solving Location Routing Problems with Deep Reinforcement Learning of Emergency Medical Facility},
  author={Wang, Shaohua and Zhou, Junyuan and Liang, Haojian and Wang, Zhenbo and Su, Cheng and Li, Xiao},
  booktitle={Proceedings of the 8th ACM SIGSPATIAL International Workshop on Security Response using GIS},
  pages={50--53},
  year={2023}
}

@inproceedings{xin2021multi,
  title={Multi-decoder attention model with embedding glimpse for solving vehicle routing problems},
  author={Xin, Liang and Song, Wen and Cao, Zhiguang and Zhang, Jie},
  booktitle={Proceedings of the AAAI Conference on Artificial Intelligence},
  volume={35},
  number={13},
  pages={12042--12049},
  year={2021}
}

@article{xin2021neurolkh,
  title={NeuroLKH: Combining deep learning model with Lin-Kernighan-Helsgaun heuristic for solving the traveling salesman problem},
  author={Xin, Liang and Song, Wen and Cao, Zhiguang and Zhang, Jie},
  journal={Advances in Neural Information Processing Systems},
  volume={34},
  pages={7472--7483},
  year={2021}
}

@inproceedings{ye2024glop,
  title={Glop: Learning global partition and local construction for solving large-scale routing problems in real-time},
  author={Ye, Haoran and Wang, Jiarui and Liang, Helan and Cao, Zhiguang and Li, Yong and Li, Fanzhang},
  booktitle={Proceedings of the AAAI Conference on Artificial Intelligence},
  volume={38},
  number={18},
  pages={20284--20292},
  year={2024}
}

@inproceedings{zhou2024mvmoe,
  title={MVMoE: Multi-Task Vehicle Routing Solver with Mixture-of-Experts},
  author={Zhou, Jianan and Cao, Zhiguang and Wu, Yaoxin and Song, Wen and Ma, Yining and Zhang, Jie and Xu, Chi},
  booktitle={International Conference on Machine Learning (ICML)},
  year={2024}
}

