@inproceedings{kour2014real,
  title={Real-time segmentation of on-line handwritten arabic script},
  author={Kour, George and Saabne, Raid},
  booktitle={Frontiers in Handwriting Recognition (ICFHR), 2014 14th International Conference on},
  pages={417--422},
  year={2014},
  organization={IEEE}
}

@inproceedings{kour2014fast,
  title={Fast classification of handwritten on-line Arabic characters},
  author={Kour, George and Saabne, Raid},
  booktitle={Soft Computing and Pattern Recognition (SoCPaR), 2014 6th International Conference of},
  pages={312--318},
  year={2014},
  organization={IEEE}
}

@article{hadash2018estimate,
  title={Estimate and Replace: A Novel Approach to Integrating Deep Neural Networks with Existing Applications},
  author={Hadash, Guy and Kermany, Einat and Carmeli, Boaz and Lavi, Ofer and Kour, George and Jacovi, Alon},
  journal={arXiv preprint arXiv:1804.09028},
  year={2018}
}

@incollection{Bengio+chapter2007,
author = {Bengio, Yoshua and LeCun, Yann},
booktitle = {Large Scale Kernel Machines},
publisher = {MIT Press},
title = {Scaling Learning Algorithms Towards {AI}},
year = {2007}
}

@article{Hinton06,
author = {Hinton, Geoffrey E. and Osindero, Simon and Teh, Yee Whye},
journal = {Neural Computation},
pages = {1527--1554},
title = {A Fast Learning Algorithm for Deep Belief Nets},
volume = {18},
year = {2006}
}

@book{goodfellow2016deep,
title={Deep learning},
author={Goodfellow, Ian and Bengio, Yoshua and Courville, Aaron and Bengio, Yoshua},
volume={1},
year={2016},
publisher={MIT Press}
}

%%%%%%%%%%%%%%%%%%%%%%%%%%%%%%%%%%%%%%%%%%%%%%%%%%%%%

@article{dantzig1959truck,
  title={The truck dispatching problem},
  author={Dantzig, George B and Ramser, John H},
  journal={Management science},
  volume={6},
  number={1},
  pages={80--91},
  year={1959},
  publisher={Informs}
}

@book{toth2014vehicle,
  title={Vehicle routing: problems, methods, and applications},
  author={Toth, Paolo and Vigo, Daniele},
  year={2014},
  publisher={SIAM}
}

@article{jozefowiez2008multi,
  title={Multi-objective vehicle routing problems},
  author={Jozefowiez, Nicolas and Semet, Fr{\'e}d{\'e}ric and Talbi, El-Ghazali},
  journal={European journal of operational research},
  volume={189},
  number={2},
  pages={293--309},
  year={2008},
  publisher={Elsevier}
}

@book{cordeau2000vrp,
  title={The VRP with time windows},
  author={Cordeau, Jean-Francois and Groupe d'{\'e}tudes et de recherche en analyse des d{\'e}cisions (Montr{\'e}al, Qu{\'e}bec)},
  year={2000},
  publisher={Groupe d'{\'e}tudes et de recherche en analyse des d{\'e}cisions Montr{\'e}al}
}

@article{li2020multi,
  title={Multi-trip vehicle routing problem with order release time},
  author={Li, Wenli and Wu, Yong and Kumar, PN Ram and Li, Kunpeng},
  journal={Engineering Optimization},
  volume={52},
  number={8},
  pages={1279--1294},
  year={2020},
  publisher={Taylor \& Francis}
}

@book{corberan2015arc,
  title={Arc routing: problems, methods, and applications},
  author={Corber{\'a}n, {\'A}ngel and Laporte, Gilbert},
  year={2015},
  publisher={SIAM}
}

@article{lau2003vehicle,
  title={Vehicle routing problem with time windows and a limited number of vehicles},
  author={Lau, Hoong Chuin and Sim, Melvyn and Teo, Kwong Meng},
  journal={European journal of operational research},
  volume={148},
  number={3},
  pages={559--569},
  year={2003},
  publisher={Elsevier}
}

@article{haghani2005dynamic,
  title={A dynamic vehicle routing problem with time-dependent travel times},
  author={Haghani, Ali and Jung, Soojung},
  journal={Computers \& operations research},
  volume={32},
  number={11},
  pages={2959--2986},
  year={2005},
  publisher={Elsevier}
}

@incollection{jaillet2008online,
  title={Online vehicle routing problems: A survey},
  author={Jaillet, Patrick and Wagner, Michael R},
  booktitle={The Vehicle Routing Problem: Latest Advances and New Challenges},
  pages={221--237},
  year={2008},
  publisher={Springer}
}

@article{moshref2020truck,
  title={A truck and drones model for last-mile delivery: A mathematical model and heuristic approach},
  author={Moshref-Javadi, Mohammad and Hemmati, Ahmad and Winkenbach, Matthias},
  journal={Applied Mathematical Modelling},
  volume={80},
  pages={290--318},
  year={2020},
  publisher={Elsevier}
}

@article{waters1989vehicle,
  title={Vehicle-scheduling problems with uncertainty and omitted customers},
  author={Waters, C Donald J},
  journal={Journal of the Operational Research Society},
  volume={40},
  number={12},
  pages={1099--1108},
  year={1989},
  publisher={Taylor \& Francis}
}

@article{schneider2014electric,
  title={The electric vehicle-routing problem with time windows and recharging stations},
  author={Schneider, Michael and Stenger, Andreas and Goeke, Dominik},
  journal={Transportation science},
  volume={48},
  number={4},
  pages={500--520},
  year={2014},
  publisher={INFORMS}
}

@incollection{baldacci2008routing,
  title={Routing a heterogeneous fleet of vehicles},
  author={Baldacci, Roberto and Battarra, Maria and Vigo, Daniele},
  booktitle={The vehicle routing problem: latest advances and new challenges},
  pages={3--27},
  year={2008},
  publisher={Springer}
}

@article{vinyals2015pointer,
  title={Pointer networks},
  author={Vinyals, Oriol and Fortunato, Meire and Jaitly, Navdeep},
  journal={Advances in neural information processing systems},
  volume={28},
  year={2015}
}

@article{bello2016neural,
  title={Neural combinatorial optimization with reinforcement learning},
  author={Bello, Irwan and Pham, Hieu and Le, Quoc V and Norouzi, Mohammad and Bengio, Samy},
  journal={arXiv preprint arXiv:1611.09940},
  year={2016}
}

@article{nazari2018reinforcement,
  title={Reinforcement learning for solving the vehicle routing problem},
  author={Nazari, Mohammadreza and Oroojlooy, Afshin and Snyder, Lawrence and Tak{\'a}c, Martin},
  journal={Advances in neural information processing systems},
  volume={31},
  year={2018}
}

@inproceedings{kool2018attention,
    title={Attention, Learn to Solve Routing Problems!},
    author={Wouter Kool and Herke van Hoof and Max Welling},
    booktitle={International Conference on Learning Representations},
    year={2019},
    url={https://openreview.net/forum?id=ByxBFsRqYm},
}

@article{sutskever2014sequence,
  title={Sequence to sequence learning with neural networks},
  author={Sutskever, Ilya and Vinyals, Oriol and Le, Quoc V},
  journal={Advances in neural information processing systems},
  volume={27},
  year={2014}
}

@inproceedings{bahdanau2015neural,
  title={Neural machine translation by jointly learning to align and translate},
  author={Bahdanau, Dzmitry and Cho, Kyung Hyun and Bengio, Yoshua},
  booktitle={3rd International Conference on Learning Representations, ICLR 2015},
  year={2015}
}

@article{vaswani2017attention,
  title={Attention is all you need},
  author={Vaswani, Ashish and Shazeer, Noam and Parmar, Niki and Uszkoreit, Jakob and Jones, Llion and Gomez, Aidan N and Kaiser, {\L}ukasz and Polosukhin, Illia},
  journal={Advances in neural information processing systems},
  volume={30},
  year={2017}
}

@inproceedings{nowak2017note,
  title={A note on learning algorithms for quadratic assignment with graph neural networks},
  author={Nowak, Alex and Villar, Soledad and Bandeira, Afonso S and Bruna, Joan},
  booktitle={Proceeding of the 34th International Conference on Machine Learning (ICML)},
  volume={1050},
  pages={22},
  year={2017}
}

@article{manchanda2019learning,
  title={Learning heuristics over large graphs via deep reinforcement learning},
  author={Manchanda, Sahil and Mittal, Akash and Dhawan, Anuj and Medya, Sourav and Ranu, Sayan and Singh, Ambuj},
  journal={arXiv preprint arXiv:1903.03332},
  year={2019}
}

@article{joshi2019efficient,
  title={An efficient graph convolutional network technique for the travelling salesman problem},
  author={Joshi, Chaitanya K and Laurent, Thomas and Bresson, Xavier},
  journal={arXiv preprint arXiv:1906.01227},
  year={2019}
}

@article{velickovic2018graph,
  title="{Graph Attention Networks}",
  author={Veli{\v{c}}kovi{\'{c}}, Petar and Cucurull, Guillem and Casanova, Arantxa and Romero, Adriana and Li{\`{o}}, Pietro and Bengio, Yoshua},
  journal={International Conference on Learning Representations},
  year={2018},
  url={https://openreview.net/forum?id=rJXMpikCZ},
  note={accepted as poster},
}

@inproceedings{drori2020learning,
  title={Learning to solve combinatorial optimization problems on real-world graphs in linear time},
  author={Drori, Iddo and Kharkar, Anant and Sickinger, William R and Kates, Brandon and Ma, Qiang and Ge, Suwen and Dolev, Eden and Dietrich, Brenda and Williamson, David P and Udell, Madeleine},
  booktitle={2020 19th IEEE International Conference on Machine Learning and Applications (ICMLA)},
  pages={19--24},
  year={2020},
  organization={IEEE}
}

@article{maranzana1964location,
  title={On the location of supply points to minimize transport costs},
  author={Maranzana, FE},
  journal={Journal of the Operational Research Society},
  volume={15},
  number={3},
  pages={261--270},
  year={1964},
  publisher={Taylor \& Francis}
}

@article{rand1976methodological,
  title={Methodological choices in depot location studies},
  author={Rand, Graham K},
  journal={Journal of the Operational Research Society},
  volume={27},
  number={1},
  pages={241--249},
  year={1976},
  publisher={Springer}
}

@article{salhi1989effect,
  title={The effect of ignoring routes when locating depots},
  author={Salhi, Said and Rand, Graham K},
  journal={European journal of operational research},
  volume={39},
  number={2},
  pages={150--156},
  year={1989},
  publisher={Elsevier}
}

@article{nagy2007location,
  title={Location-routing: Issues, models and methods},
  author={Nagy, G{\'a}bor and Salhi, Sa{\"\i}d},
  journal={European journal of operational research},
  volume={177},
  number={2},
  pages={649--672},
  year={2007},
  publisher={Elsevier}
}

@article{drexl2015survey,
  title={A survey of variants and extensions of the location-routing problem},
  author={Drexl, Michael and Schneider, Michael},
  journal={European Journal of Operational Research},
  volume={241},
  number={2},
  pages={283--308},
  year={2015},
  publisher={Elsevier}
}

@incollection{akca2009branch,
  title={A branch-and-price algorithm for combined location and routing problems under capacity restrictions},
  author={Akca, Z and Berger, RT and Ralphs, TK},
  booktitle={Operations research and cyber-infrastructure},
  pages={309--330},
  year={2009},
  publisher={Springer}
}

@article{hassanpour2023infectious,
  title={Infectious waste management during a pandemic: A stochastic location-routing problem with chance-constrained time windows},
  author={Hassanpour, Saeed Tasouji and Ke, Ginger Y and Zhao, Jiahong and Tulett, David M},
  journal={Computers \& Industrial Engineering},
  volume={177},
  pages={109066},
  year={2023},
  publisher={Elsevier}
}

@article{belenguer2011branch,
  title={A branch-and-cut method for the capacitated location-routing problem},
  author={Belenguer, Jos{\'e}-Manuel and Benavent, Enrique and Prins, Christian and Prodhon, Caroline and Calvo, Roberto Wolfler},
  journal={Computers \& Operations Research},
  volume={38},
  number={6},
  pages={931--941},
  year={2011},
  publisher={Elsevier}
}

@article{schneider2017survey,
  title={A survey of the standard location-routing problem},
  author={Schneider, Michael and Drexl, Michael},
  journal={Annals of Operations Research},
  volume={259},
  number={1},
  pages={389--414},
  year={2017},
  publisher={Springer}
}

@article{prodhon2014survey,
  title={A survey of recent research on location-routing problems},
  author={Prodhon, Caroline and Prins, Christian},
  journal={European Journal of Operational Research},
  volume={238},
  number={1},
  pages={1--17},
  year={2014},
  publisher={Elsevier}
}

% math-heristic

@article{rath2014math,
  title={A math-heuristic for the warehouse location--routing problem in disaster relief},
  author={Rath, Stefan and Gutjahr, Walter J},
  journal={Computers \& Operations Research},
  volume={42},
  pages={25--39},
  year={2014},
  publisher={Elsevier}
}

@article{pourmohammadi2023solving,
  title={Solving a hub location-routing problem with a queue system under social responsibility by a fuzzy meta-heuristic algorithm},
  author={Pourmohammadi, Pardis and Tavakkoli-Moghaddam, Reza and Rahimi, Yaser and Triki, Chefi},
  journal={Annals of Operations Research},
  volume={324},
  number={1-2},
  pages={1099--1128},
  year={2023},
  publisher={Springer}
}

@article{osorio2023effective,
  title={Effective metaheuristics for the latency location routing problem},
  author={Osorio-Mora, Alan and Rey, Carlos and Toth, Paolo and Vigo, Daniele},
  journal={International Transactions in Operational Research},
  year={2023},
  publisher={Wiley Online Library}
}

@article{tordecilla2023location,
  title={The location routing problem with facility sizing decisions},
  author={Tordecilla, Rafael D and Montoya-Torres, Jairo R and Quintero-Araujo, Carlos L and Panadero, Javier and Juan, Angel A},
  journal={International Transactions in Operational Research},
  volume={30},
  number={2},
  pages={915--945},
  year={2023},
  publisher={Wiley Online Library}
}

@article{guerrero2015relax,
  title={A relax-and-price heuristic for the inventory-location-routing problem},
  author={Guerrero, William J and Prodhon, Caroline and Velasco, Nubia and Amaya, Ciro-Alberto},
  journal={International Transactions in Operational Research},
  volume={22},
  number={1},
  pages={129--148},
  year={2015},
  publisher={Wiley Online Library}
}

@article{gianessi2016multicommodity,
  title={The multicommodity-ring location routing problem},
  author={Gianessi, Paolo and Alfandari, Laurent and L{\'e}tocart, Lucas and Wolfler Calvo, Roberto},
  journal={Transportation Science},
  volume={50},
  number={2},
  pages={541--558},
  year={2016},
  publisher={INFORMS}
}

@article{danach2019capacitated,
  title={The capacitated single-allocation p-hub location routing problem: a Lagrangian relaxation and a hyper-heuristic approach},
  author={Danach, Kassem and Gelareh, Shahin and Monemi, Rahimeh Neamatian},
  journal={EURO Journal on Transportation and Logistics},
  volume={8},
  number={5},
  pages={597--631},
  year={2019},
  publisher={Elsevier}
}

@article{alvim2013popmusic,
  title={POPMUSIC for the world location-routing problem},
  author={Alvim, Adriana CF and Taillard, {\'E}ric D},
  journal={EURO Journal on Transportation and Logistics},
  volume={2},
  number={3},
  pages={231--254},
  year={2013},
  publisher={Elsevier}
}

@article{contardo2014grasp+,
  title={A GRASP+ ILP-based metaheuristic for the capacitated location-routing problem},
  author={Contardo, Claudio and Cordeau, Jean-Fran{\c{c}}ois and Gendron, Bernard},
  journal={Journal of Heuristics},
  volume={20},
  number={1},
  pages={1--38},
  year={2014},
  publisher={Springer}
}

@article{ghasemi2022multi,
  title={A multi-objective and multi-level model for location-routing problem in the supply chain based on the customer’s time window},
  author={Ghasemi, Peiman and Hemmaty, Hossein and Pourghader Chobar, Adel and Heidari, Mohamad Reza and Keramati, Mahdi},
  journal={Journal of Applied Research on Industrial Engineering},
  year={2022},
  publisher={Ayandegan Institute of Higher Education, Iran}
}

@article{alamatsaz2022multiobjective,
  title={A multiobjective model for the green capacitated location-routing problem considering drivers’ satisfaction and time window with uncertain demand},
  author={Alamatsaz, Kayhan and Ahmadi, Abbas and Mirzapour Al-e-hashem, Seyed Mohammad Javad},
  journal={Environmental Science and Pollution Research},
  volume={29},
  number={4},
  pages={5052--5071},
  year={2022},
  publisher={Springer}
}

% two learning-based heuristic

@article{prins2006solving,
  title={Solving the capacitated location-routing problem by a GRASP complemented by a learning process and a path relinking},
  author={Prins, Christian and Prodhon, Caroline and Calvo, Roberto Wolfler},
  journal={4OR},
  volume={4},
  number={3},
  pages={221--238},
  year={2006},
  publisher={Springer}
}

@article{nguyen2012solving,
  title={Solving the two-echelon location routing problem by a GRASP reinforced by a learning process and path relinking},
  author={Nguyen, Viet-Phuong and Prins, Christian and Prodhon, Caroline},
  journal={European Journal of Operational Research},
  volume={216},
  number={1},
  pages={113--126},
  year={2012},
  publisher={Elsevier}
}

% two column generation

@article{contardo2014exact,
  title={An exact algorithm based on cut-and-column generation for the capacitated location-routing problem},
  author={Contardo, Claudio and Cordeau, Jean-Fran{\c{c}}ois and Gendron, Bernard},
  journal={INFORMS Journal on Computing},
  volume={26},
  number={1},
  pages={88--102},
  year={2014},
  publisher={INFORMS}
}

% some branch-and-price

@article{contardo2013computational,
  title={A computational comparison of flow formulations for the capacitated location-routing problem},
  author={Contardo, Claudio and Cordeau, Fran{\c{c}}ois and Gendron, Bernard},
  journal={Discrete Optimization},
  volume={10},
  number={4},
  pages={263--295},
  year={2013},
  publisher={Elsevier}
}

% fuzzy-constraints programming
@article{tirkolaee2021sustainable,
  title={Sustainable fuzzy multi-trip location-routing problem for medical waste management during the COVID-19 outbreak},
  author={Tirkolaee, Erfan Babaee and Abbasian, Parvin and Weber, Gerhard-Wilhelm},
  journal={Science of the Total Environment},
  volume={756},
  pages={143607},
  year={2021},
  publisher={Elsevier}
}

% some heuristic

% cluster
@article{billionnet2005designing,
  title={Designing radio-mobile access networks based on synchronous digital hierarchy rings},
  author={Billionnet, Alain and Elloumi, Sourour and Djerbi, Leila Grouz},
  journal={Computers \& operations research},
  volume={32},
  number={2},
  pages={379--394},
  year={2005},
  publisher={Elsevier}
}

@article{barreto2007using,
  title={Using clustering analysis in a capacitated location-routing problem},
  author={Barreto, S{\'e}rgio and Ferreira, Carlos and Paixao, Jose and Santos, Beatriz Sousa},
  journal={European Journal of Operational Research},
  volume={179},
  number={3},
  pages={968--977},
  year={2007},
  publisher={Elsevier}
}

% iteritaive
@article{salhi2009local,
  title={Local improvement in planar facility location using vehicle routing},
  author={Salhi, Sa{\"\i}d and Nagy, G{\'a}bor},
  journal={Annals of Operations Research},
  volume={167},
  number={1},
  pages={287--296},
  year={2009},
  publisher={Springer}
}

@article{schwardt2005solving,
  title={Solving a continuous location-routing problem by use of a self-organizing map},
  author={Schwardt, Martin and Dethloff, Jan},
  journal={International Journal of Physical Distribution \& Logistics Management},
  volume={35},
  number={6},
  pages={390--408},
  year={2005},
  publisher={Emerald Group Publishing Limited}
}

@article{pourghader2022multi,
  title={A multi-objective location-routing problem model for multi-device relief logistics under uncertainty using meta-heuristic algorithm},
  author={Pourghader Chobar, Adel and Sabk Ara, Majid and Moradi Pirbalouti, Samaneh and Khadem, Mehdi and Bahrami, Saeed},
  journal={Journal of Applied Research on Industrial Engineering},
  volume={9},
  number={3},
  pages={354--373},
  year={2022},
  publisher={Ayandegan Institute of Higher Education, Iran}
}

% hierarchical
@article{albareda2005compact,
  title={A compact model and tight bounds for a combined location-routing problem},
  author={Albareda-Sambola, Maria and D{\`i}az, Juan A and Fern{\`a}ndez, Elena},
  journal={Computers \& operations research},
  volume={32},
  number={3},
  pages={407--428},
  year={2005},
  publisher={Elsevier}
}

@article{melechovsky2005metaheuristic,
  title={A metaheuristic to solve a location-routing problem with non-linear costs},
  author={Melechovsk{\`y}, Jan and Prins, Christian and Calvo, Roberto Wolfler},
  journal={Journal of Heuristics},
  volume={11},
  number={5},
  pages={375--391},
  year={2005},
  publisher={Springer}
}

@article{albareda2007heuristic,
  title={Heuristic and lower bound for a stochastic location-routing problem},
  author={Albareda-Sambola, Maria and Fern{\'a}ndez, Elena and Laporte, Gilbert},
  journal={European Journal of Operational Research},
  volume={179},
  number={3},
  pages={940--955},
  year={2007},
  publisher={Elsevier}
}

# for planar review 4 papers

# 1.single-facility
# article: schwardt2005solving has been listed above
# title: Solving a continuous location-routing problem by use of a self-organizing map

# 2.multiple-facility
# article: salhi2009local has been listed above
# title: Local improvement in planar facility location using vehicle routing

# 3.single facility (extend from work 1)
@article{schwardt2009combined,
  title={Combined location-routing problems—a neural network approach},
  author={Schwardt, Martin and Fischer, Kathrin},
  journal={Annals of Operations Research},
  volume={167},
  pages={253--269},
  year={2009},
  publisher={Springer}
}

# 4.single facility
@article{manzour2012hierarchical,
  title={A hierarchical algorithm for the planar single-facility location routing problem},
  author={Manzour-al-Ajdad, SMH and Torabi, S Ali and Salhi, Said},
  journal={Computers \& Operations Research},
  volume={39},
  number={2},
  pages={461--470},
  year={2012},
  publisher={Elsevier}
}

# additional DRL
@article{xu2021reinforcement,
  title={Reinforcement learning with multiple relational attention for solving vehicle routing problems},
  author={Xu, Yunqiu and Fang, Meng and Chen, Ling and Xu, Gangyan and Du, Yali and Zhang, Chengqi},
  journal={IEEE Transactions on Cybernetics},
  volume={52},
  number={10},
  pages={11107--11120},
  year={2021},
  publisher={IEEE}
}

@article{zhang2021solving,
  title={Solving dynamic traveling salesman problems with deep reinforcement learning},
  author={Zhang, Zizhen and Liu, Hong and Zhou, MengChu and Wang, Jiahai},
  journal={IEEE Transactions on Neural Networks and Learning Systems},
  year={2021},
  publisher={IEEE}
}

% add on transformer-based
@article{li2021deep,
  title={Deep reinforcement learning for solving the heterogeneous capacitated vehicle routing problem},
  author={Li, Jingwen and Ma, Yining and Gao, Ruize and Cao, Zhiguang and Lim, Andrew and Song, Wen and Zhang, Jie},
  journal={IEEE Transactions on Cybernetics},
  volume={52},
  number={12},
  pages={13572--13585},
  year={2021},
  publisher={IEEE}
}

@inproceedings{xin2021multi,
  title={Multi-decoder attention model with embedding glimpse for solving vehicle routing problems},
  author={Xin, Liang and Song, Wen and Cao, Zhiguang and Zhang, Jie},
  booktitle={Proceedings of the AAAI Conference on Artificial Intelligence},
  volume={35},
  number={13},
  pages={12042--12049},
  year={2021}
}

@article{bogyrbayeva2023deep,
  title={A deep reinforcement learning approach for solving the traveling salesman problem with drone},
  author={Bogyrbayeva, Aigerim and Yoon, Taehyun and Ko, Hanbum and Lim, Sungbin and Yun, Hyokun and Kwon, Changhyun},
  journal={Transportation Research Part C: Emerging Technologies},
  volume={148},
  pages={103981},
  year={2023},
  publisher={Elsevier}
}

@article{guo2023deep,
  title={Deep attention models with dimension-reduction and gate mechanisms for solving practical time-dependent vehicle routing problems},
  author={Guo, Feng and Wei, Qu and Wang, Miao and Guo, Zhaoxia and Wallace, Stein W},
  journal={Transportation research part E: logistics and transportation review},
  volume={173},
  pages={103095},
  year={2023},
  publisher={Elsevier}
}

% newly added learning based method
@article{kwon2020pomo,
  title={Pomo: Policy optimization with multiple optima for reinforcement learning},
  author={Kwon, Yeong-Dae and Choo, Jinho and Kim, Byoungjip and Yoon, Iljoo and Gwon, Youngjune and Min, Seungjai},
  journal={Advances in Neural Information Processing Systems},
  volume={33},
  pages={21188--21198},
  year={2020}
}

% concentrate on cross-distribution
@inproceedings{jiang2022learning,
  title={Learning to solve routing problems via distributionally robust optimization},
  author={Jiang, Yuan and Wu, Yaoxin and Cao, Zhiguang and Zhang, Jie},
  booktitle={Proceedings of the AAAI Conference on Artificial Intelligence},
  volume={36},
  number={9},
  pages={9786--9794},
  year={2022}
}

% also concentrate on cross-distribution
@article{bi2022learning,
  title={Learning generalizable models for vehicle routing problems via knowledge distillation},
  author={Bi, Jieyi and Ma, Yining and Wang, Jiahai and Cao, Zhiguang and Chen, Jinbiao and Sun, Yuan and Chee, Yeow Meng},
  journal={Advances in Neural Information Processing Systems},
  volume={35},
  pages={31226--31238},
  year={2022}
}

% following two are effective search methods， also not model structures to construct the solution
@article{hottung2021efficient,
  title={Efficient active search for combinatorial optimization problems},
  author={Hottung, Andr{\'e} and Kwon, Yeong-Dae and Tierney, Kevin},
  journal={arXiv preprint arXiv:2106.05126},
  year={2021}
}

@article{choo2022simulation,
  title={Simulation-guided beam search for neural combinatorial optimization},
  author={Choo, Jinho and Kwon, Yeong-Dae and Kim, Jihoon and Jae, Jeongwoo and Hottung, Andr{\'e} and Tierney, Kevin and Gwon, Youngjune},
  journal={Advances in Neural Information Processing Systems},
  volume={35},
  pages={8760--8772},
  year={2022}
}

@inproceedings{lu2020learning,
  title={A learning-based iterative method for solving vehicle routing problems},
  author={Lu, Hao and Zhang, Xingwen and Yang, Shuang},
  booktitle={International conference on learning representations},
  year={2020}
}

@article{li2021learning,
  title={Learning to delegate for large-scale vehicle routing},
  author={Li, Sirui and Yan, Zhongxia and Wu, Cathy},
  journal={Advances in Neural Information Processing Systems},
  volume={34},
  pages={26198--26211},
  year={2021}
}

# Theydefine a rewriting rule set and train two policy networks, a region-picking policy and a rule-pickingpolicy, to obtain the next state.
@article{chen2019learning,
  title={Learning to perform local rewriting for combinatorial optimization},
  author={Chen, Xinyun and Tian, Yuandong},
  journal={Advances in Neural Information Processing Systems},
  volume={32},
  year={2019}
}

@article{hottung2019neural,
  title={Neural large neighborhood search for the capacitated vehicle routing problem},
  author={Hottung, Andr{\'e} and Tierney, Kevin},
  journal={arXiv preprint arXiv:1911.09539},
  year={2019}
}

@article{chen2020dynamic,
  title={Dynamic partial removal: A neural network heuristic for large neighborhood search},
  author={Chen, Mingxiang and Gao, Lei and Chen, Qichang and Liu, Zhixin},
  journal={arXiv preprint arXiv:2005.09330},
  year={2020}
}

# NeuroLKH
@article{xin2021neurolkh,
  title={NeuroLKH: Combining deep learning model with Lin-Kernighan-Helsgaun heuristic for solving the traveling salesman problem},
  author={Xin, Liang and Song, Wen and Cao, Zhiguang and Zhang, Jie},
  journal={Advances in Neural Information Processing Systems},
  volume={34},
  pages={7472--7483},
  year={2021}
}
# add on 7.7.2023
@article{xin2020step,
  title={Step-wise deep learning models for solving routing problems},
  author={Xin, Liang and Song, Wen and Cao, Zhiguang and Zhang, Jie},
  journal={IEEE Transactions on Industrial Informatics},
  volume={17},
  number={7},
  pages={4861--4871},
  year={2020},
  publisher={IEEE}
}

% learn-to-improve
@article{ma2021learning,
  title={Learning to iteratively solve routing problems with dual-aspect collaborative transformer},
  author={Ma, Yining and Li, Jingwen and Cao, Zhiguang and Song, Wen and Zhang, Le and Chen, Zhenghua and Tang, Jing},
  journal={Advances in Neural Information Processing Systems},
  volume={34},
  pages={11096--11107},
  year={2021}
}

@article{wu2021learning,
  title={Learning improvement heuristics for solving routing problems},
  author={Wu, Yaoxin and Song, Wen and Cao, Zhiguang and Zhang, Jie and Lim, Andrew},
  journal={IEEE transactions on neural networks and learning systems},
  volume={33},
  number={9},
  pages={5057--5069},
  year={2021},
  publisher={IEEE}
}

% additional

@article{magnanti1981combinatorial,
  title={Combinatorial optimization and vehicle fleet planning: Perspectives and prospects},
  author={Magnanti, Thomas L},
  journal={Networks},
  volume={11},
  number={2},
  pages={179--213},
  year={1981},
  publisher={Wiley Online Library}
}

@article{feng2023adaptively,
  title={Adaptively Distributed Nash Equilibrium Seeking of Noncooperative Games for Uncertain Heterogeneous Linear Multi-Agent Systems},
  author={Feng, Zhi and Hu, Guoqiang and Dong, Xiwang and L{\"u}, Jinhu},
  journal={IEEE Transactions on Network Science and Engineering},
  year={2023},
  publisher={IEEE}
}

@article{tuzun1999two,
  title={A two-phase tabu search approach to the location routing problem},
  author={Tuzun, Dilek and Burke, Laura I},
  journal={European journal of operational research},
  volume={116},
  number={1},
  pages={87--99},
  year={1999},
  publisher={Elsevier}
}

% no depot cost
@article{arishi2023multi,
  title={A multi-agent deep reinforcement learning approach for solving the multi-depot vehicle routing problem},
  author={Arishi, Ali and Krishnan, Krishna},
  journal={Journal of Management Analytics},
  volume={10},
  number={3},
  pages={493--515},
  year={2023},
  publisher={Taylor \& Francis}
}

% no depot cost
@article{zhang2023graph,
  title={Graph attention reinforcement learning with flexible matching policies for multi-depot vehicle routing problems},
  author={Zhang, Ke and Lin, Xi and Li, Meng},
  journal={Physica A: Statistical Mechanics and its Applications},
  volume={611},
  pages={128451},
  year={2023},
  publisher={Elsevier}
}

% no depot cost
@inproceedings{rabbanian2023analysis,
  title={Analysis of Decoding Strategies for Transformer-Based Solution of Multi-Depot Vehicle Routing Problems},
  author={Rabbanian, Seyedeh Shaghayegh and Wang, Hao and Knapp, Gerald M},
  booktitle={IISE Annual Conference and Expo},
  volume={2023},
  pages={3575},
  year={2023},
  organization={IISE}
}

% two0stage
@article{anuar2021multi,
  title={A multi-depot vehicle routing problem with stochastic road capacity and reduced two-stage stochastic integer linear programming models for rollout algorithm},
  author={Anuar, Wadi Khalid and Lee, Lai Soon and Seow, Hsin-Vonn and Pickl, Stefan},
  journal={Mathematics},
  volume={9},
  number={13},
  pages={1572},
  year={2021},
  publisher={MDPI}
}

% two0stage
@inproceedings{wang2023new,
  title={A New Approach for Solving Location Routing Problems with Deep Reinforcement Learning of Emergency Medical Facility},
  author={Wang, Shaohua and Zhou, Junyuan and Liang, Haojian and Wang, Zhenbo and Su, Cheng and Li, Xiao},
  booktitle={Proceedings of the 8th ACM SIGSPATIAL International Workshop on Security Response using GIS},
  pages={50--53},
  year={2023}
}

% MDVRP
@article{crevier2007multi,
  title={The multi-depot vehicle routing problem with inter-depot routes},
  author={Crevier, Benoit and Cordeau, Jean-Fran{\c{c}}ois and Laporte, Gilbert},
  journal={European journal of operational research},
  volume={176},
  number={2},
  pages={756--773},
  year={2007},
  publisher={Elsevier}
}

% MDVRP
@article{ho2008hybrid,
  title={A hybrid genetic algorithm for the multi-depot vehicle routing problem},
  author={Ho, William and Ho, George TS and Ji, Ping and Lau, Henry CW},
  journal={Engineering applications of artificial intelligence},
  volume={21},
  number={4},
  pages={548--557},
  year={2008},
  publisher={Elsevier}
}


% since 2024

@article{li2024truck,
  title={Truck and rotary-wing drone routing problem considering flight-level selection},
  author={Li, Hongqi and Wang, Feilong and Zhan, Zhuopeng},
  journal={Journal of the Operational Research Society},
  volume={75},
  number={2},
  pages={205--223},
  year={2024},
  publisher={Taylor \& Francis}
}

# some additional added about genrality on scenarios
@inproceedings{lin2024cross,
  title={Cross-Problem Learning for Solving Vehicle Routing Problems},
  author={Lin, Zhuoyi and Wu, Yaoxin and Zhou, Bangjian and Cao, Zhiguang and Song, Wen and Zhang, Yingqian and Senthilnath, Jayavelu},
  booktitle={The 33rd International Joint Conference on Artificial Intelligence (IJCAI-24)},
  year={2024}
}

@inproceedings{liu2024multi,
  title={Multi-task learning for routing problem with cross-problem zero-shot generalization},
  author={Liu, Fei and Lin, Xi and Wang, Zhenkun and Zhang, Qingfu and Xialiang, Tong and Yuan, Mingxuan},
  booktitle={Proceedings of the 30th ACM SIGKDD Conference on Knowledge Discovery and Data Mining},
  pages={1898--1908},
  year={2024}
}

@inproceedings{zhou2024mvmoe,
  title={MVMoE: Multi-Task Vehicle Routing Solver with Mixture-of-Experts},
  author={Zhou, Jianan and Cao, Zhiguang and Wu, Yaoxin and Song, Wen and Ma, Yining and Zhang, Jie and Xu, Chi},
  booktitle={International Conference on Machine Learning (ICML)},
  year={2024}
}

@inproceedings{ye2024glop,
  title={Glop: Learning global partition and local construction for solving large-scale routing problems in real-time},
  author={Ye, Haoran and Wang, Jiarui and Liang, Helan and Cao, Zhiguang and Li, Yong and Li, Fanzhang},
  booktitle={Proceedings of the AAAI Conference on Artificial Intelligence},
  volume={38},
  number={18},
  pages={20284--20292},
  year={2024}
}

% TAM
@inproceedings{hou2023generalize,
  title={Generalize learned heuristics to solve large-scale vehicle routing problems in real-time},
  author={Hou, Qingchun and Yang, Jingwei and Su, Yiqiang and Wang, Xiaoqing and Deng, Yuming},
  booktitle={The Eleventh International Conference on Learning Representations}
}