@inproceedings{PKMN20,
  author       = {Paolo Pareti and
                  George Konstantinidis and
                  Fabio Mogavero and
                  Timothy J. Norman},
  title        = {{SHACL} Satisfiability and Containment},
  booktitle    = {International Semantic Web Conference (ISWC)},
  pages        = {474--493},
  publisher    = {Springer},
  year         = {2020},
}

@InProceedings{ProGS,
  author="Seifer, Philipp
    and L{\"a}mmel, Ralf
    and Staab, Steffen",
  title="ProGS: Property Graph Shapes Language",
  booktitle="The Semantic Web -- ISWC 2021",
  year="2021",
  publisher="Springer International Publishing",
  address="Cham",
  pages="392--409",
  isbn="978-3-030-88361-4"
}

