% General References
@techreport{OWL,
	title        = {{OWL 2 Web Ontology Language Document Overview (Second Edition)}},
	author       = {{W3C OWL Working Group}},
	year         = 2012,
	month        = dec,
	note         = {https://www.w3.org/TR/2012/REC-owl2-overview-20121211/},
	type         = {{W3C} Recommendation},
	institution  = {W3C}
}
@techreport{CWL14,
	title        = {{RDF 1.1 Concepts and Abstract Syntax.}},
	author       = {R.~Cyganiak and D.~Wood and M.~Lanthaler},
	year         = 2014,
	note         = {\url{http://www.w3.org/TR/2014/REC-rdf11-concepts-20140225/}},
	type         = {{W3C Recommendation}},
	institution  = {{W3C}}
}
@inproceedings{HHK15,
	title        = {Reifying {RDF:} What Works Well With Wikidata?},
	author       = {Daniel Hern{\'{a}}ndez and Aidan Hogan and Markus Kr{\"{o}}tzsch},
	year         = 2015,
	booktitle    = {International Workshop on Scalable Semantic Web Knowledge Base Systems},
	volume       = 1457,
	pages        = {32--47},
	url          = {https://ceur-ws.org/Vol-1457/SSWS2015\_paper3.pdf}
}
@inproceedings{NBS14,
	title        = {Don't like {RDF} reification? {M}aking statements about statements using singleton property},
	author       = {Vinh Nguyen and Olivier Bodenreider and Amit P. Sheth},
	year         = 2014,
	booktitle    = {International World Wide Web Conference (WWW)},
	publisher    = {{ACM}},
	pages        = {759--770},
	doi          = {10.1145/2566486.2567973},
	url          = {https://doi.org/10.1145/2566486.2567973}
}
@article{CARROLL2005247,
	title        = {Named graphs},
	author       = {Jeremy J. Carroll and Christian Bizer and Pat Hayes and Patrick Stickler},
	year         = 2005,
	journal      = {Journal of Web Semantics},
	volume       = 3,
	number       = 4,
	pages        = {247--267},
	doi          = {https://doi.org/10.1016/j.websem.2005.09.001},
	issn         = {1570-8268}
}
@article{AABHRV18,
	title        = {Foundations of Modern Query Languages for Graph Databases},
	author       = {Angles, Renzo and Arenas, Marcelo and Barcel\'{o}, Pablo and Hogan, Aidan and Reutter, Juan and Vrgo\v{c}, Domagoj},
	year         = 2017,
	journal      = {ACM Comput. Surv.},
	publisher    = {ACM},
	address      = {New York, NY, USA},
	volume       = 50,
	number       = 5,
	issue_date   = {September 2018},
	articleno    = 68,
	numpages     = 40
}

@inproceedings{OS24,
  author       = {Cem Okulmus and
                  Mantas \v{S}imkus},
  title        = {{SHACL} Validation under the Well-founded Semantics},
  booktitle    = {Proc.\,of KR 2024},
  year         = {2024},
  doi          = {10.24963/KR.2024/52}
}

@inproceedings{DOPSS21,
  author       = {Shqiponja Ahmetaj and
                  Robert David and
                  Magdalena Ortiz and
                  Axel Polleres and
                  Bojken Shehu and
                  Mantas \v{S}imkus},
  editor       = {Meghyn Bienvenu and
                  Gerhard Lakemeyer and
                  Esra Erdem},
  title        = {Reasoning about Explanations for Non-validation in {SHACL}},
  booktitle    = {Proc.\,of KR 2021},
  pages        = {12--21},
  year         = {2021},
  url          = {https://doi.org/10.24963/kr.2021/2},
  doi          = {10.24963/KR.2021/2},
  timestamp    = {Tue, 01 Oct 2024 08:25:06 +0200},
  biburl       = {https://dblp.org/rec/conf/kr/AhmetajDOPSS21.bib},
  bibsource    = {dblp computer science bibliography, https://dblp.org}
}
@article{MT19,
	title        = {{Dichotomies for Evaluating Simple Regular Path Queries}},
	author       = {W.~Martens and T.~Trautner},
	year         = 2019,
	journal      = {ACM Trans. Database Syst.},
	publisher    = {ACM},
	volume       = 44,
	number       = 4,
	articleno    = 16,
	numpages     = 46
}
@inproceedings{MW89,
	title        = {{Finding Regular Simple Paths in Graph Databases}},
	author       = {A.O.~Mendelzon and P.T.~Wood},
	year         = 1989,
	booktitle    = {Proceedings of the Fifteenth International Conference on Very Large Data Bases, August 22-25, 1989, Amsterdam, The Netherlands},
	publisher    = {Morgan Kaufmann},
	pages        = {185--193}
}
@article{MW95,
	title        = {{Finding Regular Simple Paths in Graph Databases}},
	author       = {A.O.~Mendelzon and P.T.~Wood},
	year         = 1995,
	journal      = {{SIAM} J. Comput.},
	volume       = 24,
	number       = 6,
	pages        = {1235--1258}
}
}
@article{CMW87,
	title        = {A graphical query language supporting recursion},
	author       = {Cruz, Isabel F and Mendelzon, Alberto O and Wood, Peter T},
	year         = 1987,
	journal      = {ACM SIGMOD Record},
	publisher    = {ACM New York, NY, USA},
	volume       = 16,
	number       = 3,
	pages        = {323--330}
}
@article{SakrBVIAAAABBDV21,
	title        = {The future is big graphs: a community view on graph processing systems},
	author       = {Sherif Sakr and Angela Bonifati and Hannes Voigt and Alexandru Iosup and Khaled Ammar and Renzo Angles and Walid G. Aref and Marcelo Arenas and Maciej Besta and Peter A. Boncz and Khuzaima Daudjee and Emanuele Della Valle and Stefania Dumbrava and Olaf Hartig and Bernhard Haslhofer and Tim Hegeman and Jan Hidders and Katja Hose and Adriana Iamnitchi and Vasiliki Kalavri and Hugo Kapp and Wim Martens and M. Tamer {\"{O}}zsu and Eric Peukert and Stefan Plantikow and Mohamed Ragab and Matei Ripeanu and Semih Salihoglu and Christian Schulz and Petra Selmer and Juan F. Sequeda and Joshua Shinavier and G{\'{a}}bor Sz{\'{a}}rnyas and Riccardo Tommasini and Antonino Tumeo and Alexandru Uta and Ana Lucia Varbanescu and Hsiang{-}Yun Wu and Nikolay Yakovets and Da Yan and Eiko Yoneki},
	year         = 2021,
	journal      = {Commun. {ACM}},
	volume       = 64,
	number       = 9,
	pages        = {62--71},
	doi          = {10.1145/3434642},
	url          = {https://doi.org/10.1145/3434642},
	timestamp    = {Thu, 14 Oct 2021 09:00:11 +0200},
	biburl       = {https://dblp.org/rec/journals/cacm/SakrBVIAAAABBDV21.bib},
	bibsource    = {dblp computer science bibliography, https://dblp.org}
}
@article{MNNS17,
	title        = {BonXai: Combining the Simplicity of {DTD} with the Expressiveness of {XML} Schema},
	author       = {Wim Martens and Frank Neven and Matthias Niewerth and Thomas Schwentick},
	year         = 2017,
	journal      = {{ACM} Trans. Database Syst.},
	volume       = 42,
	number       = 3,
	pages        = {15:1--15:42},
	doi          = {10.1145/3105960},
	url          = {https://doi.org/10.1145/3105960}
}
% PG-Schema References
@book{BFVY23,
	title        = {Querying Graphs},
	author       = {Angela Bonifati and George H. L. Fletcher and Hannes Voigt and Nikolay Yakovets},
	year         = 2018,
	publisher    = {Morgan {\&} Claypool Publishers},
	series       = {Synthesis Lectures on Data Management},
	doi          = {10.2200/S00873ED1V01Y201808DTM051},
	isbn         = {978-3-031-00736-1},
	url          = {https://doi.org/10.2200/S00873ED1V01Y201808DTM051}
}
@article{ABDF23,
	title        = {PG-Schema: Schemas for Property Graphs},
	author       = {Angles, Renzo and Bonifati, Angela and Dumbrava, Stefania and Fletcher, George and Green, Alastair and Hidders, Jan and Li, Bei and Libkin, Leonid and Marsault, Victor and Martens, Wim and Murlak, Filip and Plantikow, Stefan and Savkovic, Ognjen and Schmidt, Michael and Sequeda, Juan and Staworko, Slawek and Tomaszuk, Dominik and Voigt, Hannes and Vrgoc, Domagoj and Wu, Mingxi and Zivkovic, Dusan},
	year         = 2023,
	journal      = {Proc. ACM Manag. Data},
	publisher    = {ACM},
	address      = {New York, NY, USA},
	volume       = 1,
	number       = 2,
	doi          = {10.1145/3589778},
	url          = {https://doi.org/10.1145/3589778},
}
@inproceedings{ABDF21,
	title        = {PG-Keys: Keys for Property Graphs},
	author       = {Angles, Renzo and Bonifati, Angela and Dumbrava, Stefania and Fletcher, George and Hare, Keith W. and Hidders, Jan and Lee, Victor E. and Li, Bei and Libkin, Leonid and Martens, Wim and Murlak, Filip and Perryman, Josh and Savkovi\'{c}, Ognjen and Schmidt, Michael and Sequeda, Juan and Staworko, Slawek and Tomaszuk, Dominik},
	year         = 2021,
	booktitle    = {International Conference on Management of Data (SIGMOD)},
	publisher    = {ACM},
	address      = {New York, NY, USA},
	pages        = {2423–2436},
	doi          = {10.1145/3448016.3457561},
	isbn         = 9781450383431,
	url          = {https://doi.org/10.1145/3448016.3457561},
	numpages     = 14,
	keywords     = {property graphs, key constraints}
}
@techreport{GQL,
	title        = {{ISO/IEC 39075:2024 Information technology -- Database languages -- GQL}},
	author       = {{International Organization for Standardization}},
	year         = 2024,
	month        = apr,
	address      = {Geneva, CH},
	volume       = 2024,
	type         = {Standard},
	key          = {ISO/IEC 39075:2024(E)},
	institution  = {International Organization for Standardization}
}
% SHACL References
@techreport{KK17,
	title        = {{Shapes constraint language (SHACL).}},
	author       = {H.~Knublauch and D.~Kontokostas},
	year         = 2017,
	note         = {\url{https://www.w3.org/TR/shacl/}},
	type         = {{W3C Recommendation}},
	institution  = {{W3C}}
}
@techreport{LKK24,
	title        = {{SHACL Test Suite and Implementation Report}},
	author       = {Labra Gayo, Jose Emilio and H.~Knublauch and D.~Kontokostas},
	year         = 2024,
	note         = {\url{https://w3c.github.io/data-shapes/data-shapes-test-suite/}},
	type         = {{W3C Document}}
}
@inproceedings{PK21,
	title        = {A Review of {SHACL}: From Data Validation to Schema Reasoning for {RDF} Graphs},
	author       = {Paolo Pareti and George Konstantinidis},
	year         = 2021,
	booktitle    = {Reasoning Web (RW)},
	publisher    = {Springer},
	pages        = {115--144},
	doi          = {10.1007/978-3-030-95481-9\_6},
	url          = {https://doi.org/10.1007/978-3-030-95481-9\_6}
}
	series       = {Lecture Notes in Computer Science},
	volume       = 13100,
	editor       = {Mantas Simkus and Ivan Varzinczak}

@inproceedings{BJB22,
	title        = {{SHACL}: {A} Description Logic in Disguise},
	author       = {Bart Bogaerts and Maxime Jakubowski and Jan Van den Bussche},
	year         = 2022,
	booktitle    = {Logic Programming and Nonmonotonic Reasoning (LPNMR)},
	publisher    = {Springer},
	pages        = {75--88},
	doi          = {10.1007/978-3-031-15707-3\_7},
	url          = {https://doi.org/10.1007/978-3-031-15707-3\_7},
}
% Recursive SHACL: proposals for semantics
@inproceedings{BJVdB22,
	title        = {Expressiveness of {SHACL} Features},
	author       = {Bart Bogaerts and Maxime Jakubowski and Jan \mbox{Van den Bussche}},
	year         = 2022,
	booktitle    = {International Conference on Database Theory (ICDT)},
	publisher    = {Schloss Dagstuhl - Leibniz-Zentrum f{\"{u}}r Informatik},
	series       = {LIPIcs},
	volume       = 220,
	pages        = {15:1--15:16},
	doi          = {10.4230/LIPIcs.ICDT.2022.15},
	url          = {https://doi.org/10.4230/LIPIcs.ICDT.2022.15},
}

@article{BJVdB24,
	title        = {{Expressiveness of SHACL Features and Extensions for Full Equality and Disjointness Tests}},
	author       = {Bart Bogaerts and Maxime Jakubowski and Jan \mbox{Van den Bussche}},
	year         = 2024,
	month        = Feb,
	journal      = {{Logical Methods in Computer Science}},
	volume       = {{Volume 20, Issue 1}},
	doi          = {10.46298/lmcs-20(1:16)2024},
	url          = {https://lmcs.episciences.org/13143}
}
@article{RLH23,
	title        = {Extraction of Validating Shapes from very large Knowledge Graphs},
	author       = {Kashif Rabbani and Matteo Lissandrini and Katja Hose},
	year         = 2023,
	journal      = {Proc. {VLDB} Endow.},
	volume       = 16,
	number       = 5,
	pages        = {1023--1032},
	doi          = {10.14778/3579075.3579078},
	url          = {https://www.vldb.org/pvldb/vol16/p1023-rabbani.pdf}
}
@inproceedings{LissandriniRH24,
	title        = {Mining Validating Shape for Large Knowledge Graphs via Dynamic Reservoir Sampling},
	author       = {Matteo Lissandrini and Kashif Rabbani and Katja Hose},
	year         = 2024,
	booktitle    = {Proceedings of the 32nd Symposium of Advanced Database Systems, Villasimius, Italy, June 23rd to 26th, 2024},
	publisher    = {CEUR-WS.org},
	series       = {{CEUR} Workshop Proceedings},
	volume       = 3741,
	pages        = {25--34},
	url          = {https://ceur-ws.org/Vol-3741/paper15.pdf},
	editor       = {Maurizio Atzori and Paolo Ciaccia and Michelangelo Ceci and Federica Mandreoli and Donato Malerba and Manuela Sanguinetti and Antonio Pellicani and Federico Motta},
	timestamp    = {Wed, 21 Aug 2024 22:46:00 +0200},
	biburl       = {https://dblp.org/rec/conf/sebd/LissandriniRH24.bib},
	bibsource    = {dblp computer science bibliography, https://dblp.org}
}
@inproceedings{DDJB23,
	title        = {Data Provenance for {SHACL}},
	author       = {Thomas Delva and Anastasia Dimou and Maxime Jakubowski and Jan {Van}~{den}~{Bussche}},
	year         = 2023,
	booktitle    = {International Conference on Extending Database Technology (EDBT)},
	publisher    = {OpenProceedings.org},
	pages        = {285--297},
	doi          = {10.48786/edbt.2023.23},
	url          = {https://doi.org/10.48786/edbt.2023.23}
}
@inproceedings{CRS18,
	title        = {Semantics and Validation of Recursive SHACL},
	author       = {Corman, Julien and Reutter, Juan L. and Savkovi{\'{c}}, Ognjen},
	year         = 2018,
	booktitle    = {International Semantic Web Conference (ISWC)},
	publisher    = {Springer},
	pages        = {318--336},
	isbn         = {978-3-030-00671-6}
}
@inproceedings{ACORSS20,
	title        = {Stable Model Semantics for Recursive {SHACL}},
	author       = {Medina Andresel and Julien Corman and Magdalena Ortiz and Juan L. Reutter and Ognjen Savkovic and Mantas \v{S}imkus},
	year         = 2020,
	booktitle    = {The Web Conference (WWW)},
	publisher    = {{ACM} / {IW3C2}},
	pages        = {1570--1580},
	doi          = {10.1145/3366423.3380229},
	url          = {https://doi.org/10.1145/3366423.3380229}
}

@inproceedings{BJ21,
	title        = {Fixpoint Semantics for Recursive {SHACL}},
	author       = {Bart Bogaerts and Maxime Jakubowski},
	year         = 2021,
	booktitle    = {International Conference on Logic Programming (ICLP)},
	volume       = 345,
	pages        = {41--47},
	doi          = {10.4204/EPTCS.345.14},
	url          = {https://doi.org/10.4204/EPTCS.345.14}
}
@inproceedings{CFRS19,
	title        = {Validating Shacl Constraints over a {SPARQL} Endpoint},
	author       = {Julien Corman and Fernando Florenzano and Juan L. Reutter and Ognjen Savkovic},
	year         = 2019,
	booktitle    = {International Semantic Web Conference (ISWC)},
	publisher    = {Springer},
	volume       = 11778,
	pages        = {145--163},
	doi          = {10.1007/978-3-030-30793-6\_9},
	url          = {https://doi.org/10.1007/978-3-030-30793-6\_9},
}
% ShEx references
@inproceedings{SBG15,
	title        = {Complexity and Expressiveness of {ShEx} for {RDF}},
	author       = {Slawek Staworko and Iovka Boneva and Labra Gayo, Jose Emilio and Samuel Hym and Prud'hommeaux, {Eric G.} and Solbrig, {Harold R.}},
	year         = 2015,
	booktitle    = {International Conference on Database Theory (ICDT)},
	pages        = {195--211},
	doi          = {10.4230/LIPIcs.ICDT.2015.195}
}
@inproceedings{PGS14,
	title        = {Shape expressions: an {RDF} validation and transformation language},
	author       = {Prud'hommeaux, Eric and Labra Gayo, Jose Emilio and Solbrig, Harold},
	year         = 2014,
	booktitle    = {International Conference on Semantic Systems (SEM)},
	publisher    = {ACM},
	pages        = {32--40},
	doi          = {10.1145/2660517.2660523},
	isbn         = 9781450329279,
	url          = {https://doi.org/10.1145/2660517.2660523},
}
@techreport{PBGK19,
	title        = {{Shape Expressions Language 2.1}},
	author       = {Eric Prud'hommeaux and Iovka Boneva and Labra Gayo, Jose Emilio and Gregg Kellog},
	year         = 2019,
	month        = apr,
	note         = {http://shex.io/shex-semantics/},
	type         = {{W3C} Community Group Report},
	institution  = {W3C}
}
@techreport{PB19,
	title        = {{ShapeMap Structure and Language}},
	author       = {Eric Prud'hommeaux and Thomas Baker},
	year         = 2017,
	month        = jul,
	note         = {http://shex.io/shape-map/},
	type         = {{W3C} Draft Community Group Report},
	institution  = {W3C}
}

@inproceedings{BGP17,
	title        = {Semantics and Validation of Shapes Schemas for {RDF}},
	author       = {Boneva, Iovka and Labra Gayo, Jose E. and Prud'hommeaux, Eric G.},
	year         = 2017,
	booktitle    = {International Semantic Web Conference (ISWC)},
	publisher    = {Springer},
	pages        = {104--120},
	isbn         = {978-3-319-68288-4}
}
@inproceedings{ThorntonSSGMPW19,
	title        = {{Using Shape Expressions (ShEx) to Share RDF Data Models and to Guide Curation with Rigorous Validation}},
	author       = {Thornton, Katherine and Solbrig, Harold and Stupp, Gregory S. and Labra Gayo, Jose Emilio and Mietchen, Daniel and Prud'hommeaux, Eric and Waagmeester, Andra},
	pages        = {606--620},
	doi          = {10.1007/978-3-030-21348-0\_39},
	crossref     = {ESWC:2019}
}
% tree-structured data
@techreport{xpath,
	title        = {{XML} Path Language ({XPath}) {3.1}},
	author       = {Michael Dyck and Jonathan Robie and Josh Spiegel},
	year         = 2017,
	month        = mar,
	note         = {https://www.w3.org/TR/2017/REC-xpath-31-20170321/},
	type         = {{W3C} Recommendation},
	institution  = {W3C}
}
@techreport{schematron,
	title        = {{ISO/IEC 19757-3:2020  Information technology -- Document Schema Definition Languages (DSDL) -- Part 3: Rule-based validation using Schematron}},
	author       = {{International Organization for Standardization}},
	year         = 2020,
	month        = jun,
	address      = {Geneva},
	volume       = 2020,
	type         = {Standard},
	key          = {ISO/IEC 19757-3:2020(E)},
	institution  = {International Organization for Standardization}
}
@techreport{xml,
	title        = {Extensible Markup Language ({XML}) 1.0 (Fifth Edition)},
	author       = {Tim Bray and Jean Paoli and C. M. Sperberg-McQueen and Eve Maler and François Yergeau},
	year         = 2008,
	institution  = {World Wide Web Consortium},
	howpublished = {\url{https://www.w3.org/TR/xml/}}
}
@techreport{xsd,
	title        = {W3C XML Schema Definition Language (XSD) 1.1 Part 1: Structures},
	author       = {Shudi (Sandy) Gao and C. M. Sperberg-McQueen and Henry S. Thompson and Noah Mendelsohn and David Beech and Murray Maloney},
	year         = 2012,
	institution  = {World Wide Web Consortium},
	howpublished = {\url{https://www.w3.org/TR/xmlschema11-1/}}
}
% Comparison of languages
@incollection{GGFE19,
	title        = {Challenges in {RDF} Validation},
	author       = {Labra Gayo, Jose Emilio and Garc{\'{\i}}a-Gonz{\'{a}}lez, Herminio and Fern{\'{a}}ndez-Alvarez, Daniel and Eric Prud'hommeaux},
	year         = 2019,
	booktitle    = {Current Trends in Semantic Web Technologies: Theory and Practice},
	publisher    = {Springer},
	pages        = {121--151},
	doi          = {10.1007/978-3-030-06149-4_6}
}
	series       = {sci},

@book{GPBK17,
	title        = {Validating {RDF} Data},
	author       = {Labra Gayo, Jose Emilio and Eric Prud'hommeaux and Iovka Boneva and Dimitris Kontokostas},
	year         = 2017,
	publisher    = {Morgan {\&} Claypool Publishers},
	series       = {Synthesis Lectures on the Semantic Web: Theory and Technology},
	doi          = {10.2200/S00786ED1V01Y201707WBE016},
	isbn         = {978-3-031-79477-3},
	url          = {https://doi.org/10.2200/S00786ED1V01Y201707WBE016},
	timestamp    = {Thu, 19 Oct 2023 16:45:54 +0200},
	biburl       = {https://dblp.org/rec/series/synthesis/2017Gayo.bib},
	bibsource    = {dblp computer science bibliography, https://dblp.org}
}
@inproceedings{T17,
	title        = {{RDF} validation: A brief survey},
	author       = {Tomaszuk, Dominik},
	year         = 2017,
	booktitle    = {International Conference Beyond Databases, Architectures and Structures. Towards Efficient Solutions for Data Analysis and Knowledge Representation (BDAS)},
	pages        = {344--355},
	organization = {Springer}
}
@article{FSAP24,
	title        = {Formalizing and Validating {Wikidata}'s Property Constraints using {SHACL} and {SPARQL}},
	author       = {Nicolas Ferranti and Jairo Francisco de Souza and Shqiponja Ahmetaj and Axel Polleres},
	year         = 2024,
	journal      = {Semantic Web},
	publisher    = {IOS Press},
	doi          = {http://dx.doi.org/10.3233/SW-243611}
}
@inproceedings{L24,
	title        = {Extending Shape Expressions for different types of knowledge graphs},
	author       = {Labra Gayo, Jose Emilio},
	booktitle    = {Workshop on Data Quality meets Machine Learning and Knowledge Graphs},
        year = {2024}
}
@inproceedings{L22,
	title        = {WShEx: {A} language to describe and validate Wikibase entities},
	author       = {Labra Gayo, Jose Emilio},
	year         = 2022,
	booktitle    = {Wikidata Workshop},
	url          = {https://ceur-ws.org/Vol-3262/paper3.pdf}
}
	publisher    = {CEUR-WS.org},
	series       = {{CEUR} Workshop Proceedings},
	volume       = 3262,


% Interoperability

@article{H14,
  author       = {Olaf Hartig},
  title        = {Reconciliation of RDF* and Property Graphs},
  journal      = {CoRR},
  volume       = {abs/1409.3288},
  year         = {2014},
  url          = {http://arxiv.org/abs/1409.3288},
}

@article{LSHBBB23,
	title        = {The OneGraph vision: Challenges of breaking the graph model lock-in 1},
	author       = {Lassila, Ora and Schmidt, Michael and Hartig, Olaf and Bebee, Brad and Bechberger, Dave and Broekema, Willem and Khandelwal, Ankesh and Lawrence, Kelvin and Lopez Enriquez, Carlos Manuel and Sharda, Ronak and others},
	year         = 2023,
	journal      = {Semantic Web},
	publisher    = {IOS Press},
	volume       = 14,
	number       = 1,
	pages        = {125--134}
}
@techreport{KCHS24,
	title        = {{RDF} 1.2 Concepts and Abstract Syntax},
	author       = {Gregg Kellogg and Pierre-Antoine Champin and Olaf Hartig and Andy Seaborne},
	year         = 2024,
	month        = aug,
	note         = {https://www.w3.org/TR/2024/WD-rdf12-concepts-20240822/},
	type         = {{W3C} Working Draft},
	institution  = {W3C}
}
@article{ATT20,
	title        = {Mapping RDF databases to property graph databases},
	author       = {Angles, Renzo and Thakkar, Harsh and Tomaszuk, Dominik},
	year         = 2020,
	journal      = {IEEE Access},
	publisher    = {IEEE},
	volume       = 8,
	pages        = {86091--86110}
}
@article{DCRMD23,
	title        = {{MillenniumDB: An Open-Source Graph Database System}},
	author       = {Vrgoč, Domagoj and Rojas, Carlos and Angles, Renzo and Arenas, Marcelo and Arroyuelo, Diego and Buil-Aranda, Carlos and Hogan, Aidan and Navarro, Gonzalo and Riveros, Cristian and Romero, Juan},
	year         = 2023,
	month        = {06},
	journal      = {Data Intelligence},
	pages        = {1--39},
	doi          = {10.1162/dint_a_00209},
	issn         = {2641-435X},
	url          = {https://doi.org/10.1162/dint\_a\_00209}
}
@inproceedings{S10,
	title        = {{Data validation with OWL integrity constraints}},
	author       = {Sirin, Evren},
	year         = 2010,
	booktitle    = {International Conference on Web Reasoning and Rule Systems (RR)},
	pages        = {18--22},
	organization = {Springer}
}
@inproceedings{BRP05,
	title        = {{OWL DL vs. OWL Flight: Conceptual modeling and reasoning for the Semantic Web}},
	author       = {De Bruijn, Jos and Lara, Rub{\'e}n and Polleres, Axel and Fensel, Dieter},
	year         = 2005,
	booktitle    = {International conference on World Wide Web (WWW)},
	pages        = {623--632}
}
% validation languages
@techreport{R14,
	title        = {Resource Shape 2.0},
	author       = {Arthur Ryman},
	year         = 2014,
	institution  = {World Wide Web Consortium},
	howpublished = {\url{https://www.w3.org/submissions/2014/SUBM-shapes-20140211/}}
}
@techreport{N08,
	title        = {Description Set Profiles: A constraint language for Dublin Core Application Profiles},
	author       = {Mikael Nilsson},
	year         = 2008,
	institution  = {Dublin Core},
	howpublished = {\url{https://www.dublincore.org/specifications/dublin-core/dc-dsp/}}
}
@techreport{KHI11,
	title        = {SPIN --- Overview and Motivation},
	author       = {Holger Knublauch and James A. Hendler and Kingsley Idehen},
	year         = 2011,
	institution  = {World Wide Web Consortium},
	howpublished = {\url{https://www.w3.org/submissions/2011/SUBM-spin-overview-20110222/}}
}
% Graph Databases
@misc{AN24,
	title        = {Amazon Neptune},
	author       = {{Amazon Web Services}},
	year         = 2024,
	url          = {https://aws.amazon.com/neptune/},
	note         = {Accessed: 2024-10-05}
}
@misc{N24,
	title        = {Neo4j},
	author       = {{Neo4j, Inc.}},
	year         = 2024,
	url          = {https://neo4j.com/},
	note         = {Accessed: 2024-10-05}
}
@misc{T24,
	title        = {TigerGraph GraphDB},
	author       = {{TigerGraph}},
	year         = 2024,
	url          = {https://www.tigergraph.com/},
	note         = {Accessed: 2024-10-05}
}
@misc{AJF24,
	title        = {Apache Jena Fuseki},
	author       = {{Apache}},
	year         = 2024,
	url          = {https://jena.apache.org/documentation/fuseki2/},
	note         = {Accessed: 2024-10-05}
}
@misc{OG24,
	title        = {Ontotext GraphDB},
	author       = {{Ontotext}},
	year         = 2024,
	url          = {https://graphdb.ontotext.com/},
	note         = {Accessed: 2024-10-05}
}
@misc{SC24,
	title        = {Stardog Cloud},
	author       = {{Stardog}},
	year         = 2024,
	url          = {https://www.stardog.com/stardog-cloud/},
	note         = {Accessed: 2024-10-05}
}
@incollection{EM09,
	title        = {RDF Support in the Virtuoso DBMS},
	author       = {Erling, Orri and Mikhailov, Ivan},
	year         = 2009,
	booktitle    = {Networked Knowledge-Networked Media: Integrating Knowledge Management, New Media Technologies and Semantic Systems},
	publisher    = {Springer},
	pages        = {7--24}
}
% Applications
@inproceedings{SG09,
	title        = {Representing, querying and transforming social networks with RDF/SPARQL},
	author       = {San Mart{\'\i}n, Mauro and Gutierrez, Claudio},
	year         = 2009,
	booktitle    = {European semantic web conference},
	pages        = {293--307},
	organization = {Springer}
}
@article{T20,
	title        = {The molecular entities in linked data dataset},
	author       = {Tomaszuk, Dominik and Szeremeta, {\L}ukasz},
	year         = 2020,
	journal      = {Data in Brief},
	publisher    = {Elsevier},
	volume       = 31,
	pages        = 105757
}
@article{BNTRM08,
	title        = {{Bio2RDF}: towards a mashup to build bioinformatics knowledge systems},
	author       = {Belleau, Fran{\c{c}}ois and Nolin, Marc-Alexandre and Tourigny, Nicole and Rigault, Philippe and Morissette, Jean},
	year         = 2008,
	journal      = {Journal of biomedical informatics},
	publisher    = {Elsevier},
	volume       = 41,
	number       = 5,
	pages        = {706--716}
}
@article{JMBB14,
	title        = {The {EBI} {RDF} platform: linked open data for the life sciences},
	author       = {Jupp, Simon and Malone, James and Bolleman, Jerven and Brandizi, Marco and Davies, Mark and Garcia, Leyla and Gaulton, Anna and Gehant, Sebastien and Laibe, Camille and Redaschi, Nicole and others},
	year         = 2014,
	journal      = {Bioinformatics},
	publisher    = {Oxford University Press},
	volume       = 30,
	number       = 9,
	pages        = {1338--1339}
}
@article{FBDH15,
	title        = {PubChemRDF: towards the semantic annotation of PubChem compound and substance databases},
	author       = {Fu, Gang and Batchelor, Colin and Dumontier, Michel and Hastings, Janna and Willighagen, Egon and Bolton, Evan},
	year         = 2015,
	journal      = {Journal of cheminformatics},
	publisher    = {Springer},
	volume       = 7,
	pages        = {1--15}
}
@phdthesis{MJPHD,
	title        = {Shapes Constraint Language: Formalization, Expressiveness, and Provenance},
	author       = {Maxime Jakubowski},
	year         = 2024,
	school       = {Universiteit Hasselt and Vrije Universiteit Brussel}
}
