@article{cao2024practically,
  title={Practically Unbiased Pairwise Loss for Recommendation with Implicit Feedback},
  author={Cao, Tianwei and Xu, Qianqian and Yang, Zhiyong and Ma, Zhanyu and Huang, Qingming},
  journal={IEEE Transactions on Pattern Analysis and Machine Intelligence},
  year={2024},
  publisher={IEEE}
}

@inproceedings{chen2024treatment,
  title={Treatment Effect Estimation for User Interest Exploration on Recommender Systems},
  author={Chen, Jiaju and Wenjie, Wang and Gao, Chongming and Wu, Peng and Wei, Jianxiong and Hua, Qingsong},
  booktitle={Proceedings of the 47th International ACM SIGIR Conference on Research and Development in Information Retrieval},
  pages={1861--1871},
  year={2024}
}

@inproceedings{lee2021dual,
  title={Dual unbiased recommender learning for implicit feedback},
  author={Lee, Jae-woong and Park, Seongmin and Lee, Jongwuk},
  booktitle={Proceedings of the 44th International ACM SIGIR Conference on Research and Development in Information Retrieval},
  pages={1647--1651},
  year={2021}
}

@inproceedings{lee2022bilateral,
  title={Bilateral Self-unbiased Learning from Biased Implicit Feedback},
  author={Lee, Jae-woong and Park, Seongmin and Lee, Joonseok and Lee, Jongwuk},
  booktitle={Proceedings of the 45th International ACM SIGIR Conference on Research and Development in Information Retrieval},
  pages={29--39},
  year={2022}
}

@article{lin2024recrec,
  title={ReCRec: Reasoning the causes of implicit feedback for debiased recommendation},
  author={Lin, Siyi and Zhou, Sheng and Chen, Jiawei and Feng, Yan and Shi, Qihao and Chen, Chun and Li, Ying and Wang, Can},
  journal={ACM Transactions on Information Systems},
  volume={42},
  number={6},
  pages={1--26},
  year={2024},
  publisher={ACM New York, NY, USA}
}

@article{ren2023unbiased,
  title={Unbiased Pairwise Learning from Implicit Feedback for Recommender Systems without Biased Variance Control},
  author={Ren, Yi and Tang, Hongyan and Rong, Jiangpeng and Zhu, Siwen},
  journal={arXiv preprint arXiv:2304.05066},
  year={2023}
}

@inproceedings{saito2020unbiased,
  title={Unbiased recommender learning from missing-not-at-random implicit feedback},
  author={Saito, Yuta and Yaginuma, Suguru and Nishino, Yuta and Sakata, Hayato and Nakata, Kazuhide},
  booktitle={Proceedings of the 13th International Conference on Web Search and Data Mining},
  pages={501--509},
  year={2020}
}

@inproceedings{saito2020unbiased2,
  title={Unbiased pairwise learning from biased implicit feedback},
  author={Saito, Yuta},
  booktitle={Proceedings of the 2020 ACM SIGIR on International Conference on Theory of Information Retrieval},
  pages={5--12},
  year={2020}
}

@inproceedings{wan2022cross,
  title={Cross pairwise ranking for unbiased item recommendation},
  author={Wan, Qi and He, Xiangnan and Wang, Xiang and Wu, Jiancan and Guo, Wei and Tang, Ruiming},
  booktitle={Proceedings of the ACM Web Conference 2022},
  pages={2370--2378},
  year={2022}
}

@inproceedings{zhu2020unbiased,
  title={Unbiased implicit recommendation and propensity estimation via combinational joint learning},
  author={Zhu, Ziwei and He, Yun and Zhang, Yin and Caverlee, James},
  booktitle={Proceedings of the 14th ACM Conference on Recommender Systems},
  pages={551--556},
  year={2020}
}

