@article{rendle2012bpr,
  title={BPR: Bayesian personalized ranking from implicit feedback},
  author={Rendle, Steffen and Freudenthaler, Christoph and Gantner, Zeno and Schmidt-Thieme, Lars},
  journal={arXiv preprint arXiv:1205.2618},
  year={2012}
}

@inproceedings{hu2008collaborative,
  title={Collaborative filtering for implicit feedback datasets},
  author={Hu, Yifan and Koren, Yehuda and Volinsky, Chris},
  booktitle={2008 Eighth IEEE international conference on data mining},
  pages={263--272},
  year={2008},
  organization={Ieee}
}

@inproceedings{yang2018unbiased,
  title={Unbiased offline recommender evaluation for missing-not-at-random implicit feedback},
  author={Yang, Longqi and Cui, Yin and Xuan, Yuan and Wang, Chenyang and Belongie, Serge and Estrin, Deborah},
  booktitle={Proceedings of the 12th ACM conference on recommender systems},
  pages={279--287},
  year={2018}
}

@inproceedings{wan2022cross,
  title={Cross pairwise ranking for unbiased item recommendation},
  author={Wan, Qi and He, Xiangnan and Wang, Xiang and Wu, Jiancan and Guo, Wei and Tang, Ruiming},
  booktitle={Proceedings of the ACM Web Conference 2022},
  pages={2370--2378},
  year={2022}
}

@inproceedings{saito2020unbiased,
  title={Unbiased recommender learning from missing-not-at-random implicit feedback},
  author={Saito, Yuta and Yaginuma, Suguru and Nishino, Yuta and Sakata, Hayato and Nakata, Kazuhide},
  booktitle={Proceedings of the 13th International Conference on Web Search and Data Mining},
  pages={501--509},
  year={2020}
}

@inproceedings{saito2020unbiased2,
  title={Unbiased pairwise learning from biased implicit feedback},
  author={Saito, Yuta},
  booktitle={Proceedings of the 2020 ACM SIGIR on International Conference on Theory of Information Retrieval},
  pages={5--12},
  year={2020}
}

@article{ren2023unbiased,
  title={Unbiased Pairwise Learning from Implicit Feedback for Recommender Systems without Biased Variance Control},
  author={Ren, Yi and Tang, Hongyan and Rong, Jiangpeng and Zhu, Siwen},
  journal={arXiv preprint arXiv:2304.05066},
  year={2023}
}

@inproceedings{wang2019neural,
  title={Neural graph collaborative filtering},
  author={Wang, Xiang and He, Xiangnan and Wang, Meng and Feng, Fuli and Chua, Tat-Seng},
  booktitle={Proceedings of the 42nd international ACM SIGIR conference on Research and development in Information Retrieval},
  pages={165--174},
  year={2019}
}

@inproceedings{he2020lightgcn,
  title={Lightgcn: Simplifying and powering graph convolution network for recommendation},
  author={He, Xiangnan and Deng, Kuan and Wang, Xiang and Li, Yan and Zhang, Yongdong and Wang, Meng},
  booktitle={Proceedings of the 43rd International ACM SIGIR conference on research and development in Information Retrieval},
  pages={639--648},
  year={2020}
}

@inproceedings{lee2021dual,
  title={Dual unbiased recommender learning for implicit feedback},
  author={Lee, Jae-woong and Park, Seongmin and Lee, Jongwuk},
  booktitle={Proceedings of the 44th International ACM SIGIR Conference on Research and Development in Information Retrieval},
  pages={1647--1651},
  year={2021}
}

@article{kingma2014adam,
  title={Adam: A method for stochastic optimization},
  author={Kingma, Diederik P and Ba, Jimmy},
  journal={arXiv preprint arXiv:1412.6980},
  year={2014}
}

@inproceedings{zhang2021causal,
  title={Causal intervention for leveraging popularity bias in recommendation},
  author={Zhang, Yang and Feng, Fuli and He, Xiangnan and Wei, Tianxin and Song, Chonggang and Ling, Guohui and Zhang, Yongdong},
  booktitle={Proceedings of the 44th International ACM SIGIR Conference on Research and Development in Information Retrieval},
  pages={11--20},
  year={2021}
}

@inproceedings{wei2021model,
  title={Model-agnostic counterfactual reasoning for eliminating popularity bias in recommender system},
  author={Wei, Tianxin and Feng, Fuli and Chen, Jiawei and Wu, Ziwei and Yi, Jinfeng and He, Xiangnan},
  booktitle={Proceedings of the 27th ACM SIGKDD Conference on Knowledge Discovery \& Data Mining},
  pages={1791--1800},
  year={2021}
}

@inproceedings{bonner2018causal,
  title={Causal embeddings for recommendation},
  author={Bonner, Stephen and Vasile, Flavian},
  booktitle={Proceedings of the 12th ACM conference on recommender systems},
  pages={104--112},
  year={2018}
}

@inproceedings{zheng2021disentangling,
  title={Disentangling user interest and conformity for recommendation with causal embedding},
  author={Zheng, Yu and Gao, Chen and Li, Xiang and He, Xiangnan and Li, Yong and Jin, Depeng},
  booktitle={Proceedings of the Web Conference 2021},
  pages={2980--2991},
  year={2021}
}

@article{wu2022discovering,
  title={Discovering invariant rationales for graph neural networks},
  author={Wu, Ying-Xin and Wang, Xiang and Zhang, An and He, Xiangnan and Chua, Tat-Seng},
  journal={arXiv preprint arXiv:2201.12872},
  year={2022}
}

@inproceedings{liang2016causal,
  title={Causal inference for recommendation},
  author={Liang, Dawen and Charlin, Laurent and Blei, David M},
  booktitle={Causation: Foundation to Application, Workshop at UAI. AUAI},
  year={2016}
}

@inproceedings{he2017neural,
  title={Neural collaborative filtering},
  author={He, Xiangnan and Liao, Lizi and Zhang, Hanwang and Nie, Liqiang and Hu, Xia and Chua, Tat-Seng},
  booktitle={Proceedings of the 26th international conference on world wide web},
  pages={173--182},
  year={2017}
}

@article{koren2009matrix,
  title={Matrix factorization techniques for recommender systems},
  author={Koren, Yehuda and Bell, Robert and Volinsky, Chris},
  journal={Computer},
  volume={42},
  number={8},
  pages={30--37},
  year={2009},
  publisher={IEEE}
}

@inproceedings{ni2019justifying,
  title={Justifying recommendations using distantly-labeled reviews and fine-grained aspects},
  author={Ni, Jianmo and Li, Jiacheng and McAuley, Julian},
  booktitle={Proceedings of the 2019 conference on empirical methods in natural language processing and the 9th international joint conference on natural language processing (EMNLP-IJCNLP)},
  pages={188--197},
  year={2019}
}

@inproceedings{cho2011friendship,
  title={Friendship and mobility: user movement in location-based social networks},
  author={Cho, Eunjoon and Myers, Seth A and Leskovec, Jure},
  booktitle={Proceedings of the 17th ACM SIGKDD international conference on Knowledge discovery and data mining},
  pages={1082--1090},
  year={2011}
}

@article{abdollahpouri2019managing,
  title={Managing popularity bias in recommender systems with personalized re-ranking},
  author={Abdollahpouri, Himan and Burke, Robin and Mobasher, Bamshad},
  journal={arXiv preprint arXiv:1901.07555},
  year={2019}
}

@article{yin2012challenging,
  title={Challenging the long tail recommendation},
  author={Yin, Hongzhi and Cui, Bin and Li, Jing and Yao, Junjie and Chen, Chen},
  journal={arXiv preprint arXiv:1205.6700},
  year={2012}
}

@article{chen2023bias,
  title={Bias and debias in recommender system: A survey and future directions},
  author={Chen, Jiawei and Dong, Hande and Wang, Xiang and Feng, Fuli and Wang, Meng and He, Xiangnan},
  journal={ACM Transactions on Information Systems},
  volume={41},
  number={3},
  pages={1--39},
  year={2023},
  publisher={ACM New York, NY}
}

@inproceedings{ai2018unbiased,
  title={Unbiased learning to rank with unbiased propensity estimation},
  author={Ai, Qingyao and Bi, Keping and Luo, Cheng and Guo, Jiafeng and Croft, W Bruce},
  booktitle={The 41st international ACM SIGIR conference on research \& development in information retrieval},
  pages={385--394},
  year={2018}
}

@inproceedings{saito2020asymmetric,
  title={Asymmetric tri-training for debiasing missing-not-at-random explicit feedback},
  author={Saito, Yuta},
  booktitle={Proceedings of the 43rd International ACM SIGIR Conference on Research and Development in Information Retrieval},
  pages={309--318},
  year={2020}
}

@inproceedings{marlin2009collaborative,
  title={Collaborative prediction and ranking with non-random missing data},
  author={Marlin, Benjamin M and Zemel, Richard S},
  booktitle={Proceedings of the third ACM conference on Recommender systems},
  pages={5--12},
  year={2009}
}

@inproceedings{steck2010training,
  title={Training and testing of recommender systems on data missing not at random},
  author={Steck, Harald},
  booktitle={Proceedings of the 16th ACM SIGKDD international conference on Knowledge discovery and data mining},
  pages={713--722},
  year={2010}
}

@inproceedings{steck2011item,
  title={Item popularity and recommendation accuracy},
  author={Steck, Harald},
  booktitle={Proceedings of the fifth ACM conference on Recommender systems},
  pages={125--132},
  year={2011}
}

@inproceedings{steck2013evaluation,
  title={Evaluation of recommendations: rating-prediction and ranking},
  author={Steck, Harald},
  booktitle={Proceedings of the 7th ACM conference on Recommender systems},
  pages={213--220},
  year={2013}
}

@inproceedings{schnabel2016recommendations,
  title={Recommendations as treatments: Debiasing learning and evaluation},
  author={Schnabel, Tobias and Swaminathan, Adith and Singh, Ashudeep and Chandak, Navin and Joachims, Thorsten},
  booktitle={international conference on machine learning},
  pages={1670--1679},
  year={2016},
  organization={PMLR}
}

@inproceedings{zhu2020unbiased,
  title={Unbiased implicit recommendation and propensity estimation via combinational joint learning},
  author={Zhu, Ziwei and He, Yun and Zhang, Yin and Caverlee, James},
  booktitle={Proceedings of the 14th ACM Conference on Recommender Systems},
  pages={551--556},
  year={2020}
}

@inproceedings{damak2021debiased,
  title={Debiased explainable pairwise ranking from implicit feedback},
  author={Damak, Khalil and Khenissi, Sami and Nasraoui, Olfa},
  booktitle={Proceedings of the 15th ACM Conference on Recommender Systems},
  pages={321--331},
  year={2021}
}

@article{chen2022unbiased,
  title={Unbiased Implicit Feedback via Bi-level Optimization},
  author={Chen, Can and Ma, Chen and Chen, Xi and Song, Sirui and Liu, Hao and Liu, Xue},
  journal={arXiv preprint arXiv:2206.00147},
  year={2022}
}

@inproceedings{lee2022bilateral,
  title={Bilateral Self-unbiased Learning from Biased Implicit Feedback},
  author={Lee, Jae-woong and Park, Seongmin and Lee, Joonseok and Lee, Jongwuk},
  booktitle={Proceedings of the 45th International ACM SIGIR Conference on Research and Development in Information Retrieval},
  pages={29--39},
  year={2022}
}

@inproceedings{herlocker1999algorithmic,
  title={An algorithmic framework for performing collaborative filtering},
  author={Herlocker, Jonathan L and Konstan, Joseph A and Borchers, Al and Riedl, John},
  booktitle={Proceedings of the 22nd annual international ACM SIGIR conference on Research and development in information retrieval},
  pages={230--237},
  year={1999}
}

@inproceedings{sarwar2001item,
  title={Item-based collaborative filtering recommendation algorithms},
  author={Sarwar, Badrul and Karypis, George and Konstan, Joseph and Riedl, John},
  booktitle={Proceedings of the 10th international conference on World Wide Web},
  pages={285--295},
  year={2001}
}

@inproceedings{bennett2007netflix,
  title={The netflix prize},
  author={Bennett, James and Lanning, Stan and others},
  booktitle={Proceedings of KDD cup and workshop},
  volume={2007},
  pages={35},
  year={2007},
  organization={New York}
}

@inproceedings{rendle2020neural,
  title={Neural collaborative filtering vs. matrix factorization revisited},
  author={Rendle, Steffen and Krichene, Walid and Zhang, Li and Anderson, John},
  booktitle={Proceedings of the 14th ACM Conference on Recommender Systems},
  pages={240--248},
  year={2020}
}

@article{kipf2016semi,
  title={Semi-supervised classification with graph convolutional networks},
  author={Kipf, Thomas N and Welling, Max},
  journal={arXiv preprint arXiv:1609.02907},
  year={2016}
}

@article{klimashevskaia2024survey,
  title={A survey on popularity bias in recommender systems},
  author={Klimashevskaia, Anastasiia and Jannach, Dietmar and Elahi, Mehdi and Trattner, Christoph},
  journal={User Modeling and User-Adapted Interaction},
  volume={34},
  number={5},
  pages={1777--1834},
  year={2024},
  publisher={Springer}
}

@inproceedings{chen2024treatment,
  title={Treatment Effect Estimation for User Interest Exploration on Recommender Systems},
  author={Chen, Jiaju and Wenjie, Wang and Gao, Chongming and Wu, Peng and Wei, Jianxiong and Hua, Qingsong},
  booktitle={Proceedings of the 47th International ACM SIGIR Conference on Research and Development in Information Retrieval},
  pages={1861--1871},
  year={2024}
}

@article{cao2024practically,
  title={Practically Unbiased Pairwise Loss for Recommendation with Implicit Feedback},
  author={Cao, Tianwei and Xu, Qianqian and Yang, Zhiyong and Ma, Zhanyu and Huang, Qingming},
  journal={IEEE Transactions on Pattern Analysis and Machine Intelligence},
  year={2024},
  publisher={IEEE}
}

@article{lin2024recrec,
  title={ReCRec: Reasoning the causes of implicit feedback for debiased recommendation},
  author={Lin, Siyi and Zhou, Sheng and Chen, Jiawei and Feng, Yan and Shi, Qihao and Chen, Chun and Li, Ying and Wang, Can},
  journal={ACM Transactions on Information Systems},
  volume={42},
  number={6},
  pages={1--26},
  year={2024},
  publisher={ACM New York, NY, USA}
}
@article{yang2024disentangled,
  title={Disentangled causal representation learning for debiasing recommendation with uniform data},
  author={Yang, Xinxin and Li, Xinwei and Liu, Zhen and Wang, Yannan and Lu, Sibo and Liu, Feng},
  journal={Applied Intelligence},
  pages={1--16},
  year={2024},
  publisher={Springer}
}
@article{jian2024counterfactual,
  title={Counterfactual Graph Convolutional Learning for Personalized Recommendation},
  author={Jian, Meng and Bai, Yulong and Fu, Xusong and Guo, Jingjing and Shi, Ge and Wu, Lifang},
  journal={ACM Transactions on Intelligent Systems and Technology},
  year={2024},
  publisher={ACM New York, NY}
}
@inproceedings{liang2016modeling,
  title={Modeling user exposure in recommendation},
  author={Liang, Dawen and Charlin, Laurent and McInerney, James and Blei, David M},
  booktitle={Proceedings of the 25th international conference on World Wide Web},
  pages={951--961},
  year={2016}
}

%%%%%%%%%%%%%%%%%%%%
@inproceedings{xia2022fire,
  title={FIRE: Fast incremental recommendation with graph signal processing},
  author={Xia, Jiafeng and Li, Dongsheng and Gu, Hansu and Liu, Jiahao and Lu, Tun and Gu, Ning},
  booktitle={Proceedings of the ACM Web Conference 2022},
  pages={2360--2369},
  year={2022}
}

@inproceedings{liu2023personalized,
  title={Personalized graph signal processing for collaborative filtering},
  author={Liu, Jiahao and Li, Dongsheng and Gu, Hansu and Lu, Tun and Zhang, Peng and Shang, Li and Gu, Ning},
  booktitle={Proceedings of the ACM Web Conference 2023},
  pages={1264--1272},
  year={2023}
}

@inproceedings{liu2023autoseqrec,
  title={Autoseqrec: Autoencoder for efficient sequential recommendation},
  author={Liu, Sijia and Liu, Jiahao and Gu, Hansu and Li, Dongsheng and Lu, Tun and Zhang, Peng and Gu, Ning},
  booktitle={Proceedings of the 32nd ACM International Conference on Information and Knowledge Management},
  pages={1493--1502},
  year={2023}
}

@article{liu2023recommendation,
  title={Recommendation unlearning via matrix correction},
  author={Liu, Jiahao and Li, Dongsheng and Gu, Hansu and Lu, Tun and Wu, Jiongran and Zhang, Peng and Shang, Li and Gu, Ning},
  journal={arXiv preprint arXiv:2307.15960},
  year={2023}
}

@inproceedings{liu2023triple,
  title={Triple structural information modelling for accurate, explainable and interactive recommendation},
  author={Liu, Jiahao and Li, Dongsheng and Gu, Hansu and Lu, Tun and Zhang, Peng and Shang, Li and Gu, Ning},
  booktitle={Proceedings of the 46th International ACM SIGIR Conference on Research and Development in Information Retrieval},
  pages={1086--1095},
  year={2023}
}

@article{liu2024filtering,
  title={Filtering Discomforting Recommendations with Large Language Models},
  author={Liu, Jiahao and Shao, Yiyang and Zhang, Peng and Li, Dongsheng and Gu, Hansu and Chen, Chao and Du, Longzhi and Lu, Tun and Gu, Ning},
  journal={arXiv preprint arXiv:2410.05411},
  year={2024}
}

@article{liu2022parameter,
  title={Parameter-free dynamic graph embedding for link prediction},
  author={Liu, Jiahao and Li, Dongsheng and Gu, Hansu and Lu, Tun and Zhang, Peng and Gu, Ning},
  journal={Advances in Neural Information Processing Systems},
  volume={35},
  pages={27623--27635},
  year={2022}
}