@inproceedings{DBLP:conf/acl/0002WHZS0WLFS023,
  author       = {Zijie Huang and
                  Daheng Wang and
                  Binxuan Huang and
                  Chenwei Zhang and
                  Jingbo Shang and
                  Yan Liang and
                  Zhengyang Wang and
                  Xian Li and
                  Christos Faloutsos and
                  Yizhou Sun and
                  Wei Wang},
  editor       = {Anna Rogers and
                  Jordan L. Boyd{-}Graber and
                  Naoaki Okazaki},
  title        = {Concept2Box: Joint Geometric Embeddings for Learning Two-View Knowledge
                  Graphs},
  booktitle    = {Findings of the Association for Computational Linguistics: {ACL} 2023,
                  Toronto, Canada, July 9-14, 2023},
  pages        = {10105--10118},
  publisher    = {Association for Computational Linguistics},
  year         = {2023},
  url          = {https://doi.org/10.18653/v1/2023.findings-acl.642},
  doi          = {10.18653/V1/2023.FINDINGS-ACL.642},
  timestamp    = {Thu, 10 Aug 2023 12:35:43 +0200},
  biburl       = {https://dblp.org/rec/conf/acl/0002WHZS0WLFS023.bib},
  bibsource    = {dblp computer science bibliography, https://dblp.org}
}

@inproceedings{DBLP:conf/acl/LabrakBMGRD24,
  author       = {Yanis Labrak and
                  Adrien Bazoge and
                  Emmanuel Morin and
                  Pierre{-}Antoine Gourraud and
                  Mickael Rouvier and
                  Richard Dufour},
  editor       = {Lun{-}Wei Ku and
                  Andre Martins and
                  Vivek Srikumar},
  title        = {BioMistral: {A} Collection of Open-Source Pretrained Large Language
                  Models for Medical Domains},
  booktitle    = {Findings of the Association for Computational Linguistics, {ACL} 2024,
                  Bangkok, Thailand and virtual meeting, August 11-16, 2024},
  pages        = {5848--5864},
  publisher    = {Association for Computational Linguistics},
  year         = {2024},
  url          = {https://aclanthology.org/2024.findings-acl.348},
  timestamp    = {Fri, 23 Aug 2024 13:20:55 +0200},
  biburl       = {https://dblp.org/rec/conf/acl/LabrakBMGRD24.bib},
  bibsource    = {dblp computer science bibliography, https://dblp.org}
}

@inproceedings{DBLP:conf/acl/MoskvoretskiiNL24,
  author       = {Viktor Moskvoretskii and
                  Ekaterina Neminova and
                  Alina Lobanova and
                  Alexander Panchenko and
                  Irina Nikishina},
  editor       = {Lun{-}Wei Ku and
                  Andre Martins and
                  Vivek Srikumar},
  title        = {TaxoLLaMA: WordNet-based Model for Solving Multiple Lexical Semantic
                  Tasks},
  booktitle    = {Proceedings of the 62nd Annual Meeting of the Association for Computational
                  Linguistics (Volume 1: Long Papers), {ACL} 2024, Bangkok, Thailand,
                  August 11-16, 2024},
  pages        = {2331--2350},
  publisher    = {Association for Computational Linguistics},
  year         = {2024},
  url          = {https://aclanthology.org/2024.acl-long.127},
  timestamp    = {Wed, 21 Aug 2024 17:42:30 +0200},
  biburl       = {https://dblp.org/rec/conf/acl/MoskvoretskiiNL24.bib},
  bibsource    = {dblp computer science bibliography, https://dblp.org}
}

@inproceedings{DBLP:conf/acl/TyenMCCM24,
  author       = {Gladys Tyen and
                  Hassan Mansoor and
                  Victor Carbune and
                  Peter Chen and
                  Tony Mak},
  editor       = {Lun{-}Wei Ku and
                  Andre Martins and
                  Vivek Srikumar},
  title        = {LLMs cannot find reasoning errors, but can correct them given the
                  error location},
  booktitle    = {Findings of the Association for Computational Linguistics, {ACL} 2024,
                  Bangkok, Thailand and virtual meeting, August 11-16, 2024},
  pages        = {13894--13908},
  publisher    = {Association for Computational Linguistics},
  year         = {2024},
  url          = {https://aclanthology.org/2024.findings-acl.826},
  timestamp    = {Tue, 27 Aug 2024 17:38:11 +0200},
  biburl       = {https://dblp.org/rec/conf/acl/TyenMCCM24.bib},
  bibsource    = {dblp computer science bibliography, https://dblp.org}
}

@inproceedings{DBLP:conf/acl/WangKMLSKH23,
  author       = {Yizhong Wang and
                  Yeganeh Kordi and
                  Swaroop Mishra and
                  Alisa Liu and
                  Noah A. Smith and
                  Daniel Khashabi and
                  Hannaneh Hajishirzi},
  editor       = {Anna Rogers and
                  Jordan L. Boyd{-}Graber and
                  Naoaki Okazaki},
  title        = {Self-Instruct: Aligning Language Models with Self-Generated Instructions},
  booktitle    = {Proceedings of the 61st Annual Meeting of the Association for Computational
                  Linguistics (Volume 1: Long Papers), {ACL} 2023, Toronto, Canada,
                  July 9-14, 2023},
  pages        = {13484--13508},
  publisher    = {Association for Computational Linguistics},
  year         = {2023},
  url          = {https://doi.org/10.18653/v1/2023.acl-long.754},
  doi          = {10.18653/V1/2023.ACL-LONG.754},
  timestamp    = {Thu, 10 Aug 2023 12:35:44 +0200},
  biburl       = {https://dblp.org/rec/conf/acl/WangKMLSKH23.bib},
  bibsource    = {dblp computer science bibliography, https://dblp.org}
}

@inproceedings{DBLP:conf/acl/YangPFWCZL24,
  author       = {Zhaorui Yang and
                  Tianyu Pang and
                  Haozhe Feng and
                  Han Wang and
                  Wei Chen and
                  Minfeng Zhu and
                  Qian Liu},
  editor       = {Lun{-}Wei Ku and
                  Andre Martins and
                  Vivek Srikumar},
  title        = {Self-Distillation Bridges Distribution Gap in Language Model Fine-Tuning},
  booktitle    = {Proceedings of the 62nd Annual Meeting of the Association for Computational
                  Linguistics (Volume 1: Long Papers), {ACL} 2024, Bangkok, Thailand,
                  August 11-16, 2024},
  pages        = {1028--1043},
  publisher    = {Association for Computational Linguistics},
  year         = {2024},
  url          = {https://aclanthology.org/2024.acl-long.58},
  timestamp    = {Mon, 26 Aug 2024 16:40:51 +0200},
  biburl       = {https://dblp.org/rec/conf/acl/YangPFWCZL24.bib},
  bibsource    = {dblp computer science bibliography, https://dblp.org}
}

@inproceedings{DBLP:conf/acl/ZhangCFLL0C24,
  author       = {Yichi Zhang and
                  Zhuo Chen and
                  Yin Fang and
                  Yanxi Lu and
                  Fangming Li and
                  Wen Zhang and
                  Huajun Chen},
  editor       = {Lun{-}Wei Ku and
                  Andre Martins and
                  Vivek Srikumar},
  title        = {Knowledgeable Preference Alignment for LLMs in Domain-specific Question
                  Answering},
  booktitle    = {Findings of the Association for Computational Linguistics, {ACL} 2024,
                  Bangkok, Thailand and virtual meeting, August 11-16, 2024},
  pages        = {891--904},
  publisher    = {Association for Computational Linguistics},
  year         = {2024},
  url          = {https://doi.org/10.18653/v1/2024.findings-acl.52},
  doi          = {10.18653/V1/2024.FINDINGS-ACL.52},
  timestamp    = {Tue, 24 Sep 2024 10:55:45 +0200},
  biburl       = {https://dblp.org/rec/conf/acl/ZhangCFLL0C24.bib},
  bibsource    = {dblp computer science bibliography, https://dblp.org}
}

@inproceedings{DBLP:conf/cvpr/XieLHL20,
  author       = {Qizhe Xie and
                  Minh{-}Thang Luong and
                  Eduard H. Hovy and
                  Quoc V. Le},
  title        = {Self-Training With Noisy Student Improves ImageNet Classification},
  booktitle    = {2020 {IEEE/CVF} Conference on Computer Vision and Pattern Recognition,
                  {CVPR} 2020, Seattle, WA, USA, June 13-19, 2020},
  pages        = {10684--10695},
  publisher    = {Computer Vision Foundation / {IEEE}},
  year         = {2020},
  url          = {https://openaccess.thecvf.com/content\_CVPR\_2020/html/Xie\_Self-Training\_With\_Noisy\_Student\_Improves\_ImageNet\_Classification\_CVPR\_2020\_paper.html},
  doi          = {10.1109/CVPR42600.2020.01070},
  timestamp    = {Tue, 31 Aug 2021 14:00:04 +0200},
  biburl       = {https://dblp.org/rec/conf/cvpr/XieLHL20.bib},
  bibsource    = {dblp computer science bibliography, https://dblp.org}
}

@inproceedings{DBLP:conf/emnlp/0001GHW00023,
  author       = {Jiaxin Huang and
                  Shixiang Gu and
                  Le Hou and
                  Yuexin Wu and
                  Xuezhi Wang and
                  Hongkun Yu and
                  Jiawei Han},
  editor       = {Houda Bouamor and
                  Juan Pino and
                  Kalika Bali},
  title        = {Large Language Models Can Self-Improve},
  booktitle    = {Proceedings of the 2023 Conference on Empirical Methods in Natural
                  Language Processing, {EMNLP} 2023, Singapore, December 6-10, 2023},
  pages        = {1051--1068},
  publisher    = {Association for Computational Linguistics},
  year         = {2023},
  url          = {https://doi.org/10.18653/v1/2023.emnlp-main.67},
  doi          = {10.18653/V1/2023.EMNLP-MAIN.67},
  timestamp    = {Fri, 12 Apr 2024 13:11:50 +0200},
  biburl       = {https://dblp.org/rec/conf/emnlp/0001GHW00023.bib},
  bibsource    = {dblp computer science bibliography, https://dblp.org}
}

@inproceedings{DBLP:conf/icde/00070HCGYBZYSWY23,
  author       = {Zhuo Chen and
                  Wen Zhang and
                  Yufeng Huang and
                  Mingyang Chen and
                  Yuxia Geng and
                  Hongtao Yu and
                  Zhen Bi and
                  Yichi Zhang and
                  Zhen Yao and
                  Wenting Song and
                  Xinliang Wu and
                  Yi Yang and
                  Mingyi Chen and
                  Zhaoyang Lian and
                  Yingying Li and
                  Lei Cheng and
                  Huajun Chen},
  title        = {Tele-Knowledge Pre-training for Fault Analysis},
  booktitle    = {39th {IEEE} International Conference on Data Engineering, {ICDE} 2023,
                  Anaheim, CA, USA, April 3-7, 2023},
  pages        = {3453--3466},
  publisher    = {{IEEE}},
  year         = {2023},
  url          = {https://doi.org/10.1109/ICDE55515.2023.00265},
  doi          = {10.1109/ICDE55515.2023.00265},
  timestamp    = {Tue, 01 Oct 2024 09:59:34 +0200},
  biburl       = {https://dblp.org/rec/conf/icde/00070HCGYBZYSWY23.bib},
  bibsource    = {dblp computer science bibliography, https://dblp.org}
}

@inproceedings{DBLP:conf/iclr/0009CMZYSZ24,
  author       = {Jie Huang and
                  Xinyun Chen and
                  Swaroop Mishra and
                  Huaixiu Steven Zheng and
                  Adams Wei Yu and
                  Xinying Song and
                  Denny Zhou},
  title        = {Large Language Models Cannot Self-Correct Reasoning Yet},
  booktitle    = {The Twelfth International Conference on Learning Representations,
                  {ICLR} 2024, Vienna, Austria, May 7-11, 2024},
  publisher    = {OpenReview.net},
  year         = {2024},
  url          = {https://openreview.net/forum?id=IkmD3fKBPQ},
  timestamp    = {Wed, 07 Aug 2024 17:11:53 +0200},
  biburl       = {https://dblp.org/rec/conf/iclr/0009CMZYSZ24.bib},
  bibsource    = {dblp computer science bibliography, https://dblp.org}
}

@inproceedings{DBLP:conf/iclr/ChengHW24,
  author       = {Daixuan Cheng and
                  Shaohan Huang and
                  Furu Wei},
  title        = {Adapting Large Language Models via Reading Comprehension},
  booktitle    = {The Twelfth International Conference on Learning Representations,
                  {ICLR} 2024, Vienna, Austria, May 7-11, 2024},
  publisher    = {OpenReview.net},
  year         = {2024},
  url          = {https://openreview.net/forum?id=y886UXPEZ0},
  timestamp    = {Wed, 07 Aug 2024 17:11:53 +0200},
  biburl       = {https://dblp.org/rec/conf/iclr/ChengHW24.bib},
  bibsource    = {dblp computer science bibliography, https://dblp.org}
}

@inproceedings{DBLP:conf/iclr/HeGSR20,
  author       = {Junxian He and
                  Jiatao Gu and
                  Jiajun Shen and
                  Marc'Aurelio Ranzato},
  title        = {Revisiting Self-Training for Neural Sequence Generation},
  booktitle    = {8th International Conference on Learning Representations, {ICLR} 2020,
                  Addis Ababa, Ethiopia, April 26-30, 2020},
  publisher    = {OpenReview.net},
  year         = {2020},
  url          = {https://openreview.net/forum?id=SJgdnAVKDH},
  timestamp    = {Sat, 30 Sep 2023 09:45:46 +0200},
  biburl       = {https://dblp.org/rec/conf/iclr/HeGSR20.bib},
  bibsource    = {dblp computer science bibliography, https://dblp.org}
}

@inproceedings{DBLP:conf/iclr/HuSWALWWC22,
  author       = {Edward J. Hu and
                  Yelong Shen and
                  Phillip Wallis and
                  Zeyuan Allen{-}Zhu and
                  Yuanzhi Li and
                  Shean Wang and
                  Lu Wang and
                  Weizhu Chen},
  title        = {LoRA: Low-Rank Adaptation of Large Language Models},
  booktitle    = {The Tenth International Conference on Learning Representations, {ICLR}
                  2022, Virtual Event, April 25-29, 2022},
  publisher    = {OpenReview.net},
  year         = {2022},
  url          = {https://openreview.net/forum?id=nZeVKeeFYf9},
  timestamp    = {Sat, 20 Aug 2022 01:15:42 +0200},
  biburl       = {https://dblp.org/rec/conf/iclr/HuSWALWWC22.bib},
  bibsource    = {dblp computer science bibliography, https://dblp.org}
}

@inproceedings{DBLP:conf/icml/MengMHZA023,
  author       = {Yu Meng and
                  Martin Michalski and
                  Jiaxin Huang and
                  Yu Zhang and
                  Tarek F. Abdelzaher and
                  Jiawei Han},
  editor       = {Andreas Krause and
                  Emma Brunskill and
                  Kyunghyun Cho and
                  Barbara Engelhardt and
                  Sivan Sabato and
                  Jonathan Scarlett},
  title        = {Tuning Language Models as Training Data Generators for Augmentation-Enhanced
                  Few-Shot Learning},
  booktitle    = {International Conference on Machine Learning, {ICML} 2023, 23-29 July
                  2023, Honolulu, Hawaii, {USA}},
  series       = {Proceedings of Machine Learning Research},
  volume       = {202},
  pages        = {24457--24477},
  publisher    = {{PMLR}},
  year         = {2023},
  url          = {https://proceedings.mlr.press/v202/meng23b.html},
  timestamp    = {Tue, 29 Aug 2023 16:24:43 +0200},
  biburl       = {https://dblp.org/rec/conf/icml/MengMHZA023.bib},
  bibsource    = {dblp computer science bibliography, https://dblp.org}
}

@inproceedings{DBLP:conf/naacl/Miller94a,
  author       = {George A. Miller},
  title        = {{WORDNET:} {A} Lexical Database for English},
  booktitle    = {Human Language Technology, Proceedings of a Workshop held at Plainsboro,
                  New Jerey, USA, March 8-11, 1994},
  publisher    = {Morgan Kaufmann},
  year         = {1994},
  url          = {https://aclanthology.org/H94-1111/},
  timestamp    = {Fri, 06 Aug 2021 00:41:31 +0200},
  biburl       = {https://dblp.org/rec/conf/naacl/Miller94a.bib},
  bibsource    = {dblp computer science bibliography, https://dblp.org}
}

@inproceedings{DBLP:conf/nips/ZelikmanWMG22,
  author       = {Eric Zelikman and
                  Yuhuai Wu and
                  Jesse Mu and
                  Noah D. Goodman},
  editor       = {Sanmi Koyejo and
                  S. Mohamed and
                  A. Agarwal and
                  Danielle Belgrave and
                  K. Cho and
                  A. Oh},
  title        = {STaR: Bootstrapping Reasoning With Reasoning},
  booktitle    = {Advances in Neural Information Processing Systems 35: Annual Conference
                  on Neural Information Processing Systems 2022, NeurIPS 2022, New Orleans,
                  LA, USA, November 28 - December 9, 2022},
  year         = {2022},
  url          = {http://papers.nips.cc/paper\_files/paper/2022/hash/639a9a172c044fbb64175b5fad42e9a5-Abstract-Conference.html},
  timestamp    = {Mon, 08 Jan 2024 16:31:37 +0100},
  biburl       = {https://dblp.org/rec/conf/nips/ZelikmanWMG22.bib},
  bibsource    = {dblp computer science bibliography, https://dblp.org}
}

@inproceedings{DBLP:conf/www/ZhangPWCZZBC19,
  author       = {Wen Zhang and
                  Bibek Paudel and
                  Liang Wang and
                  Jiaoyan Chen and
                  Hai Zhu and
                  Wei Zhang and
                  Abraham Bernstein and
                  Huajun Chen},
  editor       = {Ling Liu and
                  Ryen W. White and
                  Amin Mantrach and
                  Fabrizio Silvestri and
                  Julian J. McAuley and
                  Ricardo Baeza{-}Yates and
                  Leila Zia},
  title        = {Iteratively Learning Embeddings and Rules for Knowledge Graph Reasoning},
  booktitle    = {The World Wide Web Conference, {WWW} 2019, San Francisco, CA, USA,
                  May 13-17, 2019},
  pages        = {2366--2377},
  publisher    = {{ACM}},
  year         = {2019},
  url          = {https://doi.org/10.1145/3308558.3313612},
  doi          = {10.1145/3308558.3313612},
  timestamp    = {Mon, 03 Jun 2024 15:23:14 +0200},
  biburl       = {https://dblp.org/rec/conf/www/ZhangPWCZZBC19.bib},
  bibsource    = {dblp computer science bibliography, https://dblp.org}
}

@article{DBLP:journals/bib/LuoSXQZPL22,
  author       = {Renqian Luo and
                  Liai Sun and
                  Yingce Xia and
                  Tao Qin and
                  Sheng Zhang and
                  Hoifung Poon and
                  Tie{-}Yan Liu},
  title        = {BioGPT: generative pre-trained transformer for biomedical text generation
                  and mining},
  journal      = {Briefings Bioinform.},
  volume       = {23},
  number       = {6},
  year         = {2022},
  url          = {https://doi.org/10.1093/bib/bbac409},
  doi          = {10.1093/BIB/BBAC409},
  timestamp    = {Mon, 29 Jan 2024 17:56:07 +0100},
  biburl       = {https://dblp.org/rec/journals/bib/LuoSXQZPL22.bib},
  bibsource    = {dblp computer science bibliography, https://dblp.org}
}

@article{DBLP:journals/corr/abs-2202-12040,
  author       = {Massih{-}Reza Amini and
                  Vasilii Feofanov and
                  Lo{\"{\i}}c Pauletto and
                  Emilie Devijver and
                  Yury Maximov},
  title        = {Self-Training: {A} Survey},
  journal      = {CoRR},
  volume       = {abs/2202.12040},
  year         = {2022},
  url          = {https://arxiv.org/abs/2202.12040},
  eprinttype    = {arXiv},
  eprint       = {2202.12040},
  timestamp    = {Wed, 02 Mar 2022 16:35:04 +0100},
  biburl       = {https://dblp.org/rec/journals/corr/abs-2202-12040.bib},
  bibsource    = {dblp computer science bibliography, https://dblp.org}
}

@article{DBLP:journals/corr/abs-2203-03540,
  author       = {Xi Yang and
                  Nima M. Pournejatian and
                  Hoo Chang Shin and
                  Kaleb E. Smith and
                  Christopher Parisien and
                  Colin Compas and
                  Cheryl Martin and
                  Mona G. Flores and
                  Ying Zhang and
                  Tanja Magoc and
                  Christopher A. Harle and
                  Gloria P. Lipori and
                  Duane A. Mitchell and
                  William R. Hogan and
                  Elizabeth A. Shenkman and
                  Jiang Bian and
                  Yonghui Wu},
  title        = {GatorTron: {A} Large Clinical Language Model to Unlock Patient Information
                  from Unstructured Electronic Health Records},
  journal      = {CoRR},
  volume       = {abs/2203.03540},
  year         = {2022},
  url          = {https://doi.org/10.48550/arXiv.2203.03540},
  doi          = {10.48550/ARXIV.2203.03540},
  eprinttype    = {arXiv},
  eprint       = {2203.03540},
  timestamp    = {Thu, 28 Apr 2022 10:05:54 +0200},
  biburl       = {https://dblp.org/rec/journals/corr/abs-2203-03540.bib},
  bibsource    = {dblp computer science bibliography, https://dblp.org}
}

@article{DBLP:journals/corr/abs-2303-08774,
  author       = {OpenAI},
  title        = {{GPT-4} Technical Report},
  journal      = {CoRR},
  volume       = {abs/2303.08774},
  year         = {2023},
  url          = {https://doi.org/10.48550/arXiv.2303.08774},
  doi          = {10.48550/ARXIV.2303.08774},
  eprinttype    = {arXiv},
  eprint       = {2303.08774},
  timestamp    = {Mon, 28 Aug 2023 21:26:19 +0200},
  biburl       = {https://dblp.org/rec/journals/corr/abs-2303-08774.bib},
  bibsource    = {dblp computer science bibliography, https://dblp.org}
}

@article{DBLP:journals/corr/abs-2303-17564,
  author       = {Shijie Wu and
                  Ozan Irsoy and
                  Steven Lu and
                  Vadim Dabravolski and
                  Mark Dredze and
                  Sebastian Gehrmann and
                  Prabhanjan Kambadur and
                  David S. Rosenberg and
                  Gideon Mann},
  title        = {BloombergGPT: {A} Large Language Model for Finance},
  journal      = {CoRR},
  volume       = {abs/2303.17564},
  year         = {2023},
  url          = {https://doi.org/10.48550/arXiv.2303.17564},
  doi          = {10.48550/ARXIV.2303.17564},
  eprinttype    = {arXiv},
  eprint       = {2303.17564},
  timestamp    = {Fri, 06 Oct 2023 19:24:15 +0200},
  biburl       = {https://dblp.org/rec/journals/corr/abs-2303-17564.bib},
  bibsource    = {dblp computer science bibliography, https://dblp.org}
}

@article{DBLP:journals/corr/abs-2304-14454,
  author       = {Chaoyi Wu and
                  Xiaoman Zhang and
                  Ya Zhang and
                  Yanfeng Wang and
                  Weidi Xie},
  title        = {PMC-LLaMA: Further Finetuning LLaMA on Medical Papers},
  journal      = {CoRR},
  volume       = {abs/2304.14454},
  year         = {2023},
  url          = {https://doi.org/10.48550/arXiv.2304.14454},
  doi          = {10.48550/ARXIV.2304.14454},
  eprinttype    = {arXiv},
  eprint       = {2304.14454},
  timestamp    = {Tue, 07 May 2024 20:15:36 +0200},
  biburl       = {https://dblp.org/rec/journals/corr/abs-2304-14454.bib},
  bibsource    = {dblp computer science bibliography, https://dblp.org}
}

@article{DBLP:journals/corr/abs-2402-06457,
  author       = {Arian Hosseini and
                  Xingdi Yuan and
                  Nikolay Malkin and
                  Aaron C. Courville and
                  Alessandro Sordoni and
                  Rishabh Agarwal},
  title        = {V-STaR: Training Verifiers for Self-Taught Reasoners},
  journal      = {CoRR},
  volume       = {abs/2402.06457},
  year         = {2024},
  url          = {https://doi.org/10.48550/arXiv.2402.06457},
  doi          = {10.48550/ARXIV.2402.06457},
  eprinttype    = {arXiv},
  eprint       = {2402.06457},
  timestamp    = {Fri, 16 Feb 2024 13:00:19 +0100},
  biburl       = {https://dblp.org/rec/journals/corr/abs-2402-06457.bib},
  bibsource    = {dblp computer science bibliography, https://dblp.org}
}

@article{DBLP:journals/corr/abs-2404-07965,
  author       = {Zhenghao Lin and
                  Zhibin Gou and
                  Yeyun Gong and
                  Xiao Liu and
                  Yelong Shen and
                  Ruochen Xu and
                  Chen Lin and
                  Yujiu Yang and
                  Jian Jiao and
                  Nan Duan and
                  Weizhu Chen},
  title        = {Rho-1: Not All Tokens Are What You Need},
  journal      = {CoRR},
  volume       = {abs/2404.07965},
  year         = {2024},
  url          = {https://doi.org/10.48550/arXiv.2404.07965},
  doi          = {10.48550/ARXIV.2404.07965},
  eprinttype    = {arXiv},
  eprint       = {2404.07965},
  timestamp    = {Thu, 18 Jul 2024 08:29:29 +0200},
  biburl       = {https://dblp.org/rec/journals/corr/abs-2404-07965.bib},
  bibsource    = {dblp computer science bibliography, https://dblp.org}
}

@article{DBLP:journals/corr/abs-2406-04614,
  author       = {Zhi Zhou and
                  Jiang{-}Xin Shi and
                  Peng{-}Xiao Song and
                  Xiaowen Yang and
                  Yi{-}Xuan Jin and
                  Lan{-}Zhe Guo and
                  Yu{-}Feng Li},
  title        = {LawGPT: {A} Chinese Legal Knowledge-Enhanced Large Language Model},
  journal      = {CoRR},
  volume       = {abs/2406.04614},
  year         = {2024},
  url          = {https://doi.org/10.48550/arXiv.2406.04614},
  doi          = {10.48550/ARXIV.2406.04614},
  eprinttype    = {arXiv},
  eprint       = {2406.04614},
  timestamp    = {Mon, 02 Sep 2024 08:02:21 +0200},
  biburl       = {https://dblp.org/rec/journals/corr/abs-2406-04614.bib},
  bibsource    = {dblp computer science bibliography, https://dblp.org}
}

@article{DBLP:journals/corr/abs-2407-10671,
  author       = {An Yang and
                  Baosong Yang and
                  Binyuan Hui and
                  Bo Zheng and
                  Bowen Yu and
                  Chang Zhou and
                  Chengpeng Li and
                  Chengyuan Li and
                  Dayiheng Liu and
                  Fei Huang and
                  Guanting Dong and
                  Haoran Wei and
                  Huan Lin and
                  Jialong Tang and
                  Jialin Wang and
                  Jian Yang and
                  Jianhong Tu and
                  Jianwei Zhang and
                  Jianxin Ma and
                  Jianxin Yang and
                  Jin Xu and
                  Jingren Zhou and
                  Jinze Bai and
                  Jinzheng He and
                  Junyang Lin and
                  Kai Dang and
                  Keming Lu and
                  Keqin Chen and
                  Kexin Yang and
                  Mei Li and
                  Mingfeng Xue and
                  Na Ni and
                  Pei Zhang and
                  Peng Wang and
                  Ru Peng and
                  Rui Men and
                  Ruize Gao and
                  Runji Lin and
                  Shijie Wang and
                  Shuai Bai and
                  Sinan Tan and
                  Tianhang Zhu and
                  Tianhao Li and
                  Tianyu Liu and
                  Wenbin Ge and
                  Xiaodong Deng and
                  Xiaohuan Zhou and
                  Xingzhang Ren and
                  Xinyu Zhang and
                  Xipin Wei and
                  Xuancheng Ren and
                  Xuejing Liu and
                  Yang Fan and
                  Yang Yao and
                  Yichang Zhang and
                  Yu Wan and
                  Yunfei Chu and
                  Yuqiong Liu and
                  Zeyu Cui and
                  Zhenru Zhang and
                  Zhifang Guo and
                  Zhihao Fan},
  title        = {Qwen2 Technical Report},
  journal      = {CoRR},
  volume       = {abs/2407.10671},
  year         = {2024},
  url          = {https://doi.org/10.48550/arXiv.2407.10671},
  doi          = {10.48550/ARXIV.2407.10671},
  eprinttype    = {arXiv},
  eprint       = {2407.10671},
  timestamp    = {Fri, 23 Aug 2024 08:12:15 +0200},
  biburl       = {https://dblp.org/rec/journals/corr/abs-2407-10671.bib},
  bibsource    = {dblp computer science bibliography, https://dblp.org}
}

@article{DBLP:journals/tmlr/SinghCAAPGLH0XP24,
  author       = {Avi Singh and
                  John D. Co{-}Reyes and
                  Rishabh Agarwal and
                  Ankesh Anand and
                  Piyush Patil and
                  Xavier Garcia and
                  Peter J. Liu and
                  James Harrison and
                  Jaehoon Lee and
                  Kelvin Xu and
                  Aaron T. Parisi and
                  Abhishek Kumar and
                  Alexander A. Alemi and
                  Alex Rizkowsky and
                  Azade Nova and
                  Ben Adlam and
                  Bernd Bohnet and
                  Gamaleldin Fathy Elsayed and
                  Hanie Sedghi and
                  Igor Mordatch and
                  Isabelle Simpson and
                  Izzeddin Gur and
                  Jasper Snoek and
                  Jeffrey Pennington and
                  Jiri Hron and
                  Kathleen Kenealy and
                  Kevin Swersky and
                  Kshiteej Mahajan and
                  Laura Culp and
                  Lechao Xiao and
                  Maxwell L. Bileschi and
                  Noah Constant and
                  Roman Novak and
                  Rosanne Liu and
                  Tris Warkentin and
                  Yundi Qian and
                  Yamini Bansal and
                  Ethan Dyer and
                  Behnam Neyshabur and
                  Jascha Sohl{-}Dickstein and
                  Noah Fiedel},
  title        = {Beyond Human Data: Scaling Self-Training for Problem-Solving with
                  Language Models},
  journal      = {Trans. Mach. Learn. Res.},
  volume       = {2024},
  year         = {2024},
  url          = {https://openreview.net/forum?id=lNAyUngGFK},
  timestamp    = {Thu, 08 Aug 2024 15:22:39 +0200},
  biburl       = {https://dblp.org/rec/journals/tmlr/SinghCAAPGLH0XP24.bib},
  bibsource    = {dblp computer science bibliography, https://dblp.org}
}

@article{dorfner2024biomedical,
  title={Biomedical Large Languages Models Seem not to be Superior to Generalist Models on Unseen Medical Data},
  author={Dorfner, Felix J and Dada, Amin and Busch, Felix and Makowski, Marcus R and Han, Tianyu and Truhn, Daniel and Kleesiek, Jens and Sushil, Madhumita and Lammert, Jacqueline and Adams, Lisa C and others},
  journal={arXiv preprint arXiv:2408.13833},
  year={2024}
}

