@article{DBLP:journals/corr/abs-2406-14282,
  author       = {Junjie Wang and
                  Mingyang Chen and
                  Binbin Hu and
                  Dan Yang and
                  Ziqi Liu and
                  Yue Shen and
                  Peng Wei and
                  Zhiqiang Zhang and
                  Jinjie Gu and
                  Jun Zhou and
                  Jeff Z. Pan and
                  Wen Zhang and
                  Huajun Chen},
  title        = {Learning to Plan for Retrieval-Augmented Large Language Models from
                  Knowledge Graphs},
  journal      = {CoRR},
  volume       = {abs/2406.14282},
  year         = {2024},
  url          = {https://doi.org/10.48550/arXiv.2406.14282},
  doi          = {10.48550/ARXIV.2406.14282},
  eprinttype    = {arXiv},
  eprint       = {2406.14282},
  timestamp    = {Fri, 12 Jul 2024 19:38:51 +0200},
  biburl       = {https://dblp.org/rec/journals/corr/abs-2406-14282.bib},
  bibsource    = {dblp computer science bibliography, https://dblp.org}
}
@inproceedings{DBLP:conf/icde/00070HCGYBZYSWY23,
  author       = {Zhuo Chen and
                  Wen Zhang and
                  Yufeng Huang and
                  Mingyang Chen and
                  Yuxia Geng and
                  Hongtao Yu and
                  Zhen Bi and
                  Yichi Zhang and
                  Zhen Yao and
                  Wenting Song and
                  Xinliang Wu and
                  Yi Yang and
                  Mingyi Chen and
                  Zhaoyang Lian and
                  Yingying Li and
                  Lei Cheng and
                  Huajun Chen},
  title        = {Tele-Knowledge Pre-training for Fault Analysis},
  booktitle    = {39th {IEEE} International Conference on Data Engineering, {ICDE} 2023,
                  Anaheim, CA, USA, April 3-7, 2023},
  pages        = {3453--3466},
  publisher    = {{IEEE}},
  year         = {2023},
  url          = {https://doi.org/10.1109/ICDE55515.2023.00265},
  doi          = {10.1109/ICDE55515.2023.00265},
  timestamp    = {Tue, 01 Oct 2024 09:59:34 +0200},
  biburl       = {https://dblp.org/rec/conf/icde/00070HCGYBZYSWY23.bib},
  bibsource    = {dblp computer science bibliography, https://dblp.org}
}
@inproceedings{DBLP:conf/acl/ZhangCFLL0C24,
  author       = {Yichi Zhang and
                  Zhuo Chen and
                  Yin Fang and
                  Yanxi Lu and
                  Fangming Li and
                  Wen Zhang and
                  Huajun Chen},
  editor       = {Lun{-}Wei Ku and
                  Andre Martins and
                  Vivek Srikumar},
  title        = {Knowledgeable Preference Alignment for LLMs in Domain-specific Question
                  Answering},
  booktitle    = {Findings of the Association for Computational Linguistics, {ACL} 2024,
                  Bangkok, Thailand and virtual meeting, August 11-16, 2024},
  pages        = {891--904},
  publisher    = {Association for Computational Linguistics},
  year         = {2024},
  url          = {https://doi.org/10.18653/v1/2024.findings-acl.52},
  doi          = {10.18653/V1/2024.FINDINGS-ACL.52},
  timestamp    = {Tue, 24 Sep 2024 10:55:45 +0200},
  biburl       = {https://dblp.org/rec/conf/acl/ZhangCFLL0C24.bib},
  bibsource    = {dblp computer science bibliography, https://dblp.org}
}
@article{DBLP:journals/corr/abs-2408-06142,
  author       = {Cl{\'{e}}ment Christophe and
                  Praveen K. Kanithi and
                  Tathagata Raha and
                  Shadab Khan and
                  Marco AF Pimentel},
  title        = {Med42-v2: {A} Suite of Clinical LLMs},
  journal      = {CoRR},
  volume       = {abs/2408.06142},
  year         = {2024},
  url          = {https://doi.org/10.48550/arXiv.2408.06142},
  doi          = {10.48550/ARXIV.2408.06142},
  eprinttype    = {arXiv},
  eprint       = {2408.06142},
  timestamp    = {Tue, 17 Sep 2024 08:35:51 +0200},
  biburl       = {https://dblp.org/rec/journals/corr/abs-2408-06142.bib},
  bibsource    = {dblp computer science bibliography, https://dblp.org}
}
@misc{OpenBioLLMs,
  author = {Ankit Pal, Malaikannan Sankarasubbu},
  title = {OpenBioLLMs: Advancing Open-Source Large Language Models for Healthcare and Life Sciences},
  year = {2024},
  publisher = {Hugging Face},
  journal = {Hugging Face repository},
  howpublished = {\url{https://huggingface.co/aaditya/OpenBioLLM-Llama3-70B}}
}
@inproceedings{DBLP:conf/acl/RenCLLHZWC024,
  author       = {Mengjie Ren and
                  Boxi Cao and
                  Hongyu Lin and
                  Cao Liu and
                  Xianpei Han and
                  Ke Zeng and
                  Guanglu Wan and
                  Xunliang Cai and
                  Le Sun},
  editor       = {Lun{-}Wei Ku and
                  Andre Martins and
                  Vivek Srikumar},
  title        = {Learning or Self-aligning? Rethinking Instruction Fine-tuning},
  booktitle    = {Proceedings of the 62nd Annual Meeting of the Association for Computational
                  Linguistics (Volume 1: Long Papers), {ACL} 2024, Bangkok, Thailand,
                  August 11-16, 2024},
  pages        = {6090--6105},
  publisher    = {Association for Computational Linguistics},
  year         = {2024},
  url          = {https://doi.org/10.18653/v1/2024.acl-long.330},
  doi          = {10.18653/V1/2024.ACL-LONG.330},
  timestamp    = {Tue, 24 Sep 2024 10:55:48 +0200},
  biburl       = {https://dblp.org/rec/conf/acl/RenCLLHZWC024.bib},
  bibsource    = {dblp computer science bibliography, https://dblp.org}
}
@article{DBLP:journals/corr/abs-2405-05904,
  author       = {Zorik Gekhman and
                  Gal Yona and
                  Roee Aharoni and
                  Matan Eyal and
                  Amir Feder and
                  Roi Reichart and
                  Jonathan Herzig},
  title        = {Does Fine-Tuning LLMs on New Knowledge Encourage Hallucinations?},
  journal      = {CoRR},
  volume       = {abs/2405.05904},
  year         = {2024},
  url          = {https://doi.org/10.48550/arXiv.2405.05904},
  doi          = {10.48550/ARXIV.2405.05904},
  eprinttype    = {arXiv},
  eprint       = {2405.05904},
  timestamp    = {Thu, 13 Jun 2024 21:49:47 +0200},
  biburl       = {https://dblp.org/rec/journals/corr/abs-2405-05904.bib},
  bibsource    = {dblp computer science bibliography, https://dblp.org}
}
@article{dorfner2024biomedical,
  title={Biomedical Large Languages Models Seem not to be Superior to Generalist Models on Unseen Medical Data},
  author={Dorfner, Felix J and Dada, Amin and Busch, Felix and Makowski, Marcus R and Han, Tianyu and Truhn, Daniel and Kleesiek, Jens and Sushil, Madhumita and Lammert, Jacqueline and Adams, Lisa C and others},
  journal={arXiv preprint arXiv:2408.13833},
  year={2024}
}
@article{DBLP:journals/corr/abs-2203-03540,
  author       = {Xi Yang and
                  Nima M. Pournejatian and
                  Hoo Chang Shin and
                  Kaleb E. Smith and
                  Christopher Parisien and
                  Colin Compas and
                  Cheryl Martin and
                  Mona G. Flores and
                  Ying Zhang and
                  Tanja Magoc and
                  Christopher A. Harle and
                  Gloria P. Lipori and
                  Duane A. Mitchell and
                  William R. Hogan and
                  Elizabeth A. Shenkman and
                  Jiang Bian and
                  Yonghui Wu},
  title        = {GatorTron: {A} Large Clinical Language Model to Unlock Patient Information
                  from Unstructured Electronic Health Records},
  journal      = {CoRR},
  volume       = {abs/2203.03540},
  year         = {2022},
  url          = {https://doi.org/10.48550/arXiv.2203.03540},
  doi          = {10.48550/ARXIV.2203.03540},
  eprinttype    = {arXiv},
  eprint       = {2203.03540},
  timestamp    = {Thu, 28 Apr 2022 10:05:54 +0200},
  biburl       = {https://dblp.org/rec/journals/corr/abs-2203-03540.bib},
  bibsource    = {dblp computer science bibliography, https://dblp.org}
}
@article{DBLP:journals/bib/LuoSXQZPL22,
  author       = {Renqian Luo and
                  Liai Sun and
                  Yingce Xia and
                  Tao Qin and
                  Sheng Zhang and
                  Hoifung Poon and
                  Tie{-}Yan Liu},
  title        = {BioGPT: generative pre-trained transformer for biomedical text generation
                  and mining},
  journal      = {Briefings Bioinform.},
  volume       = {23},
  number       = {6},
  year         = {2022},
  url          = {https://doi.org/10.1093/bib/bbac409},
  doi          = {10.1093/BIB/BBAC409},
  timestamp    = {Mon, 29 Jan 2024 17:56:07 +0100},
  biburl       = {https://dblp.org/rec/journals/bib/LuoSXQZPL22.bib},
  bibsource    = {dblp computer science bibliography, https://dblp.org}
}
@article{DBLP:journals/corr/abs-2303-17564,
  author       = {Shijie Wu and
                  Ozan Irsoy and
                  Steven Lu and
                  Vadim Dabravolski and
                  Mark Dredze and
                  Sebastian Gehrmann and
                  Prabhanjan Kambadur and
                  David S. Rosenberg and
                  Gideon Mann},
  title        = {BloombergGPT: {A} Large Language Model for Finance},
  journal      = {CoRR},
  volume       = {abs/2303.17564},
  year         = {2023},
  url          = {https://doi.org/10.48550/arXiv.2303.17564},
  doi          = {10.48550/ARXIV.2303.17564},
  eprinttype    = {arXiv},
  eprint       = {2303.17564},
  timestamp    = {Fri, 06 Oct 2023 19:24:15 +0200},
  biburl       = {https://dblp.org/rec/journals/corr/abs-2303-17564.bib},
  bibsource    = {dblp computer science bibliography, https://dblp.org}
}
@article{DBLP:journals/corr/abs-2405-01886,
  author       = {Ashwin Kumar Gururajan and
                  Enrique Lopez{-}Cuena and
                  Jordi Bayarri{-}Planas and
                  Adri{\'{a}}n Tormos and
                  Daniel Hinjos and
                  Pablo Bernabeu{-}Perez and
                  Anna Arias{-}Duart and
                  Pablo Agustin Martin{-}Torres and
                  Lucia Urcelay{-}Ganzabal and
                  Marta Gonzalez{-}Mallo and
                  Sergio {\'{A}}lvarez{-}Napagao and
                  Eduard Ayguad{\'{e}} Parra and
                  Ulises Cort{\'{e}}s Dario Garcia{-}Gasulla},
  title        = {Aloe: {A} Family of Fine-tuned Open Healthcare LLMs},
  journal      = {CoRR},
  volume       = {abs/2405.01886},
  year         = {2024},
  url          = {https://doi.org/10.48550/arXiv.2405.01886},
  doi          = {10.48550/ARXIV.2405.01886},
  eprinttype    = {arXiv},
  eprint       = {2405.01886},
  timestamp    = {Tue, 11 Jun 2024 11:05:54 +0200},
  biburl       = {https://dblp.org/rec/journals/corr/abs-2405-01886.bib},
  bibsource    = {dblp computer science bibliography, https://dblp.org}
}
@inproceedings{DBLP:conf/naacl/Miller94a,
  author       = {George A. Miller},
  title        = {{WORDNET:} {A} Lexical Database for English},
  booktitle    = {Human Language Technology, Proceedings of a Workshop held at Plainsboro,
                  New Jerey, USA, March 8-11, 1994},
  publisher    = {Morgan Kaufmann},
  year         = {1994},
  url          = {https://aclanthology.org/H94-1111/},
  timestamp    = {Fri, 06 Aug 2021 00:41:31 +0200},
  biburl       = {https://dblp.org/rec/conf/naacl/Miller94a.bib},
  bibsource    = {dblp computer science bibliography, https://dblp.org}
}
@inproceedings{DBLP:conf/ijcai/XiaoCKLPRZ18,
  author       = {Guohui Xiao and
                  Diego Calvanese and
                  Roman Kontchakov and
                  Domenico Lembo and
                  Antonella Poggi and
                  Riccardo Rosati and
                  Michael Zakharyaschev},
  editor       = {J{\'{e}}r{\^{o}}me Lang},
  title        = {Ontology-Based Data Access: {A} Survey},
  booktitle    = {Proceedings of the Twenty-Seventh International Joint Conference on
                  Artificial Intelligence, {IJCAI} 2018, July 13-19, 2018, Stockholm,
                  Sweden},
  pages        = {5511--5519},
  publisher    = {ijcai.org},
  year         = {2018},
  url          = {https://doi.org/10.24963/ijcai.2018/777},
  doi          = {10.24963/IJCAI.2018/777},
  timestamp    = {Sat, 30 Sep 2023 09:48:29 +0200},
  biburl       = {https://dblp.org/rec/conf/ijcai/XiaoCKLPRZ18.bib},
  bibsource    = {dblp computer science bibliography, https://dblp.org}
}
@inproceedings{DBLP:conf/acl/0002WHZS0WLFS023,
  author       = {Zijie Huang and
                  Daheng Wang and
                  Binxuan Huang and
                  Chenwei Zhang and
                  Jingbo Shang and
                  Yan Liang and
                  Zhengyang Wang and
                  Xian Li and
                  Christos Faloutsos and
                  Yizhou Sun and
                  Wei Wang},
  editor       = {Anna Rogers and
                  Jordan L. Boyd{-}Graber and
                  Naoaki Okazaki},
  title        = {Concept2Box: Joint Geometric Embeddings for Learning Two-View Knowledge
                  Graphs},
  booktitle    = {Findings of the Association for Computational Linguistics: {ACL} 2023,
                  Toronto, Canada, July 9-14, 2023},
  pages        = {10105--10118},
  publisher    = {Association for Computational Linguistics},
  year         = {2023},
  url          = {https://doi.org/10.18653/v1/2023.findings-acl.642},
  doi          = {10.18653/V1/2023.FINDINGS-ACL.642},
  timestamp    = {Thu, 10 Aug 2023 12:35:43 +0200},
  biburl       = {https://dblp.org/rec/conf/acl/0002WHZS0WLFS023.bib},
  bibsource    = {dblp computer science bibliography, https://dblp.org}
}
@inproceedings{DBLP:conf/www/ZhangPWCZZBC19,
  author       = {Wen Zhang and
                  Bibek Paudel and
                  Liang Wang and
                  Jiaoyan Chen and
                  Hai Zhu and
                  Wei Zhang and
                  Abraham Bernstein and
                  Huajun Chen},
  editor       = {Ling Liu and
                  Ryen W. White and
                  Amin Mantrach and
                  Fabrizio Silvestri and
                  Julian J. McAuley and
                  Ricardo Baeza{-}Yates and
                  Leila Zia},
  title        = {Iteratively Learning Embeddings and Rules for Knowledge Graph Reasoning},
  booktitle    = {The World Wide Web Conference, {WWW} 2019, San Francisco, CA, USA,
                  May 13-17, 2019},
  pages        = {2366--2377},
  publisher    = {{ACM}},
  year         = {2019},
  url          = {https://doi.org/10.1145/3308558.3313612},
  doi          = {10.1145/3308558.3313612},
  timestamp    = {Mon, 03 Jun 2024 15:23:14 +0200},
  biburl       = {https://dblp.org/rec/conf/www/ZhangPWCZZBC19.bib},
  bibsource    = {dblp computer science bibliography, https://dblp.org}
}
@inproceedings{DBLP:conf/iclr/ChengHW24,
  author       = {Daixuan Cheng and
                  Shaohan Huang and
                  Furu Wei},
  title        = {Adapting Large Language Models via Reading Comprehension},
  booktitle    = {The Twelfth International Conference on Learning Representations,
                  {ICLR} 2024, Vienna, Austria, May 7-11, 2024},
  publisher    = {OpenReview.net},
  year         = {2024},
  url          = {https://openreview.net/forum?id=y886UXPEZ0},
  timestamp    = {Wed, 07 Aug 2024 17:11:53 +0200},
  biburl       = {https://dblp.org/rec/conf/iclr/ChengHW24.bib},
  bibsource    = {dblp computer science bibliography, https://dblp.org}
}
@inproceedings{DBLP:conf/acl/LiYBZLSLSYWLXBF24,
  author       = {Jiawei Li and
                  Yizhe Yang and
                  Yu Bai and
                  Xiaofeng Zhou and
                  Yinghao Li and
                  Huashan Sun and
                  Yuhang Liu and
                  Xingpeng Si and
                  Yuhao Ye and
                  Yixiao Wu and
                  Yiguan Lin and
                  Bin Xu and
                  Ren Bowen and
                  Chong Feng and
                  Yang Gao and
                  Heyan Huang},
  editor       = {Lun{-}Wei Ku and
                  Andre Martins and
                  Vivek Srikumar},
  title        = {Fundamental Capabilities of Large Language Models and their Applications
                  in Domain Scenarios: {A} Survey},
  booktitle    = {Proceedings of the 62nd Annual Meeting of the Association for Computational
                  Linguistics (Volume 1: Long Papers), {ACL} 2024, Bangkok, Thailand,
                  August 11-16, 2024},
  pages        = {11116--11141},
  publisher    = {Association for Computational Linguistics},
  year         = {2024},
  url          = {https://aclanthology.org/2024.acl-long.599},
  timestamp    = {Mon, 26 Aug 2024 16:40:52 +0200},
  biburl       = {https://dblp.org/rec/conf/acl/LiYBZLSLSYWLXBF24.bib},
  bibsource    = {dblp computer science bibliography, https://dblp.org}
}
@article{DBLP:journals/corr/abs-2406-04614,
  author       = {Zhi Zhou and
                  Jiang{-}Xin Shi and
                  Peng{-}Xiao Song and
                  Xiaowen Yang and
                  Yi{-}Xuan Jin and
                  Lan{-}Zhe Guo and
                  Yu{-}Feng Li},
  title        = {LawGPT: {A} Chinese Legal Knowledge-Enhanced Large Language Model},
  journal      = {CoRR},
  volume       = {abs/2406.04614},
  year         = {2024},
  url          = {https://doi.org/10.48550/arXiv.2406.04614},
  doi          = {10.48550/ARXIV.2406.04614},
  eprinttype    = {arXiv},
  eprint       = {2406.04614},
  timestamp    = {Mon, 02 Sep 2024 08:02:21 +0200},
  biburl       = {https://dblp.org/rec/journals/corr/abs-2406-04614.bib},
  bibsource    = {dblp computer science bibliography, https://dblp.org}
}
@article{DBLP:journals/ai/AlmeidaNEWA24,
  author       = {Guilherme F. C. F. Almeida and
                  Jos{\'{e}} Luiz Nunes and
                  Neele Engelmann and
                  Alex Wiegmann and
                  Marcelo de Ara{\'{u}}jo},
  title        = {Exploring the psychology of LLMs' moral and legal reasoning},
  journal      = {Artif. Intell.},
  volume       = {333},
  pages        = {104145},
  year         = {2024},
  url          = {https://doi.org/10.1016/j.artint.2024.104145},
  doi          = {10.1016/J.ARTINT.2024.104145},
  timestamp    = {Sun, 04 Aug 2024 19:48:49 +0200},
  biburl       = {https://dblp.org/rec/journals/ai/AlmeidaNEWA24.bib},
  bibsource    = {dblp computer science bibliography, https://dblp.org}
}
@inproceedings{DBLP:conf/acl/BhatiaNCA24,
  author       = {Gagan Bhatia and
                  El Moatez Billah Nagoudi and
                  Hasan Cavusoglu and
                  Muhammad Abdul{-}Mageed},
  editor       = {Lun{-}Wei Ku and
                  Andre Martins and
                  Vivek Srikumar},
  title        = {FinTral: {A} Family of {GPT-4} Level Multimodal Financial Large Language
                  Models},
  booktitle    = {Findings of the Association for Computational Linguistics, {ACL} 2024,
                  Bangkok, Thailand and virtual meeting, August 11-16, 2024},
  pages        = {13064--13087},
  publisher    = {Association for Computational Linguistics},
  year         = {2024},
  url          = {https://aclanthology.org/2024.findings-acl.774},
  timestamp    = {Tue, 27 Aug 2024 17:38:11 +0200},
  biburl       = {https://dblp.org/rec/conf/acl/BhatiaNCA24.bib},
  bibsource    = {dblp computer science bibliography, https://dblp.org}
}
@inproceedings{DBLP:conf/emnlp/HaoGMHWWH23,
  author       = {Shibo Hao and
                  Yi Gu and
                  Haodi Ma and
                  Joshua Jiahua Hong and
                  Zhen Wang and
                  Daisy Zhe Wang and
                  Zhiting Hu},
  editor       = {Houda Bouamor and
                  Juan Pino and
                  Kalika Bali},
  title        = {Reasoning with Language Model is Planning with World Model},
  booktitle    = {Proceedings of the 2023 Conference on Empirical Methods in Natural
                  Language Processing, {EMNLP} 2023, Singapore, December 6-10, 2023},
  pages        = {8154--8173},
  publisher    = {Association for Computational Linguistics},
  year         = {2023},
  url          = {https://doi.org/10.18653/v1/2023.emnlp-main.507},
  doi          = {10.18653/V1/2023.EMNLP-MAIN.507},
  timestamp    = {Fri, 12 Apr 2024 13:11:32 +0200},
  biburl       = {https://dblp.org/rec/conf/emnlp/HaoGMHWWH23.bib},
  bibsource    = {dblp computer science bibliography, https://dblp.org}
}
@article{DBLP:journals/corr/abs-2407-15017,
  author       = {Mengru Wang and
                  Yunzhi Yao and
                  Ziwen Xu and
                  Shuofei Qiao and
                  Shumin Deng and
                  Peng Wang and
                  Xiang Chen and
                  Jia{-}Chen Gu and
                  Yong Jiang and
                  Pengjun Xie and
                  Fei Huang and
                  Huajun Chen and
                  Ningyu Zhang},
  title        = {Knowledge Mechanisms in Large Language Models: {A} Survey and Perspective},
  journal      = {CoRR},
  volume       = {abs/2407.15017},
  year         = {2024},
  url          = {https://doi.org/10.48550/arXiv.2407.15017},
  doi          = {10.48550/ARXIV.2407.15017},
  eprinttype    = {arXiv},
  eprint       = {2407.15017},
  timestamp    = {Mon, 19 Aug 2024 21:11:13 +0200},
  biburl       = {https://dblp.org/rec/journals/corr/abs-2407-15017.bib},
  bibsource    = {dblp computer science bibliography, https://dblp.org}
}
@inproceedings{DBLP:conf/acl/TyenMCCM24,
  author       = {Gladys Tyen and
                  Hassan Mansoor and
                  Victor Carbune and
                  Peter Chen and
                  Tony Mak},
  editor       = {Lun{-}Wei Ku and
                  Andre Martins and
                  Vivek Srikumar},
  title        = {LLMs cannot find reasoning errors, but can correct them given the
                  error location},
  booktitle    = {Findings of the Association for Computational Linguistics, {ACL} 2024,
                  Bangkok, Thailand and virtual meeting, August 11-16, 2024},
  pages        = {13894--13908},
  publisher    = {Association for Computational Linguistics},
  year         = {2024},
  url          = {https://aclanthology.org/2024.findings-acl.826},
  timestamp    = {Tue, 27 Aug 2024 17:38:11 +0200},
  biburl       = {https://dblp.org/rec/conf/acl/TyenMCCM24.bib},
  bibsource    = {dblp computer science bibliography, https://dblp.org}
}
@inproceedings{DBLP:conf/iclr/0009CMZYSZ24,
  author       = {Jie Huang and
                  Xinyun Chen and
                  Swaroop Mishra and
                  Huaixiu Steven Zheng and
                  Adams Wei Yu and
                  Xinying Song and
                  Denny Zhou},
  title        = {Large Language Models Cannot Self-Correct Reasoning Yet},
  booktitle    = {The Twelfth International Conference on Learning Representations,
                  {ICLR} 2024, Vienna, Austria, May 7-11, 2024},
  publisher    = {OpenReview.net},
  year         = {2024},
  url          = {https://openreview.net/forum?id=IkmD3fKBPQ},
  timestamp    = {Wed, 07 Aug 2024 17:11:53 +0200},
  biburl       = {https://dblp.org/rec/conf/iclr/0009CMZYSZ24.bib},
  bibsource    = {dblp computer science bibliography, https://dblp.org}
}
@article{DBLP:journals/corr/abs-2404-07965,
  author       = {Zhenghao Lin and
                  Zhibin Gou and
                  Yeyun Gong and
                  Xiao Liu and
                  Yelong Shen and
                  Ruochen Xu and
                  Chen Lin and
                  Yujiu Yang and
                  Jian Jiao and
                  Nan Duan and
                  Weizhu Chen},
  title        = {Rho-1: Not All Tokens Are What You Need},
  journal      = {CoRR},
  volume       = {abs/2404.07965},
  year         = {2024},
  url          = {https://doi.org/10.48550/arXiv.2404.07965},
  doi          = {10.48550/ARXIV.2404.07965},
  eprinttype    = {arXiv},
  eprint       = {2404.07965},
  timestamp    = {Thu, 18 Jul 2024 08:29:29 +0200},
  biburl       = {https://dblp.org/rec/journals/corr/abs-2404-07965.bib},
  bibsource    = {dblp computer science bibliography, https://dblp.org}
}
@article{DBLP:journals/corr/abs-2402-06457,
  author       = {Arian Hosseini and
                  Xingdi Yuan and
                  Nikolay Malkin and
                  Aaron C. Courville and
                  Alessandro Sordoni and
                  Rishabh Agarwal},
  title        = {V-STaR: Training Verifiers for Self-Taught Reasoners},
  journal      = {CoRR},
  volume       = {abs/2402.06457},
  year         = {2024},
  url          = {https://doi.org/10.48550/arXiv.2402.06457},
  doi          = {10.48550/ARXIV.2402.06457},
  eprinttype    = {arXiv},
  eprint       = {2402.06457},
  timestamp    = {Fri, 16 Feb 2024 13:00:19 +0100},
  biburl       = {https://dblp.org/rec/journals/corr/abs-2402-06457.bib},
  bibsource    = {dblp computer science bibliography, https://dblp.org}
}
@inproceedings{DBLP:conf/nips/ZelikmanWMG22,
  author       = {Eric Zelikman and
                  Yuhuai Wu and
                  Jesse Mu and
                  Noah D. Goodman},
  editor       = {Sanmi Koyejo and
                  S. Mohamed and
                  A. Agarwal and
                  Danielle Belgrave and
                  K. Cho and
                  A. Oh},
  title        = {STaR: Bootstrapping Reasoning With Reasoning},
  booktitle    = {Advances in Neural Information Processing Systems 35: Annual Conference
                  on Neural Information Processing Systems 2022, NeurIPS 2022, New Orleans,
                  LA, USA, November 28 - December 9, 2022},
  year         = {2022},
  url          = {http://papers.nips.cc/paper\_files/paper/2022/hash/639a9a172c044fbb64175b5fad42e9a5-Abstract-Conference.html},
  timestamp    = {Mon, 08 Jan 2024 16:31:37 +0100},
  biburl       = {https://dblp.org/rec/conf/nips/ZelikmanWMG22.bib},
  bibsource    = {dblp computer science bibliography, https://dblp.org}
}
@inproceedings{DBLP:conf/acl/WangKMLSKH23,
  author       = {Yizhong Wang and
                  Yeganeh Kordi and
                  Swaroop Mishra and
                  Alisa Liu and
                  Noah A. Smith and
                  Daniel Khashabi and
                  Hannaneh Hajishirzi},
  editor       = {Anna Rogers and
                  Jordan L. Boyd{-}Graber and
                  Naoaki Okazaki},
  title        = {Self-Instruct: Aligning Language Models with Self-Generated Instructions},
  booktitle    = {Proceedings of the 61st Annual Meeting of the Association for Computational
                  Linguistics (Volume 1: Long Papers), {ACL} 2023, Toronto, Canada,
                  July 9-14, 2023},
  pages        = {13484--13508},
  publisher    = {Association for Computational Linguistics},
  year         = {2023},
  url          = {https://doi.org/10.18653/v1/2023.acl-long.754},
  doi          = {10.18653/V1/2023.ACL-LONG.754},
  timestamp    = {Thu, 10 Aug 2023 12:35:44 +0200},
  biburl       = {https://dblp.org/rec/conf/acl/WangKMLSKH23.bib},
  bibsource    = {dblp computer science bibliography, https://dblp.org}
}
@article{DBLP:journals/corr/abs-2303-08774,
  author       = {OpenAI},
  title        = {{GPT-4} Technical Report},
  journal      = {CoRR},
  volume       = {abs/2303.08774},
  year         = {2023},
  url          = {https://doi.org/10.48550/arXiv.2303.08774},
  doi          = {10.48550/ARXIV.2303.08774},
  eprinttype    = {arXiv},
  eprint       = {2303.08774},
  timestamp    = {Mon, 28 Aug 2023 21:26:19 +0200},
  biburl       = {https://dblp.org/rec/journals/corr/abs-2303-08774.bib},
  bibsource    = {dblp computer science bibliography, https://dblp.org}
}
@inproceedings{DBLP:conf/acl/YangPFWCZL24,
  author       = {Zhaorui Yang and
                  Tianyu Pang and
                  Haozhe Feng and
                  Han Wang and
                  Wei Chen and
                  Minfeng Zhu and
                  Qian Liu},
  editor       = {Lun{-}Wei Ku and
                  Andre Martins and
                  Vivek Srikumar},
  title        = {Self-Distillation Bridges Distribution Gap in Language Model Fine-Tuning},
  booktitle    = {Proceedings of the 62nd Annual Meeting of the Association for Computational
                  Linguistics (Volume 1: Long Papers), {ACL} 2024, Bangkok, Thailand,
                  August 11-16, 2024},
  pages        = {1028--1043},
  publisher    = {Association for Computational Linguistics},
  year         = {2024},
  url          = {https://aclanthology.org/2024.acl-long.58},
  timestamp    = {Mon, 26 Aug 2024 16:40:51 +0200},
  biburl       = {https://dblp.org/rec/conf/acl/YangPFWCZL24.bib},
  bibsource    = {dblp computer science bibliography, https://dblp.org}
}
@inproceedings{DBLP:conf/icml/MengMHZA023,
  author       = {Yu Meng and
                  Martin Michalski and
                  Jiaxin Huang and
                  Yu Zhang and
                  Tarek F. Abdelzaher and
                  Jiawei Han},
  editor       = {Andreas Krause and
                  Emma Brunskill and
                  Kyunghyun Cho and
                  Barbara Engelhardt and
                  Sivan Sabato and
                  Jonathan Scarlett},
  title        = {Tuning Language Models as Training Data Generators for Augmentation-Enhanced
                  Few-Shot Learning},
  booktitle    = {International Conference on Machine Learning, {ICML} 2023, 23-29 July
                  2023, Honolulu, Hawaii, {USA}},
  series       = {Proceedings of Machine Learning Research},
  volume       = {202},
  pages        = {24457--24477},
  publisher    = {{PMLR}},
  year         = {2023},
  url          = {https://proceedings.mlr.press/v202/meng23b.html},
  timestamp    = {Tue, 29 Aug 2023 16:24:43 +0200},
  biburl       = {https://dblp.org/rec/conf/icml/MengMHZA023.bib},
  bibsource    = {dblp computer science bibliography, https://dblp.org}
}
@inproceedings{DBLP:conf/emnlp/0001GHW00023,
  author       = {Jiaxin Huang and
                  Shixiang Gu and
                  Le Hou and
                  Yuexin Wu and
                  Xuezhi Wang and
                  Hongkun Yu and
                  Jiawei Han},
  editor       = {Houda Bouamor and
                  Juan Pino and
                  Kalika Bali},
  title        = {Large Language Models Can Self-Improve},
  booktitle    = {Proceedings of the 2023 Conference on Empirical Methods in Natural
                  Language Processing, {EMNLP} 2023, Singapore, December 6-10, 2023},
  pages        = {1051--1068},
  publisher    = {Association for Computational Linguistics},
  year         = {2023},
  url          = {https://doi.org/10.18653/v1/2023.emnlp-main.67},
  doi          = {10.18653/V1/2023.EMNLP-MAIN.67},
  timestamp    = {Fri, 12 Apr 2024 13:11:50 +0200},
  biburl       = {https://dblp.org/rec/conf/emnlp/0001GHW00023.bib},
  bibsource    = {dblp computer science bibliography, https://dblp.org}
}
@article{DBLP:journals/corr/abs-2202-12040,
  author       = {Massih{-}Reza Amini and
                  Vasilii Feofanov and
                  Lo{\"{\i}}c Pauletto and
                  Emilie Devijver and
                  Yury Maximov},
  title        = {Self-Training: {A} Survey},
  journal      = {CoRR},
  volume       = {abs/2202.12040},
  year         = {2022},
  url          = {https://arxiv.org/abs/2202.12040},
  eprinttype    = {arXiv},
  eprint       = {2202.12040},
  timestamp    = {Wed, 02 Mar 2022 16:35:04 +0100},
  biburl       = {https://dblp.org/rec/journals/corr/abs-2202-12040.bib},
  bibsource    = {dblp computer science bibliography, https://dblp.org}
}
@inproceedings{DBLP:conf/cvpr/XieLHL20,
  author       = {Qizhe Xie and
                  Minh{-}Thang Luong and
                  Eduard H. Hovy and
                  Quoc V. Le},
  title        = {Self-Training With Noisy Student Improves ImageNet Classification},
  booktitle    = {2020 {IEEE/CVF} Conference on Computer Vision and Pattern Recognition,
                  {CVPR} 2020, Seattle, WA, USA, June 13-19, 2020},
  pages        = {10684--10695},
  publisher    = {Computer Vision Foundation / {IEEE}},
  year         = {2020},
  url          = {https://openaccess.thecvf.com/content\_CVPR\_2020/html/Xie\_Self-Training\_With\_Noisy\_Student\_Improves\_ImageNet\_Classification\_CVPR\_2020\_paper.html},
  doi          = {10.1109/CVPR42600.2020.01070},
  timestamp    = {Tue, 31 Aug 2021 14:00:04 +0200},
  biburl       = {https://dblp.org/rec/conf/cvpr/XieLHL20.bib},
  bibsource    = {dblp computer science bibliography, https://dblp.org}
}
@inproceedings{DBLP:conf/iclr/HeGSR20,
  author       = {Junxian He and
                  Jiatao Gu and
                  Jiajun Shen and
                  Marc'Aurelio Ranzato},
  title        = {Revisiting Self-Training for Neural Sequence Generation},
  booktitle    = {8th International Conference on Learning Representations, {ICLR} 2020,
                  Addis Ababa, Ethiopia, April 26-30, 2020},
  publisher    = {OpenReview.net},
  year         = {2020},
  url          = {https://openreview.net/forum?id=SJgdnAVKDH},
  timestamp    = {Sat, 30 Sep 2023 09:45:46 +0200},
  biburl       = {https://dblp.org/rec/conf/iclr/HeGSR20.bib},
  bibsource    = {dblp computer science bibliography, https://dblp.org}
}
@article{DBLP:journals/corr/abs-2305-09617,
  author       = {Karan Singhal and
                  Tao Tu and
                  Juraj Gottweis and
                  Rory Sayres and
                  Ellery Wulczyn and
                  Le Hou and
                  Kevin Clark and
                  Stephen Pfohl and
                  Heather Cole{-}Lewis and
                  Darlene Neal and
                  Mike Schaekermann and
                  Amy Wang and
                  Mohamed Amin and
                  Sami Lachgar and
                  Philip Andrew Mansfield and
                  Sushant Prakash and
                  Bradley Green and
                  Ewa Dominowska and
                  Blaise Ag{\"{u}}era y Arcas and
                  Nenad Tomasev and
                  Yun Liu and
                  Renee Wong and
                  Christopher Semturs and
                  S. Sara Mahdavi and
                  Joelle K. Barral and
                  Dale R. Webster and
                  Gregory S. Corrado and
                  Yossi Matias and
                  Shekoofeh Azizi and
                  Alan Karthikesalingam and
                  Vivek Natarajan},
  title        = {Towards Expert-Level Medical Question Answering with Large Language
                  Models},
  journal      = {CoRR},
  volume       = {abs/2305.09617},
  year         = {2023},
  url          = {https://doi.org/10.48550/arXiv.2305.09617},
  doi          = {10.48550/ARXIV.2305.09617},
  eprinttype    = {arXiv},
  eprint       = {2305.09617},
  timestamp    = {Tue, 11 Jul 2023 17:14:10 +0200},
  biburl       = {https://dblp.org/rec/journals/corr/abs-2305-09617.bib},
  bibsource    = {dblp computer science bibliography, https://dblp.org}
}
@misc{alpaca,
  author = {Rohan Taori and Ishaan Gulrajani and Tianyi Zhang and Yann Dubois and Xuechen Li and Carlos Guestrin and Percy Liang and Tatsunori B. Hashimoto },
  title = {Stanford Alpaca: An Instruction-following LLaMA model},
  year = {2023},
  publisher = {GitHub},
  journal = {GitHub repository},
  howpublished = {\url{https://github.com/tatsu-lab/stanford_alpaca}},
}
@article{DBLP:journals/corr/abs-2307-09288,
  author       = {Hugo Touvron and
                  Louis Martin and
                  Kevin Stone and
                  Peter Albert and
                  Amjad Almahairi and
                  Yasmine Babaei and
                  Nikolay Bashlykov and
                  Soumya Batra and
                  Prajjwal Bhargava and
                  Shruti Bhosale and
                  Dan Bikel and
                  Lukas Blecher and
                  Cristian Canton{-}Ferrer and
                  Moya Chen and
                  Guillem Cucurull and
                  David Esiobu and
                  Jude Fernandes and
                  Jeremy Fu and
                  Wenyin Fu and
                  Brian Fuller and
                  Cynthia Gao and
                  Vedanuj Goswami and
                  Naman Goyal and
                  Anthony Hartshorn and
                  Saghar Hosseini and
                  Rui Hou and
                  Hakan Inan and
                  Marcin Kardas and
                  Viktor Kerkez and
                  Madian Khabsa and
                  Isabel Kloumann and
                  Artem Korenev and
                  Punit Singh Koura and
                  Marie{-}Anne Lachaux and
                  Thibaut Lavril and
                  Jenya Lee and
                  Diana Liskovich and
                  Yinghai Lu and
                  Yuning Mao and
                  Xavier Martinet and
                  Todor Mihaylov and
                  Pushkar Mishra and
                  Igor Molybog and
                  Yixin Nie and
                  Andrew Poulton and
                  Jeremy Reizenstein and
                  Rashi Rungta and
                  Kalyan Saladi and
                  Alan Schelten and
                  Ruan Silva and
                  Eric Michael Smith and
                  Ranjan Subramanian and
                  Xiaoqing Ellen Tan and
                  Binh Tang and
                  Ross Taylor and
                  Adina Williams and
                  Jian Xiang Kuan and
                  Puxin Xu and
                  Zheng Yan and
                  Iliyan Zarov and
                  Yuchen Zhang and
                  Angela Fan and
                  Melanie Kambadur and
                  Sharan Narang and
                  Aur{\'{e}}lien Rodriguez and
                  Robert Stojnic and
                  Sergey Edunov and
                  Thomas Scialom},
  title        = {Llama 2: Open Foundation and Fine-Tuned Chat Models},
  journal      = {CoRR},
  volume       = {abs/2307.09288},
  year         = {2023},
  url          = {https://doi.org/10.48550/arXiv.2307.09288},
  doi          = {10.48550/ARXIV.2307.09288},
  eprinttype    = {arXiv},
  eprint       = {2307.09288},
  timestamp    = {Mon, 28 Aug 2023 21:26:22 +0200},
  biburl       = {https://dblp.org/rec/journals/corr/abs-2307-09288.bib},
  bibsource    = {dblp computer science bibliography, https://dblp.org}
}
@article{DBLP:journals/corr/abs-2304-14454,
  author       = {Chaoyi Wu and
                  Xiaoman Zhang and
                  Ya Zhang and
                  Yanfeng Wang and
                  Weidi Xie},
  title        = {PMC-LLaMA: Further Finetuning LLaMA on Medical Papers},
  journal      = {CoRR},
  volume       = {abs/2304.14454},
  year         = {2023},
  url          = {https://doi.org/10.48550/arXiv.2304.14454},
  doi          = {10.48550/ARXIV.2304.14454},
  eprinttype    = {arXiv},
  eprint       = {2304.14454},
  timestamp    = {Tue, 07 May 2024 20:15:36 +0200},
  biburl       = {https://dblp.org/rec/journals/corr/abs-2304-14454.bib},
  bibsource    = {dblp computer science bibliography, https://dblp.org}
}
@article{DBLP:journals/corr/abs-2311-05112,
  author       = {Hongjian Zhou and
                  Boyang Gu and
                  Xinyu Zou and
                  Yiru Li and
                  Sam S. Chen and
                  Peilin Zhou and
                  Junling Liu and
                  Yining Hua and
                  Chengfeng Mao and
                  Xian Wu and
                  Zheng Li and
                  Fenglin Liu},
  title        = {A Survey of Large Language Models in Medicine: Progress, Application,
                  and Challenge},
  journal      = {CoRR},
  volume       = {abs/2311.05112},
  year         = {2023},
  url          = {https://doi.org/10.48550/arXiv.2311.05112},
  doi          = {10.48550/ARXIV.2311.05112},
  eprinttype    = {arXiv},
  eprint       = {2311.05112},
  timestamp    = {Tue, 09 Jul 2024 15:32:27 +0200},
  biburl       = {https://dblp.org/rec/journals/corr/abs-2311-05112.bib},
  bibsource    = {dblp computer science bibliography, https://dblp.org}
}
@misc{alpaca_eval,
  author = {Xuechen Li and Tianyi Zhang and Yann Dubois and Rohan Taori and Ishaan Gulrajani and Carlos Guestrin and Percy Liang and Tatsunori B. Hashimoto },
  title = {AlpacaEval: An Automatic Evaluator of Instruction-following Models},
  year = {2023},
  month = {5},
  publisher = {GitHub},
  journal = {GitHub repository},
  howpublished = {\url{https://github.com/tatsu-lab/alpaca_eval}}
}
@inproceedings{DBLP:conf/nips/ZhouLX0SMMEYYZG23,
  author       = {Chunting Zhou and
                  Pengfei Liu and
                  Puxin Xu and
                  Srinivasan Iyer and
                  Jiao Sun and
                  Yuning Mao and
                  Xuezhe Ma and
                  Avia Efrat and
                  Ping Yu and
                  Lili Yu and
                  Susan Zhang and
                  Gargi Ghosh and
                  Mike Lewis and
                  Luke Zettlemoyer and
                  Omer Levy},
  editor       = {Alice Oh and
                  Tristan Naumann and
                  Amir Globerson and
                  Kate Saenko and
                  Moritz Hardt and
                  Sergey Levine},
  title        = {{LIMA:} Less Is More for Alignment},
  booktitle    = {Advances in Neural Information Processing Systems 36: Annual Conference
                  on Neural Information Processing Systems 2023, NeurIPS 2023, New Orleans,
                  LA, USA, December 10 - 16, 2023},
  year         = {2023},
  url          = {http://papers.nips.cc/paper\_files/paper/2023/hash/ac662d74829e4407ce1d126477f4a03a-Abstract-Conference.html},
  timestamp    = {Fri, 01 Mar 2024 16:26:20 +0100},
  biburl       = {https://dblp.org/rec/conf/nips/ZhouLX0SMMEYYZG23.bib},
  bibsource    = {dblp computer science bibliography, https://dblp.org}
}
@inproceedings{DBLP:conf/coling/MoskvoretskiiPN24,
  author       = {Viktor Moskvoretskii and
                  Alexander Panchenko and
                  Irina Nikishina},
  editor       = {Nicoletta Calzolari and
                  Min{-}Yen Kan and
                  V{\'{e}}ronique Hoste and
                  Alessandro Lenci and
                  Sakriani Sakti and
                  Nianwen Xue},
  title        = {Are Large Language Models Good at Lexical Semantics? {A} Case of Taxonomy
                  Learning},
  booktitle    = {Proceedings of the 2024 Joint International Conference on Computational
                  Linguistics, Language Resources and Evaluation, {LREC/COLING} 2024,
                  20-25 May, 2024, Torino, Italy},
  pages        = {1498--1510},
  publisher    = {{ELRA} and {ICCL}},
  year         = {2024},
  url          = {https://aclanthology.org/2024.lrec-main.133},
  timestamp    = {Thu, 23 May 2024 16:47:05 +0200},
  biburl       = {https://dblp.org/rec/conf/coling/MoskvoretskiiPN24.bib},
  bibsource    = {dblp computer science bibliography, https://dblp.org}
}
@article{DBLP:journals/corr/abs-2307-15043,
  author       = {Andy Zou and
                  Zifan Wang and
                  J. Zico Kolter and
                  Matt Fredrikson},
  title        = {Universal and Transferable Adversarial Attacks on Aligned Language
                  Models},
  journal      = {CoRR},
  volume       = {abs/2307.15043},
  year         = {2023},
  url          = {https://doi.org/10.48550/arXiv.2307.15043},
  doi          = {10.48550/ARXIV.2307.15043},
  eprinttype    = {arXiv},
  eprint       = {2307.15043},
  timestamp    = {Mon, 19 Aug 2024 17:31:29 +0200},
  biburl       = {https://dblp.org/rec/journals/corr/abs-2307-15043.bib},
  bibsource    = {dblp computer science bibliography, https://dblp.org}
}
@article{DBLP:journals/tmlr/SinghCAAPGLH0XP24,
  author       = {Avi Singh and
                  John D. Co{-}Reyes and
                  Rishabh Agarwal and
                  Ankesh Anand and
                  Piyush Patil and
                  Xavier Garcia and
                  Peter J. Liu and
                  James Harrison and
                  Jaehoon Lee and
                  Kelvin Xu and
                  Aaron T. Parisi and
                  Abhishek Kumar and
                  Alexander A. Alemi and
                  Alex Rizkowsky and
                  Azade Nova and
                  Ben Adlam and
                  Bernd Bohnet and
                  Gamaleldin Fathy Elsayed and
                  Hanie Sedghi and
                  Igor Mordatch and
                  Isabelle Simpson and
                  Izzeddin Gur and
                  Jasper Snoek and
                  Jeffrey Pennington and
                  Jiri Hron and
                  Kathleen Kenealy and
                  Kevin Swersky and
                  Kshiteej Mahajan and
                  Laura Culp and
                  Lechao Xiao and
                  Maxwell L. Bileschi and
                  Noah Constant and
                  Roman Novak and
                  Rosanne Liu and
                  Tris Warkentin and
                  Yundi Qian and
                  Yamini Bansal and
                  Ethan Dyer and
                  Behnam Neyshabur and
                  Jascha Sohl{-}Dickstein and
                  Noah Fiedel},
  title        = {Beyond Human Data: Scaling Self-Training for Problem-Solving with
                  Language Models},
  journal      = {Trans. Mach. Learn. Res.},
  volume       = {2024},
  year         = {2024},
  url          = {https://openreview.net/forum?id=lNAyUngGFK},
  timestamp    = {Thu, 08 Aug 2024 15:22:39 +0200},
  biburl       = {https://dblp.org/rec/journals/tmlr/SinghCAAPGLH0XP24.bib},
  bibsource    = {dblp computer science bibliography, https://dblp.org}
}
@inproceedings{DBLP:conf/iclr/Qi0XC0M024,
  author       = {Xiangyu Qi and
                  Yi Zeng and
                  Tinghao Xie and
                  Pin{-}Yu Chen and
                  Ruoxi Jia and
                  Prateek Mittal and
                  Peter Henderson},
  title        = {Fine-tuning Aligned Language Models Compromises Safety, Even When
                  Users Do Not Intend To!},
  booktitle    = {The Twelfth International Conference on Learning Representations,
                  {ICLR} 2024, Vienna, Austria, May 7-11, 2024},
  publisher    = {OpenReview.net},
  year         = {2024},
  url          = {https://openreview.net/forum?id=hTEGyKf0dZ},
  timestamp    = {Mon, 29 Jul 2024 17:17:48 +0200},
  biburl       = {https://dblp.org/rec/conf/iclr/Qi0XC0M024.bib},
  bibsource    = {dblp computer science bibliography, https://dblp.org}
}
@misc{2023opencompass,
    title={OpenCompass: A Universal Evaluation Platform for Foundation Models},
    author={OpenCompass Contributors},
    howpublished = {\url{https://github.com/open-compass/opencompass}},
    year={2023}
}
@inproceedings{DBLP:conf/acl/JoshiCWZ17,
  author       = {Mandar Joshi and
                  Eunsol Choi and
                  Daniel S. Weld and
                  Luke Zettlemoyer},
  editor       = {Regina Barzilay and
                  Min{-}Yen Kan},
  title        = {TriviaQA: {A} Large Scale Distantly Supervised Challenge Dataset for
                  Reading Comprehension},
  booktitle    = {Proceedings of the 55th Annual Meeting of the Association for Computational
                  Linguistics, {ACL} 2017, Vancouver, Canada, July 30 - August 4, Volume
                  1: Long Papers},
  pages        = {1601--1611},
  publisher    = {Association for Computational Linguistics},
  year         = {2017},
  url          = {https://doi.org/10.18653/v1/P17-1147},
  doi          = {10.18653/V1/P17-1147},
  timestamp    = {Fri, 06 Aug 2021 00:40:58 +0200},
  biburl       = {https://dblp.org/rec/conf/acl/JoshiCWZ17.bib},
  bibsource    = {dblp computer science bibliography, https://dblp.org}
}
@article{DBLP:journals/corr/abs-1803-05457,
  author       = {Peter Clark and
                  Isaac Cowhey and
                  Oren Etzioni and
                  Tushar Khot and
                  Ashish Sabharwal and
                  Carissa Schoenick and
                  Oyvind Tafjord},
  title        = {Think you have Solved Question Answering? Try ARC, the {AI2} Reasoning
                  Challenge},
  journal      = {CoRR},
  volume       = {abs/1803.05457},
  year         = {2018},
  url          = {http://arxiv.org/abs/1803.05457},
  eprinttype    = {arXiv},
  eprint       = {1803.05457},
  timestamp    = {Mon, 13 Aug 2018 16:48:43 +0200},
  biburl       = {https://dblp.org/rec/journals/corr/abs-1803-05457.bib},
  bibsource    = {dblp computer science bibliography, https://dblp.org}
}
@inproceedings{DBLP:conf/iclr/HendrycksBBZMSS21,
  author       = {Dan Hendrycks and
                  Collin Burns and
                  Steven Basart and
                  Andy Zou and
                  Mantas Mazeika and
                  Dawn Song and
                  Jacob Steinhardt},
  title        = {Measuring Massive Multitask Language Understanding},
  booktitle    = {9th International Conference on Learning Representations, {ICLR} 2021,
                  Virtual Event, Austria, May 3-7, 2021},
  publisher    = {OpenReview.net},
  year         = {2021},
  url          = {https://openreview.net/forum?id=d7KBjmI3GmQ},
  timestamp    = {Wed, 23 Jun 2021 17:36:39 +0200},
  biburl       = {https://dblp.org/rec/conf/iclr/HendrycksBBZMSS21.bib},
  bibsource    = {dblp computer science bibliography, https://dblp.org}
}
@inproceedings{DBLP:conf/acl/BaiZKCM21,
  author       = {Yuhang Bai and
                  Richong Zhang and
                  Fanshuang Kong and
                  Junfan Chen and
                  Yongyi Mao},
  editor       = {Chengqing Zong and
                  Fei Xia and
                  Wenjie Li and
                  Roberto Navigli},
  title        = {Hypernym Discovery via a Recurrent Mapping Model},
  booktitle    = {Findings of the Association for Computational Linguistics: {ACL/IJCNLP}
                  2021, Online Event, August 1-6, 2021},
  series       = {Findings of {ACL}},
  volume       = {{ACL/IJCNLP} 2021},
  pages        = {2912--2921},
  publisher    = {Association for Computational Linguistics},
  year         = {2021},
  url          = {https://doi.org/10.18653/v1/2021.findings-acl.257},
  doi          = {10.18653/V1/2021.FINDINGS-ACL.257},
  timestamp    = {Sat, 09 Apr 2022 12:33:45 +0200},
  biburl       = {https://dblp.org/rec/conf/acl/BaiZKCM21.bib},
  bibsource    = {dblp computer science bibliography, https://dblp.org}
}
@inproceedings{DBLP:conf/semeval/BerendMF18,
  author       = {G{\'{a}}bor Berend and
                  M{\'{a}}rton Makrai and
                  Peter F{\"{o}}ldi{\'{a}}k},
  editor       = {Marianna Apidianaki and
                  Saif M. Mohammad and
                  Jonathan May and
                  Ekaterina Shutova and
                  Steven Bethard and
                  Marine Carpuat},
  title        = {300-sparsans at SemEval-2018 Task 9: Hypernymy as interaction of sparse
                  attributes},
  booktitle    = {Proceedings of The 12th International Workshop on Semantic Evaluation,
                  SemEval@NAACL-HLT 2018, New Orleans, Louisiana, USA, June 5-6, 2018},
  pages        = {928--934},
  publisher    = {Association for Computational Linguistics},
  year         = {2018},
  url          = {https://doi.org/10.18653/v1/s18-1152},
  doi          = {10.18653/V1/S18-1152},
  timestamp    = {Fri, 06 Aug 2021 00:39:38 +0200},
  biburl       = {https://dblp.org/rec/conf/semeval/BerendMF18.bib},
  bibsource    = {dblp computer science bibliography, https://dblp.org}
}
@inproceedings{DBLP:conf/acl/HeldH19,
  author       = {William Held and
                  Nizar Habash},
  editor       = {Anna Korhonen and
                  David R. Traum and
                  Llu{\'{\i}}s M{\`{a}}rquez},
  title        = {The Effectiveness of Simple Hybrid Systems for Hypernym Discovery},
  booktitle    = {Proceedings of the 57th Conference of the Association for Computational
                  Linguistics, {ACL} 2019, Florence, Italy, July 28- August 2, 2019,
                  Volume 1: Long Papers},
  pages        = {3362--3367},
  publisher    = {Association for Computational Linguistics},
  year         = {2019},
  url          = {https://doi.org/10.18653/v1/p19-1327},
  doi          = {10.18653/V1/P19-1327},
  timestamp    = {Sat, 30 Sep 2023 09:33:30 +0200},
  biburl       = {https://dblp.org/rec/conf/acl/HeldH19.bib},
  bibsource    = {dblp computer science bibliography, https://dblp.org}
}
@article{DBLP:journals/jmlr/RaffelSRLNMZLL20,
  author       = {Colin Raffel and
                  Noam Shazeer and
                  Adam Roberts and
                  Katherine Lee and
                  Sharan Narang and
                  Michael Matena and
                  Yanqi Zhou and
                  Wei Li and
                  Peter J. Liu},
  title        = {Exploring the Limits of Transfer Learning with a Unified Text-to-Text
                  Transformer},
  journal      = {J. Mach. Learn. Res.},
  volume       = {21},
  pages        = {140:1--140:67},
  year         = {2020},
  url          = {http://jmlr.org/papers/v21/20-074.html},
  timestamp    = {Fri, 05 Feb 2021 15:43:41 +0100},
  biburl       = {https://dblp.org/rec/journals/jmlr/RaffelSRLNMZLL20.bib},
  bibsource    = {dblp computer science bibliography, https://dblp.org}
}
@inproceedings{DBLP:conf/ijcnlp/NikishinaCDPB23,
  author       = {Irina Nikishina and
                  Polina Chernomorchenko and
                  Anastasiia Demidova and
                  Alexander Panchenko and
                  Chris Biemann},
  editor       = {Jong C. Park and
                  Yuki Arase and
                  Baotian Hu and
                  Wei Lu and
                  Derry Wijaya and
                  Ayu Purwarianti and
                  Adila Alfa Krisnadhi},
  title        = {Predicting Terms in {IS-A} Relations with Pre-trained Transformers},
  booktitle    = {Findings of the Association for Computational Linguistics: {IJCNLP-AACL}
                  2023 - Findings, Nusa Dua, Bali, November 1-4, 2023},
  pages        = {134--148},
  publisher    = {Association for Computational Linguistics},
  year         = {2023},
  url          = {https://doi.org/10.18653/v1/2023.findings-ijcnlp.12},
  doi          = {10.18653/V1/2023.FINDINGS-IJCNLP.12},
  timestamp    = {Fri, 12 Apr 2024 13:12:03 +0200},
  biburl       = {https://dblp.org/rec/conf/ijcnlp/NikishinaCDPB23.bib},
  bibsource    = {dblp computer science bibliography, https://dblp.org}
}
@inproceedings{DBLP:conf/semeval/Bernier-Colborne18,
  author       = {Gabriel Bernier{-}Colborne and
                  Caroline Barri{\`{e}}re},
  editor       = {Marianna Apidianaki and
                  Saif M. Mohammad and
                  Jonathan May and
                  Ekaterina Shutova and
                  Steven Bethard and
                  Marine Carpuat},
  title        = {{CRIM} at SemEval-2018 Task 9: {A} Hybrid Approach to Hypernym Discovery},
  booktitle    = {Proceedings of The 12th International Workshop on Semantic Evaluation,
                  SemEval@NAACL-HLT 2018, New Orleans, Louisiana, USA, June 5-6, 2018},
  pages        = {725--731},
  publisher    = {Association for Computational Linguistics},
  year         = {2018},
  url          = {https://doi.org/10.18653/v1/s18-1116},
  doi          = {10.18653/V1/S18-1116},
  timestamp    = {Fri, 06 Aug 2021 00:39:36 +0200},
  biburl       = {https://dblp.org/rec/conf/semeval/Bernier-Colborne18.bib},
  bibsource    = {dblp computer science bibliography, https://dblp.org}
}
@inproceedings{DBLP:conf/semeval/Camacho-Collados18,
  author       = {Jos{\'{e}} Camacho{-}Collados and
                  Claudio Delli Bovi and
                  Luis Espinosa Anke and
                  Sergio Oramas and
                  Tommaso Pasini and
                  Enrico Santus and
                  Vered Shwartz and
                  Roberto Navigli and
                  Horacio Saggion},
  editor       = {Marianna Apidianaki and
                  Saif M. Mohammad and
                  Jonathan May and
                  Ekaterina Shutova and
                  Steven Bethard and
                  Marine Carpuat},
  title        = {SemEval-2018 Task 9: Hypernym Discovery},
  booktitle    = {Proceedings of The 12th International Workshop on Semantic Evaluation,
                  SemEval@NAACL-HLT 2018, New Orleans, Louisiana, USA, June 5-6, 2018},
  pages        = {712--724},
  publisher    = {Association for Computational Linguistics},
  year         = {2018},
  url          = {https://doi.org/10.18653/v1/s18-1115},
  doi          = {10.18653/V1/S18-1115},
  timestamp    = {Fri, 06 Aug 2021 00:39:35 +0200},
  biburl       = {https://dblp.org/rec/conf/semeval/Camacho-Collados18.bib},
  bibsource    = {dblp computer science bibliography, https://dblp.org}
}
@inproceedings{DBLP:conf/acl/MoskvoretskiiNL24,
  author       = {Viktor Moskvoretskii and
                  Ekaterina Neminova and
                  Alina Lobanova and
                  Alexander Panchenko and
                  Irina Nikishina},
  editor       = {Lun{-}Wei Ku and
                  Andre Martins and
                  Vivek Srikumar},
  title        = {TaxoLLaMA: WordNet-based Model for Solving Multiple Lexical Semantic
                  Tasks},
  booktitle    = {Proceedings of the 62nd Annual Meeting of the Association for Computational
                  Linguistics (Volume 1: Long Papers), {ACL} 2024, Bangkok, Thailand,
                  August 11-16, 2024},
  pages        = {2331--2350},
  publisher    = {Association for Computational Linguistics},
  year         = {2024},
  url          = {https://aclanthology.org/2024.acl-long.127},
  timestamp    = {Wed, 21 Aug 2024 17:42:30 +0200},
  biburl       = {https://dblp.org/rec/conf/acl/MoskvoretskiiNL24.bib},
  bibsource    = {dblp computer science bibliography, https://dblp.org}
}
@article{DBLP:journals/corr/abs-2404-16621,
  author       = {Emre Can Acikgoz and
                  Osman Batur Ince and
                  Rayene Bench and
                  Arda Anil Boz and
                  Ilker Kesen and
                  Aykut Erdem and
                  Erkut Erdem},
  title        = {Hippocrates: An Open-Source Framework for Advancing Large Language
                  Models in Healthcare},
  journal      = {CoRR},
  volume       = {abs/2404.16621},
  year         = {2024},
  url          = {https://doi.org/10.48550/arXiv.2404.16621},
  doi          = {10.48550/ARXIV.2404.16621},
  eprinttype    = {arXiv},
  eprint       = {2404.16621},
  timestamp    = {Mon, 03 Jun 2024 20:47:59 +0200},
  biburl       = {https://dblp.org/rec/journals/corr/abs-2404-16621.bib},
  bibsource    = {dblp computer science bibliography, https://dblp.org}
}
@inproceedings{DBLP:conf/acl/LabrakBMGRD24,
  author       = {Yanis Labrak and
                  Adrien Bazoge and
                  Emmanuel Morin and
                  Pierre{-}Antoine Gourraud and
                  Mickael Rouvier and
                  Richard Dufour},
  editor       = {Lun{-}Wei Ku and
                  Andre Martins and
                  Vivek Srikumar},
  title        = {BioMistral: {A} Collection of Open-Source Pretrained Large Language
                  Models for Medical Domains},
  booktitle    = {Findings of the Association for Computational Linguistics, {ACL} 2024,
                  Bangkok, Thailand and virtual meeting, August 11-16, 2024},
  pages        = {5848--5864},
  publisher    = {Association for Computational Linguistics},
  year         = {2024},
  url          = {https://aclanthology.org/2024.findings-acl.348},
  timestamp    = {Fri, 23 Aug 2024 13:20:55 +0200},
  biburl       = {https://dblp.org/rec/conf/acl/LabrakBMGRD24.bib},
  bibsource    = {dblp computer science bibliography, https://dblp.org}
}
@article{DBLP:journals/corr/abs-2304-08247,
  author       = {Tianyu Han and
                  Lisa C. Adams and
                  Jens{-}Michalis Papaioannou and
                  Paul Grundmann and
                  Tom Oberhauser and
                  Alexander L{\"{o}}ser and
                  Daniel Truhn and
                  Keno K. Bressem},
  title        = {MedAlpaca - An Open-Source Collection of Medical Conversational {AI}
                  Models and Training Data},
  journal      = {CoRR},
  volume       = {abs/2304.08247},
  year         = {2023},
  url          = {https://doi.org/10.48550/arXiv.2304.08247},
  doi          = {10.48550/ARXIV.2304.08247},
  eprinttype    = {arXiv},
  eprint       = {2304.08247},
  timestamp    = {Fri, 21 Apr 2023 11:01:56 +0200},
  biburl       = {https://dblp.org/rec/journals/corr/abs-2304-08247.bib},
  bibsource    = {dblp computer science bibliography, https://dblp.org}
}
@inproceedings{zheng2024llamafactory,
  title={LlamaFactory: Unified Efficient Fine-Tuning of 100+ Language Models},
  author={Yaowei Zheng and Richong Zhang and Junhao Zhang and Yanhan Ye and Zheyan Luo and Zhangchi Feng and Yongqiang Ma},
  booktitle={Proceedings of the 62nd Annual Meeting of the Association for Computational Linguistics (Volume 3: System Demonstrations)},
  address={Bangkok, Thailand},
  publisher={Association for Computational Linguistics},
  year={2024},
  url={http://arxiv.org/abs/2403.13372}
}

@article{DBLP:journals/corr/abs-2310-06825,
  author       = {Albert Q. Jiang and
                  Alexandre Sablayrolles and
                  Arthur Mensch and
                  Chris Bamford and
                  Devendra Singh Chaplot and
                  Diego de Las Casas and
                  Florian Bressand and
                  Gianna Lengyel and
                  Guillaume Lample and
                  Lucile Saulnier and
                  L{\'{e}}lio Renard Lavaud and
                  Marie{-}Anne Lachaux and
                  Pierre Stock and
                  Teven Le Scao and
                  Thibaut Lavril and
                  Thomas Wang and
                  Timoth{\'{e}}e Lacroix and
                  William El Sayed},
  title        = {Mistral 7B},
  journal      = {CoRR},
  volume       = {abs/2310.06825},
  year         = {2023},
  url          = {https://doi.org/10.48550/arXiv.2310.06825},
  doi          = {10.48550/ARXIV.2310.06825},
  eprinttype    = {arXiv},
  eprint       = {2310.06825},
  timestamp    = {Thu, 26 Oct 2023 16:46:26 +0200},
  biburl       = {https://dblp.org/rec/journals/corr/abs-2310-06825.bib},
  bibsource    = {dblp computer science bibliography, https://dblp.org}
}
@article{DBLP:journals/corr/abs-2407-10671,
  author       = {An Yang and
                  Baosong Yang and
                  Binyuan Hui and
                  Bo Zheng and
                  Bowen Yu and
                  Chang Zhou and
                  Chengpeng Li and
                  Chengyuan Li and
                  Dayiheng Liu and
                  Fei Huang and
                  Guanting Dong and
                  Haoran Wei and
                  Huan Lin and
                  Jialong Tang and
                  Jialin Wang and
                  Jian Yang and
                  Jianhong Tu and
                  Jianwei Zhang and
                  Jianxin Ma and
                  Jianxin Yang and
                  Jin Xu and
                  Jingren Zhou and
                  Jinze Bai and
                  Jinzheng He and
                  Junyang Lin and
                  Kai Dang and
                  Keming Lu and
                  Keqin Chen and
                  Kexin Yang and
                  Mei Li and
                  Mingfeng Xue and
                  Na Ni and
                  Pei Zhang and
                  Peng Wang and
                  Ru Peng and
                  Rui Men and
                  Ruize Gao and
                  Runji Lin and
                  Shijie Wang and
                  Shuai Bai and
                  Sinan Tan and
                  Tianhang Zhu and
                  Tianhao Li and
                  Tianyu Liu and
                  Wenbin Ge and
                  Xiaodong Deng and
                  Xiaohuan Zhou and
                  Xingzhang Ren and
                  Xinyu Zhang and
                  Xipin Wei and
                  Xuancheng Ren and
                  Xuejing Liu and
                  Yang Fan and
                  Yang Yao and
                  Yichang Zhang and
                  Yu Wan and
                  Yunfei Chu and
                  Yuqiong Liu and
                  Zeyu Cui and
                  Zhenru Zhang and
                  Zhifang Guo and
                  Zhihao Fan},
  title        = {Qwen2 Technical Report},
  journal      = {CoRR},
  volume       = {abs/2407.10671},
  year         = {2024},
  url          = {https://doi.org/10.48550/arXiv.2407.10671},
  doi          = {10.48550/ARXIV.2407.10671},
  eprinttype    = {arXiv},
  eprint       = {2407.10671},
  timestamp    = {Fri, 23 Aug 2024 08:12:15 +0200},
  biburl       = {https://dblp.org/rec/journals/corr/abs-2407-10671.bib},
  bibsource    = {dblp computer science bibliography, https://dblp.org}
}
@inproceedings{DBLP:conf/iclr/HuSWALWWC22,
  author       = {Edward J. Hu and
                  Yelong Shen and
                  Phillip Wallis and
                  Zeyuan Allen{-}Zhu and
                  Yuanzhi Li and
                  Shean Wang and
                  Lu Wang and
                  Weizhu Chen},
  title        = {LoRA: Low-Rank Adaptation of Large Language Models},
  booktitle    = {The Tenth International Conference on Learning Representations, {ICLR}
                  2022, Virtual Event, April 25-29, 2022},
  publisher    = {OpenReview.net},
  year         = {2022},
  url          = {https://openreview.net/forum?id=nZeVKeeFYf9},
  timestamp    = {Sat, 20 Aug 2022 01:15:42 +0200},
  biburl       = {https://dblp.org/rec/conf/iclr/HuSWALWWC22.bib},
  bibsource    = {dblp computer science bibliography, https://dblp.org}
}
@article{dubey2024llama,
  title={The llama 3 herd of models},
  author={Dubey, Abhimanyu and Jauhri, Abhinav and Pandey, Abhinav and Kadian, Abhishek and Al-Dahle, Ahmad and Letman, Aiesha and Mathur, Akhil and Schelten, Alan and Yang, Amy and Fan, Angela and others},
  journal={arXiv preprint arXiv:2407.21783},
  year={2024}
}
@article{DBLP:journals/corr/abs-2009-13081,
  author       = {Di Jin and
                  Eileen Pan and
                  Nassim Oufattole and
                  Wei{-}Hung Weng and
                  Hanyi Fang and
                  Peter Szolovits},
  title        = {What Disease does this Patient Have? {A} Large-scale Open Domain Question
                  Answering Dataset from Medical Exams},
  journal      = {CoRR},
  volume       = {abs/2009.13081},
  year         = {2020},
  url          = {https://arxiv.org/abs/2009.13081},
  eprinttype    = {arXiv},
  eprint       = {2009.13081},
  timestamp    = {Wed, 30 Sep 2020 16:16:22 +0200},
  biburl       = {https://dblp.org/rec/journals/corr/abs-2009-13081.bib},
  bibsource    = {dblp computer science bibliography, https://dblp.org}
}
@inproceedings{DBLP:conf/chil/PalUS22,
  author       = {Ankit Pal and
                  Logesh Kumar Umapathi and
                  Malaikannan Sankarasubbu},
  editor       = {Gerardo Flores and
                  George H. Chen and
                  Tom J. Pollard and
                  Joyce C. Ho and
                  Tristan Naumann},
  title        = {MedMCQA: {A} Large-scale Multi-Subject Multi-Choice Dataset for Medical
                  domain Question Answering},
  booktitle    = {Conference on Health, Inference, and Learning, {CHIL} 2022, 7-8 April
                  2022, Virtual Event},
  series       = {Proceedings of Machine Learning Research},
  volume       = {174},
  pages        = {248--260},
  publisher    = {{PMLR}},
  year         = {2022},
  url          = {https://proceedings.mlr.press/v174/pal22a.html},
  timestamp    = {Wed, 27 Apr 2022 14:42:20 +0200},
  biburl       = {https://dblp.org/rec/conf/chil/PalUS22.bib},
  bibsource    = {dblp computer science bibliography, https://dblp.org}
}
@inproceedings{DBLP:conf/emnlp/JinDLCL19,
  author       = {Qiao Jin and
                  Bhuwan Dhingra and
                  Zhengping Liu and
                  William W. Cohen and
                  Xinghua Lu},
  editor       = {Kentaro Inui and
                  Jing Jiang and
                  Vincent Ng and
                  Xiaojun Wan},
  title        = {PubMedQA: {A} Dataset for Biomedical Research Question Answering},
  booktitle    = {Proceedings of the 2019 Conference on Empirical Methods in Natural
                  Language Processing and the 9th International Joint Conference on
                  Natural Language Processing, {EMNLP-IJCNLP} 2019, Hong Kong, China,
                  November 3-7, 2019},
  pages        = {2567--2577},
  publisher    = {Association for Computational Linguistics},
  year         = {2019},
  url          = {https://doi.org/10.18653/v1/D19-1259},
  doi          = {10.18653/V1/D19-1259},
  timestamp    = {Mon, 11 Jul 2022 22:22:25 +0200},
  biburl       = {https://dblp.org/rec/conf/emnlp/JinDLCL19.bib},
  bibsource    = {dblp computer science bibliography, https://dblp.org}
}
@article{DBLP:journals/midm/SchulzK08,
  author       = {Stefan Schulz and
                  Gunnar O. Klein},
  title        = {{SNOMED} {CT} - advances in concept mapping, retrieval, and ontological
                  foundations. Selected contributions to the Semantic Mining Conference
                  on {SNOMED} {CT} {(SMCS} 2006)},
  journal      = {{BMC} Medical Informatics Decis. Mak.},
  volume       = {8},
  number       = {{S-1}},
  pages        = {S1},
  year         = {2008},
  url          = {https://doi.org/10.1186/1472-6947-8-S1-S1},
  doi          = {10.1186/1472-6947-8-S1-S1},
  timestamp    = {Sun, 06 Sep 2020 16:53:46 +0200},
  biburl       = {https://dblp.org/rec/journals/midm/SchulzK08.bib},
  bibsource    = {dblp computer science bibliography, https://dblp.org}
}
@inproceedings{DBLP:conf/acl/WangBHDW21,
  author       = {Wenhui Wang and
                  Hangbo Bao and
                  Shaohan Huang and
                  Li Dong and
                  Furu Wei},
  editor       = {Chengqing Zong and
                  Fei Xia and
                  Wenjie Li and
                  Roberto Navigli},
  title        = {MiniLMv2: Multi-Head Self-Attention Relation Distillation for Compressing
                  Pretrained Transformers},
  booktitle    = {Findings of the Association for Computational Linguistics: {ACL/IJCNLP}
                  2021, Online Event, August 1-6, 2021},
  series       = {Findings of {ACL}},
  volume       = {{ACL/IJCNLP} 2021},
  pages        = {2140--2151},
  publisher    = {Association for Computational Linguistics},
  year         = {2021},
  url          = {https://doi.org/10.18653/v1/2021.findings-acl.188},
  doi          = {10.18653/V1/2021.FINDINGS-ACL.188},
  timestamp    = {Fri, 19 Apr 2024 15:54:57 +0200},
  biburl       = {https://dblp.org/rec/conf/acl/WangBHDW21.bib},
  bibsource    = {dblp computer science bibliography, https://dblp.org}
}