@article{2022Decomposed,title={Decomposed Meta-Learning for Few-Shot Named Entity Recognition},author={Tingting Ma and Huiqiang Jiang and Qianhui Wu and T. Zhao and Chin-Yew Lin},year={2022},pages={1584-1596},doi={10.48550/arXiv.2204.05751}}

@article{Ahmed2024Enriching,title={Enriching Urdu NER with BERT Embedding, Data Augmentation, and Hybrid Encoder-CNN Architecture},author={Anil Ahmed and Degen Huang and Syed Yasser Arafat and Imran Hameed},journal={ACM Transactions on Asian and Low-Resource Language Information Processing},year={2024},volume={23},pages={1 - 38},doi={10.1145/3648362}}

@article{Chen2023HEProto,title={HEProto: A Hierarchical Enhancing ProtoNet based on Multi-Task Learning for Few-shot Named Entity Recognition},author={Wei Chen and Lili Zhao and Pengfei Luo and Tong Xu and Yi Zheng and Enhong Chen},journal={Proceedings of the 32nd ACM International Conference on Information and Knowledge Management},year={2023},doi={10.1145/3583780.3614908}}

@article{Danhui2014Rule-based,title={Rule-based Recognition of Vietnamese Named Entities},author={Y. Danhui and Yude Bi},year={2014},doi={}}

@article{DeLichy2021Meta-Learning,title={Meta-Learning for Few-Shot Named Entity Recognition},author={Cyprien de Lichy and Hadrien Glaude and W. Campbell},journal={Proceedings of the 1st Workshop on Meta Learning and Its Applications to Natural Language Processing},year={2021},doi={10.18653/v1/2021.metanlp-1.6}}

@article{Fritzler2018Few-shot,title={Few-shot classification in named entity recognition task},author={Alexander Fritzler and V. Logacheva and M. Kretov},journal={Proceedings of the 34th ACM/SIGAPP Symposium on Applied Computing},year={2018},doi={10.1145/3297280.3297378}}

@article{Fu2021Exploiting,title={Exploiting Named Entity Recognition via Pre-trained Language Model and Adversarial Training},author={Jia Fu and Jie Liu and Wen-Jian Shi},journal={2021 IEEE International Conference on Computer Science, Electronic Information Engineering and Intelligent Control Technology (CEI)},year={2021},pages={665-669},doi={10.1109/CEI52496.2021.9574510}}

@article{Guodong2011Geospatial,title={Geospatial Named Entities Recognition Using Combination of CRF and Rules},author={Z. Guodong},journal={Computer Engineering},year={2011},doi={}}

@article{Huang2022COPNER,title={COPNER: Contrastive Learning with Prompt Guiding for Few-shot Named Entity Recognition},author={Yucheng Huang and Kai He and Yige Wang and Xianli Zhang and Tieliang Gong and Rui Mao and Chen Li},year={2022},pages={2515-2527},doi={}}

@article{Ji2022Few-shot,
title={Few-shot Named Entity Recognition with Entity-level Prototypical Network Enhanced by Dispersedly Distributed Prototypes},
author={Bin Ji and Shasha Li and Shaoduo Gan and Jie Yu and Jun Ma and Huijun Liu},
journal={ArXiv},
year={2022},
volume={abs/2208.08023},
doi={10.48550/arXiv.2208.08023}
}

@article{Li2023Few-Shot,title={Few-Shot Named Entity Recognition via Meta-Learning (Extended Abstract)},author={J. Li and Billy Chiu and Shanshan Feng and Hongya Wang},journal={2023 IEEE 39th International Conference on Data Engineering (ICDE)},year={2023},pages={3805-3806},doi={10.1109/ICDE55515.2023.00329}}

@article{Lin2006Chinese,
title={Chinese Named Entity Recognition using Support Vector Machines},
author={Xu-Dong Lin and Hong Peng and Bo Liu},
journal={2006 International Conference on Machine Learning and Cybernetics},
year={2006},
pages={4216-4220},
doi={10.1109/ICMLC.2006.258946}
}

@article{Lothritz2020Evaluating,title={Evaluating Pretrained Transformer-based Models on the Task of Fine-Grained Named Entity Recognition},author={Cedric Lothritz and Kevin Allix and Lisa Veiber and Tégawendé F. Bissyandé and Jacques Klein},year={2020},pages={3750-3760},doi={10.18653/V1/2020.COLING-MAIN.334}}

@article{Paper2015A,
title={A Hybrid Approach of Similarity Based SVM and CRF for Named Entity Recognition},
author={R. Paper},
year={2015},
doi={}
}

@article{Sanglikar2011Named,title={Named Entity Recognition System for Hindi Language: A Hybrid Approach},author={M. Sanglikar and D. Kothari},year={2011},doi={}}

@article{Senapati2013Named-Entity,
title={Named-Entity Recognition in Bengali},
author={Apurbalal Senapati and Arjun Das and Utpal Garain},
journal={Proceedings of the 4th and 5th Annual Meetings of the Forum for Information Retrieval Evaluation},
year={2013},
doi={10.1145/2701336.2701647}
}

@article{Shah2021Multi-Task,title={Multi-Task Learning of Query Intent and Named Entities using Transfer Learning},author={Shalin S Shah and Ryan Siskind},journal={ArXiv},year={2021},volume={abs/2105.03316},doi={}}

@article{Tan2023Named,title={Named Entity Recognition of Electronic Medical Records Based on Multi-Feature Fusion},author={Xiaoqin Tan},journal={Frontiers in Computing and Intelligent Systems},year={2023},doi={10.54097/fcis.v3i3.7983}}

@article{Wang2022SpanProto,title={SpanProto: A Two-stage Span-based Prototypical Network for Few-shot Named Entity Recognition},author={J. Wang and Chengcheng Han and Chengyu Wang and Chuanqi Tan and Minghui Qiu and Songfang Huang and Jun Huang and Ming Gao},journal={ArXiv},year={2022},volume={abs/2210.09049},doi={10.48550/arXiv.2210.09049}}

@article{Widyawan2024A,title={A Novel Fusion of Machine Learning Methods for Enhancing Named Entity Recognition in Indonesian Language Text},author={Widyawan Widyawan and Bayu Prasetiyo Utomo and Muhammad Nur Rizala},journal={Jurnal Sistem Informasi Bisnis},year={2024},doi={10.21456/vol14iss4pp311-320}}

@article{Wu2017Clinical,title={Clinical Named Entity Recognition Using Deep Learning Models},author={Yonghui Wu and Min Jiang and Jun Xu and Degui Zhi and Hua Xu},journal={AMIA ... Annual Symposium proceedings. AMIA Symposium},year={2017},volume={2017},pages={ 1812-1819 },doi={}}

@article{Zhang2024KCL,title={KCL: Few-shot Named Entity Recognition with Knowledge Graph and Contrastive Learning},author={Shan Zhang and Bin Cao and Jing Fan},year={2024},pages={9681-9692},doi={}}

@article{Zhu2017GRAM,title={GRAM-CNN: a deep learning approach with local context for named entity recognition in biomedical text},author={Qile Zhu and Xiaolin Li and A. Conesa and Cecile Pereira},journal={Bioinformatics},year={2017},volume={34},pages={1547 - 1554},doi={10.1093/bioinformatics/btx815}}

@article{Zhu2024Chinese,title={Chinese Named Entity Recognition in the Ship News Field Based on Adversarial Transfer Learning},author={Zhihong Zhu and Weiwen Zhang and Hongbin Zhang and Lianglun Cheng},journal={Proceedings of the 2024 16th International Conference on Machine Learning and Computing},year={2024},doi={10.1145/3651671.3651725}}

@article{gong2021few,
  title={Few-shot learning for named entity recognition based on BERT and two-level model fusion},
  author={Gong, Yuan and Mao, Lu and Li, Changliang},
  journal={Data Intelligence},
  volume={3},
  number={4},
  pages={568--577},
  year={2021},
  publisher={MIT Press One Rogers Street, Cambridge, MA 02142-1209, USA journals-info~…}
}

@inproceedings{li2020metaner,
  title={Metaner: Named entity recognition with meta-learning},
  author={Li, Jing and Shang, Shuo and Shao, Ling},
  booktitle={Proceedings of the web conference 2020},
  pages={429--440},
  year={2020}
}

