@article{li2020few,
  title={Few-shot named entity recognition via meta-learning},
  author={Li, Jing and Chiu, Billy and Feng, Shanshan and Wang, Hao},
  journal={IEEE Transactions on Knowledge and Data Engineering},
  volume={34},
  number={9},
  pages={4245--4256},
  year={2020},
  publisher={IEEE}
}

@article{gong2021few,
  title={Few-shot learning for named entity recognition based on BERT and two-level model fusion},
  author={Gong, Yuan and Mao, Lu and Li, Changliang},
  journal={Data Intelligence},
  volume={3},
  number={4},
  pages={568--577},
  year={2021},
  publisher={MIT Press One Rogers Street, Cambridge, MA 02142-1209, USA journals-info~…}
}

@inproceedings{kumar2023protoner,
  title={ProtoNER: Few Shot Incremental Learning for Named Entity Recognition Using Prototypical Networks},
  author={Kumar, Ritesh and Goyal, Saurabh and Verma, Ashish and Isahagian, Vatche},
  booktitle={International Conference on Business Process Management},
  pages={70--82},
  year={2023},
  organization={Springer}
}

@inproceedings{li2020metaner,
  title={Metaner: Named entity recognition with meta-learning},
  author={Li, Jing and Shang, Shuo and Shao, Ling},
  booktitle={Proceedings of the web conference 2020},
  pages={429--440},
  year={2020}
}

@article{Pakhale2023Comprehensive,
title={Comprehensive Overview of Named Entity Recognition: Models, Domain-Specific Applications and Challenges},
author={Kalyani Pakhale},
journal={ArXiv},
year={2023},
volume={abs/2309.14084},
doi={10.48550/arXiv.2309.14084}
}

@article{Yan2023Integrating,
title={Integrating Structural Priors into Transformer for Named Entity Recognition},
author={Li Yan and Linlin Tang and Wenbin Zhang and Gaozhou Wang and Fading Pan and Hailin Hu and Jing Liu},
journal={2023 IEEE 11th Joint International Information Technology and Artificial Intelligence Conference (ITAIC)},
year={2023},
volume={11},
pages={220-224},
doi={10.1109/ITAIC58329.2023.10408985}
}

@article{Katz2023NERetrieve,
title={NERetrieve: Dataset for Next Generation Named Entity Recognition and Retrieval},
author={Uri Katz and Matan Vetzler and Amir D. N. Cohen and Yoav Goldberg},
journal={ArXiv},
year={2023},
volume={abs/2310.14282},
doi={10.48550/arXiv.2310.14282}
}

@article{Zaratiana2023GLiNER,
title={GLiNER: Generalist Model for Named Entity Recognition using Bidirectional Transformer},
author={Urchade Zaratiana and Nadi Tomeh and Pierre Holat and Thierry Charnois},
journal={ArXiv},
year={2023},
volume={abs/2311.08526},
doi={10.48550/arXiv.2311.08526}
}

@article{Liang2024Large,title={Large Language Model-Driven Semi-Automated Construction of Named Entity Datasets in Specific Knowledge Domain},author={Yahan Liang and Hua Cao},journal={2024 9th International Symposium on Computer and Information Processing Technology (ISCIPT)},year={2024},pages={312-318},doi={10.1109/ISCIPT61983.2024.10673354}}

@article{Senapati2013Named-Entity,
title={Named-Entity Recognition in Bengali},
author={Apurbalal Senapati and Arjun Das and Utpal Garain},
journal={Proceedings of the 4th and 5th Annual Meetings of the Forum for Information Retrieval Evaluation},
year={2013},
doi={10.1145/2701336.2701647}
}

@article{Danhui2014Rule-based,title={Rule-based Recognition of Vietnamese Named Entities},author={Y. Danhui and Yude Bi},year={2014},doi={}}

@article{Sanglikar2011Named,title={Named Entity Recognition System for Hindi Language: A Hybrid Approach},author={M. Sanglikar and D. Kothari},year={2011},doi={}}

@article{Lin2006Chinese,
title={Chinese Named Entity Recognition using Support Vector Machines},
author={Xu-Dong Lin and Hong Peng and Bo Liu},
journal={2006 International Conference on Machine Learning and Cybernetics},
year={2006},
pages={4216-4220},
doi={10.1109/ICMLC.2006.258946}
}

@article{Paper2015A,
title={A Hybrid Approach of Similarity Based SVM and CRF for Named Entity Recognition},
author={R. Paper},
year={2015},
doi={}
}

@article{Guodong2011Geospatial,title={Geospatial Named Entities Recognition Using Combination of CRF and Rules},author={Z. Guodong},journal={Computer Engineering},year={2011},doi={}}

@article{Tan2023Named,title={Named Entity Recognition of Electronic Medical Records Based on Multi-Feature Fusion},author={Xiaoqin Tan},journal={Frontiers in Computing and Intelligent Systems},year={2023},doi={10.54097/fcis.v3i3.7983}}

@article{Wu2017Clinical,title={Clinical Named Entity Recognition Using Deep Learning Models},author={Yonghui Wu and Min Jiang and Jun Xu and Degui Zhi and Hua Xu},journal={AMIA ... Annual Symposium proceedings. AMIA Symposium},year={2017},volume={2017},pages={ 1812-1819 },doi={}}

@article{Zhu2017GRAM,title={GRAM-CNN: a deep learning approach with local context for named entity recognition in biomedical text},author={Qile Zhu and Xiaolin Li and A. Conesa and Cecile Pereira},journal={Bioinformatics},year={2017},volume={34},pages={1547 - 1554},doi={10.1093/bioinformatics/btx815}}

@article{Lothritz2020Evaluating,title={Evaluating Pretrained Transformer-based Models on the Task of Fine-Grained Named Entity Recognition},author={Cedric Lothritz and Kevin Allix and Lisa Veiber and Tégawendé F. Bissyandé and Jacques Klein},year={2020},pages={3750-3760},doi={10.18653/V1/2020.COLING-MAIN.334}}

@article{Ahmed2024Enriching,title={Enriching Urdu NER with BERT Embedding, Data Augmentation, and Hybrid Encoder-CNN Architecture},author={Anil Ahmed and Degen Huang and Syed Yasser Arafat and Imran Hameed},journal={ACM Transactions on Asian and Low-Resource Language Information Processing},year={2024},volume={23},pages={1 - 38},doi={10.1145/3648362}}

@article{Shah2021Multi-Task,title={Multi-Task Learning of Query Intent and Named Entities using Transfer Learning},author={Shalin S Shah and Ryan Siskind},journal={ArXiv},year={2021},volume={abs/2105.03316},doi={}}

@article{Widyawan2024A,title={A Novel Fusion of Machine Learning Methods for Enhancing Named Entity Recognition in Indonesian Language Text},author={Widyawan Widyawan and Bayu Prasetiyo Utomo and Muhammad Nur Rizala},journal={Jurnal Sistem Informasi Bisnis},year={2024},doi={10.21456/vol14iss4pp311-320}}

@article{Zhu2024Chinese,title={Chinese Named Entity Recognition in the Ship News Field Based on Adversarial Transfer Learning},author={Zhihong Zhu and Weiwen Zhang and Hongbin Zhang and Lianglun Cheng},journal={Proceedings of the 2024 16th International Conference on Machine Learning and Computing},year={2024},doi={10.1145/3651671.3651725}}

@article{DeLichy2021Meta-Learning,title={Meta-Learning for Few-Shot Named Entity Recognition},author={Cyprien de Lichy and Hadrien Glaude and W. Campbell},journal={Proceedings of the 1st Workshop on Meta Learning and Its Applications to Natural Language Processing},year={2021},doi={10.18653/v1/2021.metanlp-1.6}}

@article{Li2023Few-Shot,title={Few-Shot Named Entity Recognition via Meta-Learning (Extended Abstract)},author={J. Li and Billy Chiu and Shanshan Feng and Hongya Wang},journal={2023 IEEE 39th International Conference on Data Engineering (ICDE)},year={2023},pages={3805-3806},doi={10.1109/ICDE55515.2023.00329}}

@article{2022Decomposed,title={Decomposed Meta-Learning for Few-Shot Named Entity Recognition},author={Tingting Ma and Huiqiang Jiang and Qianhui Wu and T. Zhao and Chin-Yew Lin},year={2022},pages={1584-1596},doi={10.48550/arXiv.2204.05751}}

@article{Zhang2024KCL,title={KCL: Few-shot Named Entity Recognition with Knowledge Graph and Contrastive Learning},author={Shan Zhang and Bin Cao and Jing Fan},year={2024},pages={9681-9692},doi={}}

@article{Huang2022COPNER,title={COPNER: Contrastive Learning with Prompt Guiding for Few-shot Named Entity Recognition},author={Yucheng Huang and Kai He and Yige Wang and Xianli Zhang and Tieliang Gong and Rui Mao and Chen Li},year={2022},pages={2515-2527},doi={}}

@article{Fu2021Exploiting,title={Exploiting Named Entity Recognition via Pre-trained Language Model and Adversarial Training},author={Jia Fu and Jie Liu and Wen-Jian Shi},journal={2021 IEEE International Conference on Computer Science, Electronic Information Engineering and Intelligent Control Technology (CEI)},year={2021},pages={665-669},doi={10.1109/CEI52496.2021.9574510}}

@article{Fritzler2018Few-shot,title={Few-shot classification in named entity recognition task},author={Alexander Fritzler and V. Logacheva and M. Kretov},journal={Proceedings of the 34th ACM/SIGAPP Symposium on Applied Computing},year={2018},doi={10.1145/3297280.3297378}}

@article{Ji2022Few-shot,
title={Few-shot Named Entity Recognition with Entity-level Prototypical Network Enhanced by Dispersedly Distributed Prototypes},
author={Bin Ji and Shasha Li and Shaoduo Gan and Jie Yu and Jun Ma and Huijun Liu},
journal={ArXiv},
year={2022},
volume={abs/2208.08023},
doi={10.48550/arXiv.2208.08023}
}

@article{Wang2022SpanProto,title={SpanProto: A Two-stage Span-based Prototypical Network for Few-shot Named Entity Recognition},author={J. Wang and Chengcheng Han and Chengyu Wang and Chuanqi Tan and Minghui Qiu and Songfang Huang and Jun Huang and Ming Gao},journal={ArXiv},year={2022},volume={abs/2210.09049},doi={10.48550/arXiv.2210.09049}}

@article{Chen2023HEProto,title={HEProto: A Hierarchical Enhancing ProtoNet based on Multi-Task Learning for Few-shot Named Entity Recognition},author={Wei Chen and Lili Zhao and Pengfei Luo and Tong Xu and Yi Zheng and Enhong Chen},journal={Proceedings of the 32nd ACM International Conference on Information and Knowledge Management},year={2023},doi={10.1145/3583780.3614908}}

@article{Mehta2023LLM-RM,
title={LLM-RM at SemEval-2023 Task 2: Multilingual Complex NER Using XLM-RoBERTa},
author={Rahul Mehta and Vasudeva Varma},
journal={ArXiv},
year={2023},
volume={abs/2305.03300},
doi={10.48550/arXiv.2305.03300}
}

@article{Yan2021Unsupervised,title={Unsupervised cross-lingual model transfer for named entity recognition with contextualized word representations},author={Huijiong Yan and Tao Qian and Liang Xie and Shanguang Chen},journal={PLoS ONE},year={2021},volume={16},doi={10.1371/journal.pone.0257230}}

@article{Malmasi2022MultiCoNER,title={MultiCoNER: A Large-scale Multilingual Dataset for Complex Named Entity Recognition},author={S. Malmasi and Anjie Fang and B. Fetahu and Sudipta Kar and Oleg Rokhlenko},year={2022},pages={3798-3809},doi={10.48550/arXiv.2208.14536}}

@article{Schneider2022UC3M-PUCPR,title={UC3M-PUCPR at SemEval-2022 Task 11: An Ensemble Method of Transformer-based Models for Complex Named Entity Recognition},author={Elisa Terumi Rubel Schneider and Renzo M. Rivera Zavala and Paloma Martínez and Claudia Moro and E. Paraiso},year={2022},pages={1448-1456},doi={10.18653/v1/2022.semeval-1.199}}

@article{Viksna2022Multilingual,title={Multilingual Transformers for Named Entity Recognition},author={Rinalds Viksna and I. Skadina},journal={Balt. J. Mod. Comput.},year={2022},volume={10},doi={10.22364/bjmc.2022.10.3.18}}

@article{Hedderich2020Transfer,title={Transfer Learning and Distant Supervision for Multilingual Transformer Models: A Study on African Languages},author={Michael A. Hedderich and David Ifeoluwa Adelani and D. Zhu and Jesujoba Oluwadara Alabi and Udia Markus and D. Klakow},year={2020},pages={2580-2591},doi={10.18653/v1/2020.emnlp-main.204}}

@article{Jayanth2023Indian,title={Indian Language Analysis with XLM-RoBERTa: Enhancing Parts of Speech Tagging for Effective Natural Language Preprocessing},author={K. Jayanth and Bharathi Mohan and R. P. Kumar},journal={2023 Seventh International Conference on Image Information Processing (ICIIP)},year={2023},pages={850-854},doi={10.1109/ICIIP61524.2023.10537689}}

@article{You2021Uppsala,title={Uppsala NLP at SemEval-2021 Task 2: Multilingual Language Models for Fine-tuning and Feature Extraction in Word-in-Context Disambiguation},author={Huiling You and Xingran Zhu and Sara Stymne},journal={ArXiv},year={2021},volume={abs/2104.03767},doi={10.18653/v1/2021.semeval-1.15}}

@article{Xie2021PALI,title={PALI at SemEval-2021 Task 2: Fine-Tune XLM-RoBERTa for Word in Context Disambiguation},author={Shu-Yi Xie and Jian Ma and Haiqing Yang and Lian-Xin Jiang and Yang Mo and Jianping Shen},year={2021},pages={713-718},doi={10.18653/v1/2021.semeval-1.93}}

@article{wang2019cross,
  title={Cross-lingual ability of multilingual bert: An empirical study},
  author={Wang, Zihan and Mayhew, Stephen and Roth, Dan and others},
  journal={arXiv preprint arXiv:1912.07840},
  year={2019}
}
@inproceedings{wang2020understanding,
  title={Understanding contrastive representation learning through alignment and uniformity on the hypersphere},
  author={Wang, Tongzhou and Isola, Phillip},
  booktitle={International conference on machine learning},
  pages={9929--9939},
  year={2020},
  organization={PMLR}
}
@article{ma2021contributions,
  title={Contributions of transformer attention heads in multi-and cross-lingual tasks},
  author={Ma, Weicheng and Zhang, Kai and Lou, Renze and Wang, Lili and Vosoughi, Soroush},
  journal={arXiv preprint arXiv:2108.08375},
  year={2021}
}

@article{Chen2022Multi-Level,title={Multi-Level Contrastive Learning for Cross-Lingual Alignment},author={Beiduo Chen and Wu Guo and Bin Gu and Quan Liu and Yongchao Wang},journal={ICASSP 2022 - 2022 IEEE International Conference on Acoustics, Speech and Signal Processing (ICASSP)},year={2022},pages={7947-7951},doi={10.1109/icassp43922.2022.9747720}}

@article{Doan2021Benchmarking,title={Benchmarking Neural Topic Models: An Empirical Study},author={Thanh-Nam Doan and Tuan-Anh Hoang},year={2021},pages={4363-4368},doi={10.18653/v1/2021.findings-acl.382}}

@article{Iwata2021Few-shot,title={Few-shot Learning for Topic Modeling},author={Tomoharu Iwata},journal={ArXiv},year={2021},volume={abs/2104.09011},doi={}}

@article{Zhu2022Dual,title={Dual Cross-Attention Learning for Fine-Grained Visual Categorization and Object Re-Identification},author={Haowei Zhu and Wenjing Ke and Dong Li and Ji Liu and Lu Tian and Yi Shan},journal={2022 IEEE/CVF Conference on Computer Vision and Pattern Recognition (CVPR)},year={2022},pages={4682-4692},doi={10.1109/CVPR52688.2022.00465}}

@article{Han2021Cross-Level,title={Cross-Level Cross-Scale Cross-Attention Network for Point Cloud Representation},author={Xian-Feng Han and Z. He and Jia Chen and Guoqiang Xiao},journal={ArXiv},year={2021},volume={abs/2104.13053},doi={}}

@article{Moscato2023Few-shot,title={Few-shot Named Entity Recognition: Definition, Taxonomy and Research Directions},author={V. Moscato and Marco Postiglione and Giancarlo Sperlí},journal={ACM Transactions on Intelligent Systems and Technology},year={2023},volume={14},pages={1 - 46},doi={10.1145/3609483}}

@article{Xiao2024LACNER,title={LACNER: Enhancing Few-Shot Named Entity Recognition with Label Words and Contrastive Learning},author={Yuhui Xiao and Qun Yang and Jianjian Zou and Sichi Zhou},journal={2024 International Joint Conference on Neural Networks (IJCNN)},year={2024},pages={1-8},doi={10.1109/IJCNN60899.2024.10650197}}

@article{Li2022An,title={An Unsupervised Multiple-Task and Multiple-Teacher Model for Cross-lingual Named Entity Recognition},author={Zhuoran Li and Chunming Hu and Xiaohui Guo and J. Chen and Wenyi Qin and Richong Zhang},year={2022},pages={170-179},doi={10.18653/v1/2022.acl-long.14}}

@article{Wang2020Joint,title={Joint Cross-document Information for Named Entity Recognition with Multi-task Learning},author={Dongsheng Wang and Hongjie Fan and Junfei Liu},journal={2020 IEEE International Conference on Bioinformatics and Biomedicine (BIBM)},year={2020},pages={1146-1150},doi={10.1109/BIBM49941.2020.9313517}}

@article{Das2021CONTaiNER,title={CONTaiNER: Few-Shot Named Entity Recognition via Contrastive Learning},author={Sarkar Snigdha Sarathi Das and Arzoo Katiyar and R. Passonneau and Rui Zhang},journal={ArXiv},year={2021},volume={abs/2109.07589},doi={10.18653/v1/2022.acl-long.439}}

@article{Wang2022Few-Shot,title={Few-Shot Class-Incremental Learning for Named Entity Recognition},author={Rui Wang and Tong Yu and Handong Zhao and Sungchul Kim and S. Mitra and Ruiyi Zhang and Ricardo Henao},year={2022},pages={571-582},doi={10.18653/v1/2022.acl-long.43}}

@article{Golde2024Large-Scale,title={Large-Scale Label Interpretation Learning for Few-Shot Named Entity Recognition},author={Jonas Golde and Felix Hamborg and Alan Akbik},year={2024},pages={2915-2930},doi={10.48550/arXiv.2403.14222}}

@article{Ziyadi2020Example-Based,title={Example-Based Named Entity Recognition},author={Morteza Ziyadi and Yuting Sun and Abhishek Goswami and Jade Huang and Weizhu Chen},journal={ArXiv},year={2020},volume={abs/2008.10570},doi={}}

@article{Li2023CDANER,title={CDANER: Contrastive Learning with Cross-domain Attention for Few-shot Named Entity Recognition},author={W. Li and Hui Li and Jingguo Ge and Lei Zhang and Liangxiong Li and Bingzhen Wu},journal={2023 International Joint Conference on Neural Networks (IJCNN)},year={2023},pages={1-8},doi={10.1109/IJCNN54540.2023.10191439}}

@article{Chen2022Prompt-Based,title={Prompt-Based Metric Learning for Few-Shot NER},author={Yanru Chen and Yanan Zheng and Zhilin Yang},journal={ArXiv},year={2022},volume={abs/2211.04337},doi={10.48550/arXiv.2211.04337}}

@article{Fang2023MANNER,title={MANNER: A Variational Memory-Augmented Model for Cross Domain Few-Shot Named Entity Recognition},author={Jinyuan Fang and Xiaobin Wang and Zaiqiao Meng and Pengjun Xie and Fei Huang and Yong Jiang},year={2023},pages={4261-4276},doi={10.18653/v1/2023.acl-long.234}}

@article{Dong2023A,title={A Multi-Task Semantic Decomposition Framework with Task-specific Pre-training for Few-Shot NER},author={Guanting Dong and Zechen Wang and Jinxu Zhao and Gang Zhao and Daichi Guo and Dayuan Fu and Tingfeng Hui and Chen Zeng and Keqing He and Xuefeng Li and Liwen Wang and Xinyue Cui and Weiran Xu},journal={Proceedings of the 32nd ACM International Conference on Information and Knowledge Management},year={2023},doi={10.1145/3583780.3614766}}

@article{Zhang2024CLLMFS,title={CLLMFS: A Contrastive Learning enhanced Large Language Model Framework for Few-Shot Named Entity Recognition},author={Yafeng Zhang and Zilan Yu and Yuang Huang and Jing Tang},journal={ArXiv},year={2024},volume={abs/2408.12834},doi={10.48550/arXiv.2408.12834}}

@article{Huang2022DFS-NER,title={DFS-NER: Description Enhanced Few-shot NER via Prompt Learning and Meta-Learning},author={Huinan Huang and Yuming Feng and Xiaolong Jin and Saiping Guan and Jiafeng Guo},journal={2022 IEEE/WIC/ACM International Joint Conference on Web Intelligence and Intelligent Agent Technology (WI-IAT)},year={2022},pages={796-803},doi={10.1109/WI-IAT55865.2022.00131}}

@article{Bouniot2020Improving,title={Improving Few-Shot Learning Through Multi-task Representation Learning Theory},author={Quentin Bouniot and I. Redko and Romaric Audigier and Angélique Loesch and Amaury Habrard},year={2020},pages={435-452},doi={10.1007/978-3-031-20044-1_25}}