@article{dunjko2018machine,
  title={Machine learning \& artificial intelligence in the quantum domain: a review of recent progress},
  author={Dunjko, Vedran and Briegel, Hans J},
  journal={Reports on Progress in Physics},
  volume={81},
  number={7},
  pages={074001},
  year={2018},
  publisher={IOP Publishing}
}


@article{krenn2023artificial,
  title={Artificial intelligence and machine learning for quantum technologies},
  author={Krenn, Mario and Landgraf, Jonas and Foesel, Thomas and Marquardt, Florian},
  journal={Physical Review A},
  volume={107},
  number={1},
  pages={010101},
  year={2023},
  publisher={APS}
}

@article{alphazero,
  title={A general reinforcement learning algorithm that masters chess, shogi, and {G}o through self-play},
  author={Silver, David and Hubert, Thomas and Schrittwieser, Julian and Antonoglou, Ioannis and Lai, Matthew and Guez, Arthur and Lanctot, Marc and Sifre, Laurent and Kumaran, Dharshan and Graepel, Thore and others},
  journal={Science},
  volume={362},
  number={6419},
  pages={1140--1144},
  year={2018},
  publisher={American Association for the Advancement of Science}
}
@article{browne2012survey,
  title={A survey of monte carlo tree search methods},
  author={Browne, Cameron B and Powley, Edward and Whitehouse, Daniel and Lucas, Simon M and Cowling, Peter I and Rohlfshagen, Philipp and Tavener, Stephen and Perez, Diego and Samothrakis, Spyridon and Colton, Simon},
  journal={IEEE Transactions on Computational Intelligence and AI in games},
  volume={4},
  number={1},
  pages={1--43},
  year={2012},
  publisher={IEEE}
}

@article{auer2002finite,
  title={Finite-time analysis of the multiarmed bandit problem},
  author={Auer, Peter and Cesa-Bianchi, Nicolo and Fischer, Paul},
  journal={Machine learning},
  volume={47},
  pages={235--256},
  year={2002},
  publisher={Springer}
}

@article{cerezo2021variational,
  title={Variational quantum algorithms},
  author={Cerezo, Marco and Arrasmith, Andrew and Babbush, Ryan and Benjamin, Simon C and Endo, Suguru and Fujii, Keisuke and McClean, Jarrod R and Mitarai, Kosuke and Yuan, Xiao and Cincio, Lukasz and others},
  journal={Nature Reviews Physics},
  volume={3},
  number={9},
  pages={625--644},
  year={2021},
  publisher={Nature Publishing Group UK London}
}
@article{kandala2017hardware,
  title={Hardware-efficient variational quantum eigensolver for small molecules and quantum magnets},
  author={Kandala, Abhinav and Mezzacapo, Antonio and Temme, Kristan and Takita, Maika and Brink, Markus and Chow, Jerry M and Gambetta, Jay M},
  journal={nature},
  volume={549},
  number={7671},
  pages={242--246},
  year={2017},
  publisher={Nature Publishing Group UK London}
}

@inproceedings{baier2012nested,
  title={{Nested Monte-Carlo Tree Search for Online Planning in Large MDPs}},
  author={Baier, Hendrik and Winands, Mark H.M.},
  booktitle={ECAI},
  volume={242},
  pages={109--114},
  year={2012}
}

@Inbook{winands2019monte,
author="Winands, Mark H. M.",
title="Monte-Carlo Tree Search",
bookTitle="Encyclopedia of Computer Graphics and Games",
year="2015",
publisher="Springer International Publishing",
address="Cham",
pages="1--6",
isbn="978-3-319-08234-9",
}



@article{schadd2012single,
  title={Single-player Monte-Carlo tree search for {SameGame}},
  author={Schadd, Maarten P.D. and Winands, Mark H.M. and Tak, Mandy J.W. and Uiterwijk, Jos W.H.M.},
  journal={Knowledge-Based Systems},
  volume={34},
  pages={3--11},
  year={2012},
  publisher={Elsevier}
}

@inproceedings{coulom2006efficient,
  title={Efficient selectivity and backup operators in Monte-Carlo tree search},
  author={Coulom, R{\'e}mi},
  booktitle={International conference on computers and games},
  pages={72--83},
  year={2007},
  organization={Springer}
}

@article{kingma2014adam,
  title={Adam: A Method for Stochastic Optimization},
  author={Diederik P. Kingma and Jimmy Ba},
  journal={CoRR},
  year={2014},
  volume={abs/1412.6980},
  url={https://api.semanticscholar.org/CorpusID:6628106}
}

@article{wierichs2022general,
  title={General parameter-shift rules for quantum gradients},
  author={Wierichs, David and Izaac, Josh and Wang, Cody and Lin, Cedric Yen-Yu},
  journal={Quantum},
  volume={6},
  pages={677},
  year={2022},
  publisher={Verein zur F{\"o}rderung des Open Access Publizierens in den Quantenwissenschaften}
}

@article{bravo2023variational,
  title={Variational quantum linear solver},
  author={Bravo-Prieto, Carlos and LaRose, Ryan and Cerezo, Marco and Subasi, Yigit and Cincio, Lukasz and Coles, Patrick J},
  journal={Quantum},
  volume={7},
  pages={1188},
  year={2023},
  publisher={Verein zur F{\"o}rderung des Open Access Publizierens in den Quantenwissenschaften}
}

@article{farhi2014quantum,
  title={A quantum approximate optimization algorithm},
  author={Farhi, Edward and Goldstone, Jeffrey and Gutmann, Sam},
  journal={arXiv preprint arXiv:1411.4028},
  year={2014}
}



@article{preskill,
  title={Quantum computing in the {NISQ} era and beyond},
  author={Preskill, John},
  journal={Quantum},
  volume={2},
  pages={79},
  year={2018},
  publisher={Verein zur F{\"o}rderung des Open Access Publizierens in den Quantenwissenschaften}
}



@article{brassard2002quantum,
  title={Quantum amplitude amplification and estimation},
  author={Brassard, Gilles and Hoyer, Peter and Mosca, Michele and Tapp, Alain},
  journal={Contemporary Mathematics},
  volume={305},
  pages={53--74},
  year={2002},
  publisher={Providence, RI; American Mathematical Society; 1999}
}

@article{bharti2022noisy,
  title={Noisy intermediate-scale quantum algorithms},
  author={Bharti, Kishor and Cervera-Lierta, Alba and Kyaw, Thi Ha and Haug, Tobias and Alperin-Lea, Sumner and Anand, Abhinav and Degroote, Matthias and Heimonen, Hermanni and Kottmann, Jakob S and Menke, Tim and others},
  journal={Reviews of Modern Physics},
  volume={94},
  number={1},
  pages={015004},
  year={2022},
  publisher={APS}
}

@article{lloyd2018quantum,
  title={Quantum generative adversarial learning},
  author={Lloyd, Seth and Weedbrook, Christian},
  journal={Physical review letters},
  volume={121},
  number={4},
  pages={040502},
  year={2018},
  publisher={APS}
} 

@article{farhi2019classification,
  title={Classification with quantum neural networks on near term processors},
  author={Farhi, Edward and Neven, Hartmut},
  journal={Natural Science},
    volume={11},
    number={1},
  year={2019}
}

@article{cong2019quantum,
  title={Quantum convolutional neural networks},
  author={Cong, Iris and Choi, Soonwon and Lukin, Mikhail D},
  journal={Nature Physics},
  volume={15},
  number={12},
  pages={1273--1278},
  year={2019},
  publisher={Nature Publishing Group UK London}
}


@article{biamonte2017quantum,
  title={Quantum machine learning},
  author={Biamonte, Jacob and Wittek, Peter and Pancotti, Nicola and Rebentrost, Patrick and Wiebe, Nathan and Lloyd, Seth},
  journal={Nature},
  volume={549},
  number={7671},
  pages={195--202},
  year={2017},
  publisher={Nature Publishing Group UK London}
}

@book{schuld2021machine,
  title={Machine learning with quantum computers},
  author={Schuld, Maria and Petruccione, Francesco},
  volume={676},
  year={2021},
  publisher={Springer}
}

@article{xu2021variational,
  title={Variational circuit compiler for quantum error correction},
  author={Xu, Xiaosi and Benjamin, Simon C and Yuan, Xiao},
  journal={Physical Review Applied},
  volume={15},
  number={3},
  pages={034068},
  year={2021},
  publisher={APS}
}

@article{stamatopoulos2020option,
  title={Option pricing using quantum computers},
  author={Stamatopoulos, Nikitas and Egger, Daniel J and Sun, Yue and Zoufal, Christa and Iten, Raban and Shen, Ning and Woerner, Stefan},
  journal={Quantum},
  volume={4},
  pages={291},
  year={2020},
  publisher={Verein zur F{\"o}rderung des Open Access Publizierens in den Quantenwissenschaften}
}

@inproceedings{cazenave,
  title={Nested monte-carlo search},
  author={Cazenave, Tristan},
  booktitle={Twenty-First International Joint Conference on Artificial Intelligence},
  year={2009}
}

@article{ucb,
  title={Finite-time analysis of the multiarmed bandit problem},
  author={Auer, Peter and Cesa-Bianchi, Nicolo and Fischer, Paul},
  journal={Machine learning},
  volume={47},
  pages={235--256},
  year={2002},
  publisher={Springer}
}

@article{wang,
  title={{Automated quantum circuit design with Nested Monte Carlo Tree Search}},
  author={Wang, Peiyong and Usman, Muhammad and Parampalli, Udaya and Hollenberg, Lloyd CL and Myers, Casey R},
  journal={IEEE Transactions on Quantum Engineering},
  year={2023},
  publisher={IEEE}
}

@article{sironi2018self,
  title={Self-adaptive Monte Carlo tree search in general game playing},
  author={Sironi, Chiara F. and Liu, Jialin and Winands, Mark H.M.},
  journal={IEEE Transactions on Games},
  volume={12},
  number={2},
  pages={132--144},
  year={2018},
  publisher={IEEE}
}

@inproceedings{finnsson2012generalized,
  title={Generalized Monte-Carlo tree search extensions for general game playing},
  author={Finnsson, Hilmar},
  booktitle={Proceedings of the AAAI Conference on Artificial Intelligence},
  volume={26},
  pages={1550--1556},
  year={2012}
}



@article{ohno,
  title={Quantum greedy algorithms for multi-armed bandits},
  author={Ohno, Hiroshi},
  journal={Quantum Information Processing},
  volume={22},
  number={2},
  year={2023},
  publisher={Springer}
}

@inproceedings{coulom,
  title={Efficient selectivity and backup operators in {Monte-Carlo Tree Search}},
  author={Coulom, R{\'e}mi},
  booktitle={International conference on computers and games},
  pages={72--83},
  year={2007},
  organization={Springer}
}

@inproceedings{couetoux2011continuous,
  title={Continuous upper confidence trees},
  author={Cou{\"e}toux, Adrien and Hoock, Jean-Baptiste and Sokolovska, Nataliya and Teytaud, Olivier and Bonnard, Nicolas},
  booktitle={Learning and Intelligent Optimization: 5th International Conference, LION 5, Rome, Italy, January 17-21, 2011. Selected Papers 5},
  pages={433--445},
  year={2011},
  organization={Springer}
} 

@article{chaslot,
  title={Progressive strategies for {Monte-Carlo Tree Search}},
  author={Chaslot, Guillaume M. J-B. and Winands, Mark H.M. and {van den Herik}, H. Jaap  and Uiterwijk, Jos W. H. M. and Bouzy, Bruno},
  journal={New Mathematics and Natural Computation},
  volume={4},
  number={03},
  pages={343--357},
  year={2008},
  publisher={World Scientific}
}

@article{swiechowski,
  title={Monte Carlo tree search: {A} review of recent modifications and applications},
  author={{\'S}wiechowski, Maciej and Godlewski, Konrad and Sawicki, Bartosz and Ma{\'n}dziuk, Jacek},
  journal={Artificial Intelligence Review},
  volume={56},
  number={3},
  pages={2497--2562},
  year={2023},
  publisher={Springer}
}

@inproceedings{kocsis,
  title={Bandit based monte-carlo planning},
  author={Kocsis, Levente and Szepesv{\'a}ri, Csaba},
  booktitle={Machine Learning: ECML 2006: 17th European Conference on Machine Learning Berlin, Germany, September 18-22, 2006 Proceedings 17},
  pages={282--293},
  year={2006},
  organization={Springer}
}
@article{uct,
  title={Improved monte-carlo search},
  author={Kocsis, Levente and Szepesv{\'a}ri, Csaba and Willemson, Jan},
  journal={Univ. Tartu, Estonia, Tech. Rep},
  volume={1},
  pages={1--22},
  year={2006}
}
@article{tang2021qubit,
  title={qubit-adapt-vqe: An adaptive algorithm for constructing hardware-efficient ans{\"a}tze on a quantum processor},
  author={Tang, Ho Lun and Shkolnikov, VO and Barron, George S and Grimsley, Harper R and Mayhall, Nicholas J and Barnes, Edwin and Economou, Sophia E},
  journal={PRX Quantum},
  volume={2},
  number={2},
  pages={020310},
  year={2021},
  publisher={APS}
}
@article{grimsley2019adaptive,
  title={An adaptive variational algorithm for exact molecular simulations on a quantum computer},
  author={Grimsley, Harper R and Economou, Sophia E and Barnes, Edwin and Mayhall, Nicholas J},
  journal={Nature communications},
  volume={10},
  number={1},
  pages={3007},
  year={2019},
  publisher={Nature Publishing Group UK London}
}
@inproceedings{qiskit,
  title={The IBM Q experience and QISKit open-source quantum computing software},
  author={Cross, Andrew},
  booktitle={APS March meeting abstracts},
  volume={2018},
  pages={L58--003},
  year={2018}
}

@book{nielsen2010quantum,

title={Quantum Computation and Quantum Information: 10th Anniversary Edition}, 
address={Cambridge}, 
publisher={Cambridge University Press}, author={Nielsen, Michael A. and Chuang, Isaac L.},
year={2010}}


@article{lee2018generalized,
  title={Generalized unitary coupled cluster wave functions for quantum computation},
  author={Lee, Joonho and Huggins, William J and Head-Gordon, Martin and Whaley, K Birgitta},
  journal={Journal of chemical theory and computation},
  volume={15},
  number={1},
  pages={311--324},
  year={2018},
  publisher={ACS Publications}
}
@article{fedorov2022vqe,
  title={{VQE} method: a short survey and recent developments},
  author={Fedorov, Dmitry A and Peng, Bo and Govind, Niranjan and Alexeev, Yuri},
  journal={Materials Theory},
  volume={6},
  number={1},
  pages={1--21},
  year={2022},
  publisher={SpringerOpen}
}

@article{dalzell2023quantum,
  title={Quantum algorithms: A survey of applications and end-to-end complexities},
  author={Dalzell, Alexander M and McArdle, Sam and Berta, Mario and Bienias, Przemyslaw and Chen, Chi-Fang and Gily{\'e}n, Andr{\'a}s and Hann, Connor T and Kastoryano, Michael J and Khabiboulline, Emil T and Kubica, Aleksander and others},
  journal={arXiv preprint arXiv:2310.03011},
  year={2023}
}

@article{zhang2022differentiable,
  title={Differentiable quantum architecture search},
  author={Zhang, Shi-Xin and Hsieh, Chang-Yu and Zhang, Shengyu and Yao, Hong},
  journal={Quantum Science and Technology},
  volume={7},
  number={4},
  pages={045023},
  year={2022},
  publisher={IOP Publishing}
}

@article{liu2018darts,
  title={DARTS: Differentiable Architecture Search},
  author={Hanxiao Liu and Karen Simonyan and Yiming Yang},
  journal={ArXiv},
  year={2018},
  volume={abs/1806.09055},
  url={https://api.semanticscholar.org/CorpusID:49411844}
}


@article{lee2023evaluating,
  title={Evaluating the evidence for exponential quantum advantage in ground-state quantum chemistry},
  author={Lee, Seunghoon and Lee, Joonho and Zhai, Huanchen and Tong, Yu and Dalzell, Alexander M and Kumar, Ashutosh and Helms, Phillip and Gray, Johnnie and Cui, Zhi-Hao and Liu, Wenyuan and others},
  journal={Nature Communications},
  volume={14},
  number={1},
  pages={1952},
  year={2023},
  publisher={Nature Publishing Group UK London}
}

@article{harrow2009quantum,
  title={Quantum algorithm for linear systems of equations},
  author={Harrow, Aram W and Hassidim, Avinatan and Lloyd, Seth},
  journal={Physical review letters},
  volume={103},
  number={15},
  pages={150502},
  year={2009},
  publisher={APS}
}

@article{mcclean2018barren,
  title={Barren plateaus in quantum neural network training landscapes},
  author={McClean, Jarrod R and Boixo, Sergio and Smelyanskiy, Vadim N and Babbush, Ryan and Neven, Hartmut},
  journal={Nature communications},
  volume={9},
  number={1},
  pages={4812},
  year={2018},
  publisher={Nature Publishing Group UK London}
}


@article{bergholm2018pennylane,
  title={Pennylane: Automatic differentiation of hybrid quantum-classical computations},
  author={Bergholm, Ville and Izaac, Josh and Schuld, Maria and Gogolin, Christian and Ahmed, Shahnawaz and Ajith, Vishnu and Alam, M Sohaib and Alonso-Linaje, Guillermo and AkashNarayanan, B and Asadi, Ali and others},
  journal={arXiv preprint arXiv:1811.04968},
  year={2018}
}

@article{lu2023qas,
  title={{QAS-Bench: Rethinking Quantum Architecture Search and A Benchmark}},
  author={Lu, Xudong and Pan, Kaisen and Yan, Ge and Shan, Jiaming and Wu, Wenjie and Yan, Junchi},
    journal={Proceedings of the 40th International Conference on Machine Learning},
  year={2023}
}

@inproceedings{wang2020neural,
  title={Neural architecture search using deep neural networks and monte carlo tree search},
  author={Wang, Linnan and Zhao, Yiyang and Jinnai, Yuu and Tian, Yuandong and Fonseca, Rodrigo},
  booktitle={Proceedings of the AAAI Conference on Artificial Intelligence},
  volume={34},
  number={06},
  pages={9983--9991},
  year={2020}
}

@inproceedings{huang2021neural,
  title={Neural architecture search via combinatorial multi-armed bandit},
  author={Huang, Hanxun and Ma, Xingjun and Erfani, Sarah M and Bailey, James},
  booktitle={2021 International Joint Conference on Neural Networks (IJCNN)},
  pages={1--8},
  year={2021},
  organization={IEEE}
}


@article{leone2022stabilizer,
  title={Stabilizer r{\'e}nyi entropy},
  author={Leone, Lorenzo and Oliviero, Salvatore FE and Hamma, Alioscia},
  journal={Physical Review Letters},
  volume={128},
  number={5},
  pages={050402},
  year={2022},
  publisher={APS}
}

@article{gu2023little,
  title={A little magic means a lot},
  author={Gu, Andi and Leone, Lorenzo and Ghosh, Soumik and Eisert, Jens and Yelin, Susanne and Quek, Yihui},
  journal={arXiv preprint arXiv:2308.16228},
  year={2023}
}
@article{howard2017appl,
  title = {Application of a Resource Theory for Magic States to Fault-Tolerant Quantum Computing},
  author = {Howard, Mark and Campbell, Earl},
  journal = {Phys. Rev. Lett.},
  volume = {118},
  issue = {9},
  pages = {090501},
  numpages = {6},
  year = {2017},
  month = {Mar},
  publisher = {American Physical Society},
  doi = {10.1103/PhysRevLett.118.090501},
}
@article{bravyi2005universal,
  title = {Universal quantum computation with ideal Clifford gates and noisy ancillas},
  author = {Bravyi, Sergey and Kitaev, Alexei},
  journal = {Phys. Rev. A},
  volume = {71},
  issue = {2},
  pages = {022316},
  numpages = {14},
  year = {2005},
  month = {Feb},
  publisher = {American Physical Society},
  doi = {10.1103/PhysRevA.71.022316},
}
@article{bartlett2014powered,
  title={Powered by magic},
  author={Bartlett, Stephen D},
  journal={Nature},
  volume={510},
  number={7505},
  pages={345--347},
  year={2014},
  publisher={Nature Publishing Group UK London}
}
@inproceedings{pham2018efficient,
  title={Efficient neural architecture search via parameters sharing},
  author={Pham, Hieu and Guan, Melody and Zoph, Barret and Le, Quoc and Dean, Jeff},
  booktitle={International conference on machine learning},
  pages={4095--4104},
  year={2018},
  organization={PMLR}
}
@inproceedings{williams1998automated,
  title={Automated design of quantum circuits},
  author={Williams, Colin P. and Gray, Alexander G.},
  booktitle={NASA International Conference on Quantum Computing and Quantum Communications},
  pages={113--125},
  year={1998},
  organization={Springer}
}

@article{lourens2023hierarchical,
  title={Hierarchical quantum circuit representations for neural architecture search},
  author={Lourens, Matt and Sinayskiy, Ilya and Park, Daniel K and Blank, Carsten and Petruccione, Francesco},
  journal={npj Quantum Information},
  volume={9},
  number={1},
  pages={79},
  year={2023},
  publisher={Nature Publishing Group UK London}
}
@article{kuo2021quantum,
  title={Quantum architecture search via deep reinforcement learning},
  author={Kuo, En-Jui and Fang, Yao-Lung L and Chen, Samuel Yen-Chi},
  journal={arXiv preprint arXiv:2104.07715},
  year={2021}
}

@article{zhang2021neural,
  title={Neural predictor based quantum architecture search},
  author={Zhang, Shi-Xin and Hsieh, Chang-Yu and Zhang, Shengyu and Yao, Hong},
  journal={Machine Learning: Science and Technology},
  volume={2},
  number={4},
  pages={045027},
  year={2021},
  publisher={IOP Publishing}
}

@article{li2017approximate,
  title={Approximate quantum adders with genetic algorithms: an IBM quantum experience},
  author={Li, Rui and Alvarez-Rodriguez, Unai and Lamata, Lucas and Solano, Enrique},
  journal={Quantum Measurements and Quantum Metrology},
  volume={4},
  number={1},
  pages={1--7},
  year={2017},
  publisher={De Gruyter Open}
}

@article{li2020quantum,
  title={Quantum optimization with a novel Gibbs objective function and ansatz architecture search},
  author={Li, Li and Fan, Minjie and Coram, Marc and Riley, Patrick and Leichenauer, Stefan and others},
  journal={Physical Review Research},
  volume={2},
  number={2},
  pages={023074},
  year={2020},
  publisher={APS}
}

@article{zhu2022adaptive,
  title={Adaptive quantum approximate optimization algorithm for solving combinatorial problems on a quantum computer},
  author={Zhu, Linghua and Tang, Ho Lun and Barron, George S and Calderon-Vargas, FA and Mayhall, Nicholas J and Barnes, Edwin and Economou, Sophia E},
  journal={Physical Review Research},
  volume={4},
  number={3},
  pages={033029},
  year={2022},
  publisher={APS}
}

@article{cincio2018learning,
  title={Learning the quantum algorithm for state overlap},
  author={Cincio, Lukasz and Suba{\c{s}}{\i}, Yi{\u{g}}it and Sornborger, Andrew T and Coles, Patrick J},
  journal={New Journal of Physics},
  volume={20},
  number={11},
  pages={113022},
  year={2018},
  publisher={IOP Publishing}
}

@article{lukac2003evolutionary,
  title={Evolutionary approach to quantum and reversible circuits synthesis},
  author={Lukac, Martin and Perkowski, Marek and Goi, Hilton and Pivtoraiko, Mikhail and Yu, Chung Hyo and Chung, Kyusik and Jeech, Hyunkoo and Kim, Byung-Guk and Kim, Yong-Duk},
  journal={Artificial Intelligence Review},
  volume={20},
  pages={361--417},
  year={2003},
  publisher={Springer}
}

@article{fosel2018reinforcement,
  title={Reinforcement learning with neural networks for quantum feedback},
  author={F{\"o}sel, Thomas and Tighineanu, Petru and Weiss, Talitha and Marquardt, Florian},
  journal={Physical Review X},
  volume={8},
  number={3},
  pages={031084},
  year={2018},
  publisher={APS}
}

@article{niu2019universal,
  title={Universal quantum control through deep reinforcement learning},
  author={Niu, Murphy Yuezhen and Boixo, Sergio and Smelyanskiy, Vadim N and Neven, Hartmut},
  journal={npj Quantum Information},
  volume={5},
  number={1},
  pages={33},
  year={2019},
  publisher={Nature Publishing Group UK London}
}
@article{he2022quantum,
  title={Quantum Architecture Search with Meta-Learning},
  author={He, Zhimin and Chen, Chuangtao and Li, Lvzhou and Zheng, Shenggen and Situ, Haozhen},
  journal={Advanced Quantum Technologies},
  volume={5},
  number={8},
  pages={2100134},
  year={2022},
  publisher={Wiley Online Library}
}
@article{du2022quantum,
  title={Quantum circuit architecture search for variational quantum algorithms},
  author={Du, Yuxuan and Huang, Tao and You, Shan and Hsieh, Min-Hsiu and Tao, Dacheng},
  journal={npj Quantum Information},
  volume={8},
  number={1},
  pages={62},
  year={2022},
  publisher={Nature Publishing Group UK London}
}
@article{chivilikhin2020mog,
  title={MoG-VQE: Multiobjective genetic variational quantum eigensolver},
  author={D. Chivilikhin and Aleksandr Yu. Samarin and Vladimir I. Ulyantsev and Ivan V. Iorsh and Artem R. Oganov and O. Kyriienko},
  journal={arXiv preprint arXiv:2007.04424},
  year={2020}
}
@article{zhang2023evolutionary,
  title={Evolutionary-based searching method for quantum circuit architecture},
  author={Zhang, Anqi and Zhao, Shengmei},
  journal={Quantum Information Processing},
  volume={22},
  number={7},
  pages={283},
  year={2023},
  publisher={Springer}
}
@article{meng2021quantum,
  title={{Quantum circuit architecture optimization for variational quantum eigensolver via Monto Carlo Tree Search}},
  author={Meng, Fan-Xu and Li, Ze-Tong and Yu, Xu-Tao and Zhang, Zai-Chen},
  journal={IEEE Transactions on Quantum Engineering},
  volume={2},
  pages={1--10},
  year={2021},
  publisher={IEEE}
}

@article{ostaszewski2021reinforcement,
  title={Reinforcement learning for optimization of variational quantum circuit architectures},
  author={Ostaszewski, Mateusz and Trenkwalder, Lea M and Masarczyk, Wojciech and Scerri, Eleanor and Dunjko, Vedran},
  journal={Advances in Neural Information Processing Systems},
  volume={34},
  pages={18182--18194},
  year={2021}
}

@article{nautrup2019optimizing,
  title={Optimizing quantum error correction codes with reinforcement learning},
  author={Nautrup, Hendrik Poulsen and Delfosse, Nicolas and Dunjko, Vedran and Briegel, Hans J and Friis, Nicolai},
  journal={Quantum},
  volume={3},
  pages={215},
  year={2019},
  publisher={Verein zur F{\"o}rderung des Open Access Publizierens in den Quantenwissenschaften}
}
@article{nam2020ground,
  title={Ground-state energy estimation of the water molecule on a trapped-ion quantum computer},
  author={Nam, Yunseong and Chen, Jwo-Sy and Pisenti, Neal C and Wright, Kenneth and Delaney, Conor and Maslov, Dmitri and Brown, Kenneth R and Allen, Stewart and Amini, Jason M and Apisdorf, Joel and others},
  journal={npj Quantum Information},
  volume={6},
  number={1},
  pages={33},
  year={2020},
  publisher={Nature Publishing Group UK London}
}

@article{wecker2015progress,
  title={Progress towards practical quantum variational algorithms},
  author={Wecker, Dave and Hastings, Matthew B and Troyer, Matthias},
  journal={Physical Review A},
  volume={92},
  number={4},
  pages={042303},
  year={2015},
  publisher={APS}
}

@inproceedings{franken2022quantum,
  title={Quantum circuit evolution on {NISQ} devices},
  author={Franken, Lukas and Georgiev, Bogdan and Mucke, Sascha and Wolter, Moritz and Heese, Raoul and Bauckhage, Christian and Piatkowski, Nico},
  booktitle={2022 IEEE Congress on Evolutionary Computation (CEC)},
  pages={1--8},
  year={2022},
  organization={IEEE}
}

@article{patel2024curriculum,
  title={Curriculum reinforcement learning for quantum architecture search under hardware errors},
  author={Patel, Yash J and Kundu, Akash and Ostaszewski, Mateusz and Bonet-Monroig, Xavier and Dunjko, Vedran and Danaci, Onur},
  journal={arXiv preprint arXiv:2402.03500},
  year={2024}
}

@article{peters2023generalization,
  title={Generalization despite overfitting in quantum machine learning models},
  author={Peters, Evan and Schuld, Maria},
  journal={Quantum},
  volume={7},
  pages={1210},
  year={2023},
  publisher={Verein zur F{\"o}rderung des Open Access Publizierens in den Quantenwissenschaften}
}

@article{scala2023general,
  title={A General Approach to Dropout in Quantum Neural Networks},
  author={Scala, Francesco and Ceschini, Andrea and Panella, Massimo and Gerace, Dario},
  journal={Advanced Quantum Technologies},
  pages={2300220},
  year={2023},
  publisher={Wiley Online Library}
}

@article{lumbreras2022multi,
  title={Multi-armed quantum bandits: Exploration versus exploitation when learning properties of quantum states},
  author={Lumbreras, Josep and Haapasalo, Erkka and Tomamichel, Marco},
  journal={Quantum},
  volume={6},
  pages={749},
  year={2022},
  publisher={Verein zur F{\"o}rderung des Open Access Publizierens in den Quantenwissenschaften}
}

@article{agirre2024monte,
  title={A Monte Carlo Tree Search approach to QAOA: finding a needle in the haystack},
  author={Agirre, Andoni and Van Nieuwenburg, Evert and Wauters, Matteo M},
  journal={arXiv preprint arXiv:2408.12648},
  year={2024}
}

