@article{alphazero,
  title={A general reinforcement learning algorithm that masters chess, shogi, and {G}o through self-play},
  author={Silver, David and Hubert, Thomas and Schrittwieser, Julian and Antonoglou, Ioannis and Lai, Matthew and Guez, Arthur and Lanctot, Marc and Sifre, Laurent and Kumaran, Dharshan and Graepel, Thore and others},
  journal={Science},
  volume={362},
  number={6419},
  pages={1140--1144},
  year={2018},
  publisher={American Association for the Advancement of Science}
}

@article{chivilikhin2020mog,
  title={MoG-VQE: Multiobjective genetic variational quantum eigensolver},
  author={D. Chivilikhin and Aleksandr Yu. Samarin and Vladimir I. Ulyantsev and Ivan V. Iorsh and Artem R. Oganov and O. Kyriienko},
  journal={arXiv preprint arXiv:2007.04424},
  year={2020}
}

@article{du2022quantum,
  title={Quantum circuit architecture search for variational quantum algorithms},
  author={Du, Yuxuan and Huang, Tao and You, Shan and Hsieh, Min-Hsiu and Tao, Dacheng},
  journal={npj Quantum Information},
  volume={8},
  number={1},
  pages={62},
  year={2022},
  publisher={Nature Publishing Group UK London}
}

@article{fosel2018reinforcement,
  title={Reinforcement learning with neural networks for quantum feedback},
  author={F{\"o}sel, Thomas and Tighineanu, Petru and Weiss, Talitha and Marquardt, Florian},
  journal={Physical Review X},
  volume={8},
  number={3},
  pages={031084},
  year={2018},
  publisher={APS}
}

@article{he2022quantum,
  title={Quantum Architecture Search with Meta-Learning},
  author={He, Zhimin and Chen, Chuangtao and Li, Lvzhou and Zheng, Shenggen and Situ, Haozhen},
  journal={Advanced Quantum Technologies},
  volume={5},
  number={8},
  pages={2100134},
  year={2022},
  publisher={Wiley Online Library}
}

@inproceedings{huang2021neural,
  title={Neural architecture search via combinatorial multi-armed bandit},
  author={Huang, Hanxun and Ma, Xingjun and Erfani, Sarah M and Bailey, James},
  booktitle={2021 International Joint Conference on Neural Networks (IJCNN)},
  pages={1--8},
  year={2021},
  organization={IEEE}
}

@article{kuo2021quantum,
  title={Quantum architecture search via deep reinforcement learning},
  author={Kuo, En-Jui and Fang, Yao-Lung L and Chen, Samuel Yen-Chi},
  journal={arXiv preprint arXiv:2104.07715},
  year={2021}
}

@article{li2017approximate,
  title={Approximate quantum adders with genetic algorithms: an IBM quantum experience},
  author={Li, Rui and Alvarez-Rodriguez, Unai and Lamata, Lucas and Solano, Enrique},
  journal={Quantum Measurements and Quantum Metrology},
  volume={4},
  number={1},
  pages={1--7},
  year={2017},
  publisher={De Gruyter Open}
}

@article{liu2018darts,
  title={DARTS: Differentiable Architecture Search},
  author={Hanxiao Liu and Karen Simonyan and Yiming Yang},
  journal={ArXiv},
  year={2018},
  volume={abs/1806.09055},
  url={https://api.semanticscholar.org/CorpusID:49411844}
}

@article{lourens2023hierarchical,
  title={Hierarchical quantum circuit representations for neural architecture search},
  author={Lourens, Matt and Sinayskiy, Ilya and Park, Daniel K and Blank, Carsten and Petruccione, Francesco},
  journal={npj Quantum Information},
  volume={9},
  number={1},
  pages={79},
  year={2023},
  publisher={Nature Publishing Group UK London}
}

@article{meng2021quantum,
  title={{Quantum circuit architecture optimization for variational quantum eigensolver via Monto Carlo Tree Search}},
  author={Meng, Fan-Xu and Li, Ze-Tong and Yu, Xu-Tao and Zhang, Zai-Chen},
  journal={IEEE Transactions on Quantum Engineering},
  volume={2},
  pages={1--10},
  year={2021},
  publisher={IEEE}
}

@article{niu2019universal,
  title={Universal quantum control through deep reinforcement learning},
  author={Niu, Murphy Yuezhen and Boixo, Sergio and Smelyanskiy, Vadim N and Neven, Hartmut},
  journal={npj Quantum Information},
  volume={5},
  number={1},
  pages={33},
  year={2019},
  publisher={Nature Publishing Group UK London}
}

@article{ostaszewski2021reinforcement,
  title={Reinforcement learning for optimization of variational quantum circuit architectures},
  author={Ostaszewski, Mateusz and Trenkwalder, Lea M and Masarczyk, Wojciech and Scerri, Eleanor and Dunjko, Vedran},
  journal={Advances in Neural Information Processing Systems},
  volume={34},
  pages={18182--18194},
  year={2021}
}

@article{patel2024curriculum,
  title={Curriculum reinforcement learning for quantum architecture search under hardware errors},
  author={Patel, Yash J and Kundu, Akash and Ostaszewski, Mateusz and Bonet-Monroig, Xavier and Dunjko, Vedran and Danaci, Onur},
  journal={arXiv preprint arXiv:2402.03500},
  year={2024}
}

@inproceedings{pham2018efficient,
  title={Efficient neural architecture search via parameters sharing},
  author={Pham, Hieu and Guan, Melody and Zoph, Barret and Le, Quoc and Dean, Jeff},
  booktitle={International conference on machine learning},
  pages={4095--4104},
  year={2018},
  organization={PMLR}
}

@article{wang,
  title={{Automated quantum circuit design with Nested Monte Carlo Tree Search}},
  author={Wang, Peiyong and Usman, Muhammad and Parampalli, Udaya and Hollenberg, Lloyd CL and Myers, Casey R},
  journal={IEEE Transactions on Quantum Engineering},
  year={2023},
  publisher={IEEE}
}

@inproceedings{wang2020neural,
  title={Neural architecture search using deep neural networks and monte carlo tree search},
  author={Wang, Linnan and Zhao, Yiyang and Jinnai, Yuu and Tian, Yuandong and Fonseca, Rodrigo},
  booktitle={Proceedings of the AAAI Conference on Artificial Intelligence},
  volume={34},
  number={06},
  pages={9983--9991},
  year={2020}
}

@inproceedings{williams1998automated,
  title={Automated design of quantum circuits},
  author={Williams, Colin P. and Gray, Alexander G.},
  booktitle={NASA International Conference on Quantum Computing and Quantum Communications},
  pages={113--125},
  year={1998},
  organization={Springer}
}

@article{zhang2021neural,
  title={Neural predictor based quantum architecture search},
  author={Zhang, Shi-Xin and Hsieh, Chang-Yu and Zhang, Shengyu and Yao, Hong},
  journal={Machine Learning: Science and Technology},
  volume={2},
  number={4},
  pages={045027},
  year={2021},
  publisher={IOP Publishing}
}

@article{zhang2022differentiable,
  title={Differentiable quantum architecture search},
  author={Zhang, Shi-Xin and Hsieh, Chang-Yu and Zhang, Shengyu and Yao, Hong},
  journal={Quantum Science and Technology},
  volume={7},
  number={4},
  pages={045023},
  year={2022},
  publisher={IOP Publishing}
}

@article{zhang2023evolutionary,
  title={Evolutionary-based searching method for quantum circuit architecture},
  author={Zhang, Anqi and Zhao, Shengmei},
  journal={Quantum Information Processing},
  volume={22},
  number={7},
  pages={283},
  year={2023},
  publisher={Springer}
}

