@inproceedings{langley00,
 author    = {P. Langley},
 title     = {Crafting Papers on Machine Learning},
 year      = {2000},
 pages     = {1207--1216},
 editor    = {Pat Langley},
 booktitle     = {Proceedings of the 17th International Conference
              on Machine Learning (ICML 2000)},
 address   = {Stanford, CA},
 publisher = {Morgan Kaufmann}
}

@TechReport{mitchell80,
  author = 	 "T. M. Mitchell",
  title = 	 "The Need for Biases in Learning Generalizations",
  institution =  "Computer Science Department, Rutgers University",
  year = 	 "1980",
  address =	 "New Brunswick, MA",
}

@phdthesis{kearns89,
  author = {M. J. Kearns},
  title =  {Computational Complexity of Machine Learning},
  school = {Department of Computer Science, Harvard University},
  year =   {1989}
}

@Book{MachineLearningI,
  editor = 	 "R. S. Michalski and J. G. Carbonell and T.
		  M. Mitchell",
  title = 	 "Machine Learning: An Artificial Intelligence
		  Approach, Vol. I",
  publisher = 	 "Tioga",
  year = 	 "1983",
  address =	 "Palo Alto, CA"
}

@Book{DudaHart2nd,
  author =       "R. O. Duda and P. E. Hart and D. G. Stork",
  title =        "Pattern Classification",
  publisher =    "John Wiley and Sons",
  edition =      "2nd",
  year =         "2000"
}

@misc{anonymous,
  title= {Suppressed for Anonymity},
  author= {Author, N. N.},
  year= {2021}
}

@InCollection{Newell81,
  author =       "A. Newell and P. S. Rosenbloom",
  title =        "Mechanisms of Skill Acquisition and the Law of
                  Practice", 
  booktitle =    "Cognitive Skills and Their Acquisition",
  pages =        "1--51",
  publisher =    "Lawrence Erlbaum Associates, Inc.",
  year =         "1981",
  editor =       "J. R. Anderson",
  chapter =      "1",
  address =      "Hillsdale, NJ"
}


@Article{Samuel59,
  author = 	 "A. L. Samuel",
  title = 	 "Some Studies in Machine Learning Using the Game of
		  Checkers",
  journal =	 "IBM Journal of Research and Development",
  year =	 "1959",
  volume =	 "3",
  number =	 "3",
  pages =	 "211--229"
}

@article{achiam2023gpt,
  title={Gpt-4 technical report},
  author={Achiam, Josh and Adler, Steven and Agarwal, Sandhini and Ahmad, Lama and Akkaya, Ilge and Aleman, Florencia Leoni and Almeida, Diogo and Altenschmidt, Janko and Altman, Sam and Anadkat, Shyamal and others},
  journal={arXiv preprint arXiv:2303.08774},
  year={2023}
}

@article{bubeck2023sparks,
  title={Sparks of artificial general intelligence: Early experiments with gpt-4},
  author={Bubeck, S{\'e}bastien and Chandrasekaran, Varun and Eldan, Ronen and Gehrke, Johannes and Horvitz, Eric and Kamar, Ece and Lee, Peter and Lee, Yin Tat and Li, Yuanzhi and Lundberg, Scott and others},
  journal={arXiv preprint arXiv:2303.12712},
  year={2023}
}

@article{stiennon2020learning,
  title={Learning to summarize with human feedback},
  author={Stiennon, Nisan and Ouyang, Long and Wu, Jeffrey and Ziegler, Daniel and Lowe, Ryan and Voss, Chelsea and Radford, Alec and Amodei, Dario and Christiano, Paul F},
  journal={Advances in Neural Information Processing Systems},
  volume={33},
  pages={3008--3021},
  year={2020}
}
@inproceedings{gao2023pal,
  title={Pal: Program-aided language models},
  author={Gao, Luyu and Madaan, Aman and Zhou, Shuyan and Alon, Uri and Liu, Pengfei and Yang, Yiming and Callan, Jamie and Neubig, Graham},
  booktitle={International Conference on Machine Learning},
  pages={10764--10799},
  year={2023},
  organization={PMLR}
}
@article{ouyang2022training,
  title={Training language models to follow instructions with human feedback},
  author={Ouyang, Long and Wu, Jeffrey and Jiang, Xu and Almeida, Diogo and Wainwright, Carroll and Mishkin, Pamela and Zhang, Chong and Agarwal, Sandhini and Slama, Katarina and Ray, Alex and others},
  journal={Advances in neural information processing systems},
  volume={35},
  pages={27730--27744},
  year={2022}
}
@article{christiano2017deep,
  title={Deep reinforcement learning from human preferences},
  author={Christiano, Paul F and Leike, Jan and Brown, Tom and Martic, Miljan and Legg, Shane and Amodei, Dario},
  journal={Advances in neural information processing systems},
  volume={30},
  year={2017}
}
@inproceedings{song2024preference,
  title={Preference ranking optimization for human alignment},
  author={Song, Feifan and Yu, Bowen and Li, Minghao and Yu, Haiyang and Huang, Fei and Li, Yongbin and Wang, Houfeng},
  booktitle={Proceedings of the AAAI Conference on Artificial Intelligence},
  volume={38},
  number={17},
  pages={18990--18998},
  year={2024}
}
@article{bai2022constitutional,
  title={Constitutional ai: Harmlessness from ai feedback},
  author={Bai, Yuntao and Kadavath, Saurav and Kundu, Sandipan and Askell, Amanda and Kernion, Jackson and Jones, Andy and Chen, Anna and Goldie, Anna and Mirhoseini, Azalia and McKinnon, Cameron and others},
  journal={arXiv preprint arXiv:2212.08073},
  year={2022}
}
@article{bai2022training,
  title={Training a helpful and harmless assistant with reinforcement learning from human feedback},
  author={Bai, Yuntao and Jones, Andy and Ndousse, Kamal and Askell, Amanda and Chen, Anna and DasSarma, Nova and Drain, Dawn and Fort, Stanislav and Ganguli, Deep and Henighan, Tom and others},
  journal={arXiv preprint arXiv:2204.05862},
  year={2022}
}
@article{ganguli2022red,
  title={Red teaming language models to reduce harms: Methods, scaling behaviors, and lessons learned},
  author={Ganguli, Deep and Lovitt, Liane and Kernion, Jackson and Askell, Amanda and Bai, Yuntao and Kadavath, Saurav and Mann, Ben and Perez, Ethan and Schiefer, Nicholas and Ndousse, Kamal and others},
  journal={arXiv preprint arXiv:2209.07858},
  year={2022}
}
@article{schulman2017proximal,
  title={Proximal policy optimization algorithms},
  author={Schulman, John and Wolski, Filip and Dhariwal, Prafulla and Radford, Alec and Klimov, Oleg},
  journal={arXiv preprint arXiv:1707.06347},
  year={2017}
}
@article{huang2024n+,
  title={The N+ Implementation Details of RLHF with PPO: A Case Study on TL; DR Summarization},
  author={Huang, Shengyi and Noukhovitch, Michael and Hosseini, Arian and Rasul, Kashif and Wang, Weixun and Tunstall, Lewis},
  journal={arXiv preprint arXiv:2403.17031},
  year={2024}
}
@misc{vonwerra2022trl,
  author = {Leandro von Werra and Younes Belkada and Lewis Tunstall and Edward Beeching and Tristan Thrush and Nathan Lambert and Shengyi Huang and Kashif Rasul and Quentin Gallou√©dec},
  title = {TRL: Transformer Reinforcement Learning},
  year = {2020},
  publisher = {GitHub},
  journal = {GitHub repository},
  howpublished = {\url{https://github.com/huggingface/trl}}
}
@article{ziegler2019fine,
  title={Fine-tuning language models from human preferences},
  author={Ziegler, Daniel M and Stiennon, Nisan and Wu, Jeffrey and Brown, Tom B and Radford, Alec and Amodei, Dario and Christiano, Paul and Irving, Geoffrey},
  journal={arXiv preprint arXiv:1909.08593},
  year={2019}
}
@article{wang2024secrets,
  title={Secrets of rlhf in large language models part ii: Reward modeling},
  author={Wang, Binghai and Zheng, Rui and Chen, Lu and Liu, Yan and Dou, Shihan and Huang, Caishuang and Shen, Wei and Jin, Senjie and Zhou, Enyu and Shi, Chenyu and others},
  journal={arXiv preprint arXiv:2401.06080},
  year={2024}
}
@article{yao2023deepspeed,
  title={Deepspeed-chat: Easy, fast and affordable rlhf training of chatgpt-like models at all scales},
  author={Yao, Zhewei and Aminabadi, Reza Yazdani and Ruwase, Olatunji and Rajbhandari, Samyam and Wu, Xiaoxia and Awan, Ammar Ahmad and Rasley, Jeff and Zhang, Minjia and Li, Conglong and Holmes, Connor and others},
  journal={arXiv preprint arXiv:2308.01320},
  year={2023}
}
@inproceedings{huang2024n,
  title={The n implementation details of rlhf with ppo},
  author={Huang, Shengyi and Liu, Tianlin and Von Werra, Leandro},
  booktitle={The Third Blogpost Track at ICLR 2024},
  year={2024}
}
@article{moskovitz2023confronting,
  title={Confronting reward model overoptimization with constrained rlhf},
  author={Moskovitz, Ted and Singh, Aaditya K and Strouse, DJ and Sandholm, Tuomas and Salakhutdinov, Ruslan and Dragan, Anca D and McAleer, Stephen},
  journal={arXiv preprint arXiv:2310.04373},
  year={2023}
}
@article{xu2024dpo,
  title={Is dpo superior to ppo for llm alignment? a comprehensive study},
  author={Xu, Shusheng and Fu, Wei and Gao, Jiaxuan and Ye, Wenjie and Liu, Weilin and Mei, Zhiyu and Wang, Guangju and Yu, Chao and Wu, Yi},
  journal={arXiv preprint arXiv:2404.10719},
  year={2024}
}
@article{rafailov2024direct,
  title={Direct preference optimization: Your language model is secretly a reward model},
  author={Rafailov, Rafael and Sharma, Archit and Mitchell, Eric and Manning, Christopher D and Ermon, Stefano and Finn, Chelsea},
  journal={Advances in Neural Information Processing Systems},
  volume={36},
  year={2024}
}
@article{li2023remax,
  title={Remax: A simple, effective, and efficient method for aligning large language models},
  author={Li, Ziniu and Xu, Tian and Zhang, Yushun and Yu, Yang and Sun, Ruoyu and Luo, Zhi-Quan},
  journal={arXiv preprint arXiv:2310.10505},
  year={2023}
}
@article{shao2024deepseekmath,
  title={Deepseekmath: Pushing the limits of mathematical reasoning in open language models},
  author={Shao, Zhihong and Wang, Peiyi and Zhu, Qihao and Xu, Runxin and Song, Junxiao and Bi, Xiao and Zhang, Haowei and Zhang, Mingchuan and Li, YK and Wu, Y and others},
  journal={arXiv preprint arXiv:2402.03300},
  year={2024}
}
@article{hu2025reinforce++,
  title={REINFORCE++: A Simple and Efficient Approach for Aligning Large Language Models},
  author={Hu, Jian},
  journal={arXiv preprint arXiv:2501.03262},
  year={2025}
}
@article{ahmadian2024back,
  title={Back to basics: Revisiting reinforce style optimization for learning from human feedback in llms},
  author={Ahmadian, Arash and Cremer, Chris and Gall{\'e}, Matthias and Fadaee, Marzieh and Kreutzer, Julia and Pietquin, Olivier and {\"U}st{\"u}n, Ahmet and Hooker, Sara},
  journal={arXiv preprint arXiv:2402.14740},
  year={2024}
}
@article{gunter2024apple,
  title={Apple intelligence foundation language models},
  author={Gunter, Tom and Wang, Zirui and Wang, Chong and Pang, Ruoming and Narayanan, Andy and Zhang, Aonan and Zhang, Bowen and Chen, Chen and Chiu, Chung-Cheng and Qiu, David and others},
  journal={arXiv preprint arXiv:2407.21075},
  year={2024}
}
@article{zheng2023judging,
  title={Judging llm-as-a-judge with mt-bench and chatbot arena},
  author={Zheng, Lianmin and Chiang, Wei-Lin and Sheng, Ying and Zhuang, Siyuan and Wu, Zhanghao and Zhuang, Yonghao and Lin, Zi and Li, Zhuohan and Li, Dacheng and Xing, Eric and others},
  journal={Advances in Neural Information Processing Systems},
  volume={36},
  pages={46595--46623},
  year={2023}
}
@article{dubois2024length,
  title={Length-Controlled AlpacaEval: A Simple Way to Debias Automatic Evaluators},
  author={Dubois, Yann and Galambosi, Bal{\'a}zs and Liang, Percy and Hashimoto, Tatsunori B},
  journal={arXiv preprint arXiv:2404.04475},
  year={2024}
}
@article{li2024crowdsourced,
  title={From Crowdsourced Data to High-Quality Benchmarks: Arena-Hard and BenchBuilder Pipeline},
  author={Li, Tianle and Chiang, Wei-Lin and Frick, Evan and Dunlap, Lisa and Wu, Tianhao and Zhu, Banghua and Gonzalez, Joseph E and Stoica, Ion},
  journal={arXiv preprint arXiv:2406.11939},
  year={2024}
}
@article{ramamurthy2022reinforcement,
  title={Is reinforcement learning (not) for natural language processing: Benchmarks, baselines, and building blocks for natural language policy optimization},
  author={Ramamurthy, Rajkumar and Ammanabrolu, Prithviraj and Brantley, Kiant{\'e} and Hessel, Jack and Sifa, Rafet and Bauckhage, Christian and Hajishirzi, Hannaneh and Choi, Yejin},
  journal={arXiv preprint arXiv:2210.01241},
  year={2022}
}
@article{wu2023pairwise,
  title={Pairwise proximal policy optimization: Harnessing relative feedback for llm alignment},
  author={Wu, Tianhao and Zhu, Banghua and Zhang, Ruoyu and Wen, Zhaojin and Ramchandran, Kannan and Jiao, Jiantao},
  journal={arXiv preprint arXiv:2310.00212},
  year={2023}
}
@article{sutton2018reinforcement,
  title={Reinforcement learning: An introduction},
  author={Sutton, Richard S},
  journal={A Bradford Book},
  year={2018}
}
@inproceedings{gao2023scaling,
  title={Scaling laws for reward model overoptimization},
  author={Gao, Leo and Schulman, John and Hilton, Jacob},
  booktitle={International Conference on Machine Learning},
  pages={10835--10866},
  year={2023},
  organization={PMLR}
}
@article{hu2024openrlhf,
  title={OpenRLHF: An Easy-to-use, Scalable and High-performance RLHF Framework},
  author={Hu, Jian and Wu, Xibin and Wang, Weixun and Zhang, Dehao and Cao, Yu and others},
  journal={arXiv preprint arXiv:2405.11143},
  year={2024}
}
@article{meng2024simpo,
  title={Simpo: Simple preference optimization with a reference-free reward},
  author={Meng, Yu and Xia, Mengzhou and Chen, Danqi},
  journal={arXiv preprint arXiv:2405.14734},
  year={2024}
}
@article{ethayarajh2024kto,
  title={Kto: Model alignment as prospect theoretic optimization},
  author={Ethayarajh, Kawin and Xu, Winnie and Muennighoff, Niklas and Jurafsky, Dan and Kiela, Douwe},
  journal={arXiv preprint arXiv:2402.01306},
  year={2024}
}
@inproceedings{hong2024orpo,
  title={Orpo: Monolithic preference optimization without reference model},
  author={Hong, Jiwoo and Lee, Noah and Thorne, James},
  booktitle={Proceedings of the 2024 Conference on Empirical Methods in Natural Language Processing},
  pages={11170--11189},
  year={2024}
}
@article{han2024value,
  title={Value Augmented Sampling for Language Model Alignment and Personalization},
  author={Han, Seungwook and Shenfeld, Idan and Srivastava, Akash and Kim, Yoon and Agrawal, Pulkit},
  journal={arXiv preprint arXiv:2405.06639},
  year={2024}
}
@article{kong2024aligning,
  title={Aligning Large Language Models with Representation Editing: A Control Perspective},
  author={Kong, Lingkai and Wang, Haorui and Mu, Wenhao and Du, Yuanqi and Zhuang, Yuchen and Zhou, Yifei and Song, Yue and Zhang, Rongzhi and Wang, Kai and Zhang, Chao},
  journal={arXiv preprint arXiv:2406.05954},
  year={2024}
}
@article{mao2024don,
  title={Don't Forget Your Reward Values: Language Model Alignment via Value-based Calibration},
  author={Mao, Xin and Li, Feng-Lin and Xu, Huimin and Zhang, Wei and Luu, Anh Tuan},
  journal={arXiv preprint arXiv:2402.16030},
  year={2024}
}
@article{noukhovitch2024language,
  title={Language model alignment with elastic reset},
  author={Noukhovitch, Michael and Lavoie, Samuel and Strub, Florian and Courville, Aaron C},
  journal={Advances in Neural Information Processing Systems},
  volume={36},
  year={2024}
}
@article{huang2024self,
  title={Self-Evolved Reward Learning for LLMs},
  author={Huang, Chenghua and Fan, Zhizhen and Wang, Lu and Yang, Fangkai and Zhao, Pu and Lin, Zeqi and Lin, Qingwei and Zhang, Dongmei and Rajmohan, Saravan and Zhang, Qi},
  journal={arXiv preprint arXiv:2411.00418},
  year={2024}
}
@article{dubey2024llama,
  title={The llama 3 herd of models},
  author={Dubey, Abhimanyu and Jauhri, Abhinav and Pandey, Abhinav and Kadian, Abhishek and Al-Dahle, Ahmad and Letman, Aiesha and Mathur, Akhil and Schelten, Alan and Yang, Amy and Fan, Angela and others},
  journal={arXiv preprint arXiv:2407.21783},
  year={2024}
}
@article{cui2023ultrafeedback,
  title={Ultrafeedback: Boosting language models with high-quality feedback},
  author={Cui, Ganqu and Yuan, Lifan and Ding, Ning and Yao, Guanming and Zhu, Wei and Ni, Yuan and Xie, Guotong and Liu, Zhiyuan and Sun, Maosong},
  year={2023}
}
@article{jiang2023mistral,
  title={Mistral 7B},
  author={Jiang, Albert Q and Sablayrolles, Alexandre and Mensch, Arthur and Bamford, Chris and Chaplot, Devendra Singh and Casas, Diego de las and Bressand, Florian and Lengyel, Gianna and Lample, Guillaume and Saulnier, Lucile and others},
  journal={arXiv preprint arXiv:2310.06825},
  year={2023}
}
@inproceedings{azar2024general,
  title={A general theoretical paradigm to understand learning from human preferences},
  author={Azar, Mohammad Gheshlaghi and Guo, Zhaohan Daniel and Piot, Bilal and Munos, Remi and Rowland, Mark and Valko, Michal and Calandriello, Daniele},
  booktitle={International Conference on Artificial Intelligence and Statistics},
  pages={4447--4455},
  year={2024},
  organization={PMLR}
}
@article{zhao2023slic,
  title={Slic-hf: Sequence likelihood calibration with human feedback},
  author={Zhao, Yao and Joshi, Rishabh and Liu, Tianqi and Khalman, Misha and Saleh, Mohammad and Liu, Peter J},
  journal={arXiv preprint arXiv:2305.10425},
  year={2023}
}
@article{park2024disentangling,
  title={Disentangling length from quality in direct preference optimization},
  author={Park, Ryan and Rafailov, Rafael and Ermon, Stefano and Finn, Chelsea},
  journal={arXiv preprint arXiv:2403.19159},
  year={2024}
}




