@article{arora2018linear,
  title={Linear algebraic structure of word senses, with applications to polysemy},
  author={Arora, Sanjeev and Li, Yuanzhi and Liang, Yingyu and Ma, Tengyu and Risteski, Andrej},
  journal={Transactions of the Association for Computational Linguistics},
  volume={6},
  pages={483--495},
  year={2018},
  publisher={MIT Press One Rogers Street, Cambridge, MA 02142-1209, USA journals-info~…}
}

@article{belinkov2018evaluating,
  title={Evaluating layers of representation in neural machine translation on part-of-speech and semantic tagging tasks},
  author={Belinkov, Yonatan and M{\`a}rquez, Llu{\'\i}s and Sajjad, Hassan and Durrani, Nadir and Dalvi, Fahim and Glass, James},
  journal={arXiv preprint arXiv:1801.07772},
  year={2018}
}

@article{brickentowards,
       title={Towards Monosemanticity: Decomposing Language Models With Dictionary Learning},
       author={Bricken, Trenton and Templeton, Adly and Batson, Joshua and Chen, Brian and Jermyn, Adam and Conerly, Tom and Turner, Nick and Anil, Cem and Denison, Carson and Askell, Amanda and Lasenby, Robert and Wu, Yifan and Kravec, Shauna and Schiefer, Nicholas and Maxwell, Tim and Joseph, Nicholas and Hatfield-Dodds, Zac and Tamkin, Alex and Nguyen, Karina and McLean, Brayden and Burke, Josiah E and Hume, Tristan and Carter, Shan and Henighan, Tom and Olah, Christopher},
       year={2023},
       journal={Transformer Circuits Thread},
       note={https://transformer-circuits.pub/2023/monosemantic-features/index.html}
    }

@article{cunningham2023sparse,
  title={Sparse autoencoders find highly interpretable features in language models},
  author={Cunningham, Hoagy and Ewart, Aidan and Riggs, Logan and Huben, Robert and Sharkey, Lee},
  journal={arXiv preprint arXiv:2309.08600},
  year={2023}
}

@inproceedings{dumas2024llamas,
  title={How do Llamas process multilingual text? A latent exploration through activation patching},
  author={Dumas, Cl{\'e}ment and Veselovsky, Veniamin and Monea, Giovanni and West, Robert and Wendler, Chris},
  booktitle={ICML 2024 Workshop on Mechanistic Interpretability}
}

@article{elhage2022toy,
  title={Toy models of superposition},
  author={Elhage, Nelson and Hume, Tristan and Olsson, Catherine and Schiefer, Nicholas and Henighan, Tom and Kravec, Shauna and Hatfield-Dodds, Zac and Lasenby, Robert and Drain, Dawn and Chen, Carol and others},
  journal={arXiv preprint arXiv:2209.10652},
  year={2022}
}

@article{gao2024scaling,
  title={Scaling and evaluating sparse autoencoders},
  author={Gao, Leo and la Tour, Tom Dupr{\'e} and Tillman, Henk and Goh, Gabriel and Troll, Rajan and Radford, Alec and Sutskever, Ilya and Leike, Jan and Wu, Jeffrey},
  journal={arXiv preprint arXiv:2406.04093},
  year={2024}
}

@article{hoerl1970ridge,
  title={Ridge regression: Biased estimation for nonorthogonal problems},
  author={Hoerl, Arthur E and Kennard, Robert W},
  journal={Technometrics},
  volume={12},
  number={1},
  pages={55--67},
  year={1970},
  publisher={Taylor \& Francis}
}

@inproceedings{jawahar2019does,
  title={What does BERT learn about the structure of language?},
  author={Jawahar, Ganesh and Sagot, Beno{\^\i}t and Seddah, Djam{\'e}},
  booktitle={ACL 2019-57th Annual Meeting of the Association for Computational Linguistics},
  year={2019}
}

@article{lieberum2024gemma,
  title={Gemma scope: Open sparse autoencoders everywhere all at once on gemma 2},
  author={Lieberum, Tom and Rajamanoharan, Senthooran and Conmy, Arthur and Smith, Lewis and Sonnerat, Nicolas and Varma, Vikrant and Kram{\'a}r, J{\'a}nos and Dragan, Anca and Shah, Rohin and Nanda, Neel},
  journal={arXiv preprint arXiv:2408.05147},
  year={2024}
}

@article{marks2024sparse,
  title={Sparse feature circuits: Discovering and editing interpretable causal graphs in language models},
  author={Marks, Samuel and Rager, Can and Michaud, Eric J and Belinkov, Yonatan and Bau, David and Mueller, Aaron},
  journal={arXiv preprint arXiv:2403.19647},
  year={2024}
}

@article{olah2020zoom,
  title={Zoom in: An introduction to circuits},
  author={Olah, Chris and Cammarata, Nick and Schubert, Ludwig and Goh, Gabriel and Petrov, Michael and Carter, Shan},
  journal={Distill},
  volume={5},
  number={3},
  pages={e00024--001},
  year={2020}
}

@article{rogers2021primer,
  title={A primer in BERTology: What we know about how BERT works},
  author={Rogers, Anna and Kovaleva, Olga and Rumshisky, Anna},
  journal={Transactions of the Association for Computational Linguistics},
  volume={8},
  pages={842--866},
  year={2021},
  publisher={MIT Press One Rogers Street, Cambridge, MA 02142-1209, USA journals-info~…}
}

@inproceedings{ross2017focal,
  title={Focal loss for dense object detection},
  author={Ross, T-YLPG and Doll{\'a}r, GKHP},
  booktitle={proceedings of the IEEE conference on computer vision and pattern recognition},
  pages={2980--2988},
  year={2017}
}

@article{srivastava2014dropout,
  title={Dropout: a simple way to prevent neural networks from overfitting},
  author={Srivastava, Nitish and Hinton, Geoffrey and Krizhevsky, Alex and Sutskever, Ilya and Salakhutdinov, Ruslan},
  journal={The journal of machine learning research},
  volume={15},
  number={1},
  pages={1929--1958},
  year={2014},
  publisher={JMLR. org}
}

@article{templeton2024scaling,
       title={Scaling Monosemanticity: Extracting Interpretable Features from Claude 3 Sonnet},
       author={Templeton, Adly and Conerly, Tom and Marcus, Jonathan and Lindsey, Jack and Bricken, Trenton and Chen, Brian and Pearce, Adam and Citro, Craig and Ameisen, Emmanuel and Jones, Andy and Cunningham, Hoagy and Turner, Nicholas L and McDougall, Callum and MacDiarmid, Monte and Freeman, C. Daniel and Sumers, Theodore R. and Rees, Edward and Batson, Joshua and Jermyn, Adam and Carter, Shan and Olah, Chris and Henighan, Tom},
       year={2024},
       journal={Transformer Circuits Thread},
       url={https://transformer-circuits.pub/2024/scaling-monosemanticity/index.html}
    }

@article{wang2023label,
  title={Label Words are Anchors: An Information Flow Perspective for Understanding In-Context Learning},
  author={Wang, Lean and Li, Lei and Dai, Damai and Chen, Deli and Zhou, Hao and Meng, Fandong and Zhou, Jie and Sun, Xu},
  journal={arXiv arXiv:2305.14160},
  year={2023}
}

@article{yoshida2017spectral,
  title={Spectral norm regularization for improving the generalizability of deep learning},
  author={Yoshida, Yuichi and Miyato, Takeru},
  journal={arXiv preprint arXiv:1705.10941},
  year={2017}
}

