@article{chen2024f5,
  title={F5-tts: A fairytaler that fakes fluent and faithful speech with flow matching},
  author={Chen, Yushen and Niu, Zhikang and Ma, Ziyang and Deng, Keqi and Wang, Chunhui and Zhao, Jian and Yu, Kai and Chen, Xie},
  journal={arXiv preprint arXiv:2410.06885},
  year={2024}
}

@article{chen2024valle2,
  title={{VALL-E} 2: Neural Codec Language Models are Human Parity Zero-Shot Text to Speech Synthesizers},
  author={Chen, Sanyuan and Liu, Shujie and Zhou, Long and Liu, Yanqing and Tan, Xu and Li, Jinyu and Zhao, Sheng and Qian, Yao and Wei, Furu},
  journal={arXiv preprint arXiv:2406.05370},
  year={2024}
}

@article{du2024cosyvoice,
  title={Cosyvoice: A scalable multilingual zero-shot text-to-speech synthesizer based on supervised semantic tokens},
  author={Du, Zhihao and Chen, Qian and Zhang, Shiliang and Hu, Kai and Lu, Heng and Yang, Yexin and Hu, Hangrui and Zheng, Siqi and Gu, Yue and Ma, Ziyang and others},
  journal={arXiv preprint arXiv:2407.05407},
  year={2024}
}

@article{han2024valler,
  title={{VALL-E R}: Robust and Efficient Zero-Shot Text-to-Speech Synthesis via Monotonic Alignment},
  author={Han, Bing and Zhou, Long and Liu, Shujie and Chen, Sanyuan and Meng, Lingwei and Qian, Yanming and Liu, Yanqing and Zhao, Sheng and Li, Jinyu and Wei, Furu},
  journal={arXiv preprint arXiv:2406.07855},
  year={2024}
}

@inproceedings{junaturalspeech,
  title={NaturalSpeech 3: Zero-Shot Speech Synthesis with Factorized Codec and Diffusion Models},
  author={Ju, Zeqian and Wang, Yuancheng and Shen, Kai and Tan, Xu and Xin, Detai and Yang, Dongchao and Liu, Eric and Leng, Yichong and Song, Kaitao and Tang, Siliang and others},
  booktitle={Forty-first International Conference on Machine Learning},
  year={2024}

}

@article{kharitonov2023speak,
  title={Speak, read and prompt: High-fidelity text-to-speech with minimal supervision},
  author={Kharitonov, Eugene and Vincent, Damien and Borsos, Zal{\'a}n and Marinier, Rapha{\"e}l and Girgin, Sertan and Pietquin, Olivier and Sharifi, Matt and Tagliasacchi, Marco and Zeghidour, Neil},
  journal={Transactions of the Association for Computational Linguistics},
  volume={11},
  pages={1703--1718},
  year={2023},
  publisher={MIT Press One Broadway, 12th Floor, Cambridge, Massachusetts 02142, USA~â€¦}
}

@article{lipman2022flow,
  title={Flow matching for generative modeling},
  author={Lipman, Yaron and Chen, Ricky TQ and Ben-Hamu, Heli and Nickel, Maximilian and Le, Matt},
  journal={arXiv preprint arXiv:2210.02747},
  year={2022}
}

@article{meng2024autoregressive,
  title={Autoregressive speech synthesis without vector quantization},
  author={Meng, Lingwei and Zhou, Long and Liu, Shujie and others},
  journal={arXiv preprint arXiv:2407.08551},
  year={2024}
}

@article{song2024ellav,
  title={{ELLA-V}: Stable Neural Codec Language Modeling with Alignment-guided Sequence Reordering},
  author={Song, Yakun and Chen, Zhuo and Wang, Xiaofei and Ma, Ziyang and Chen, Xie},
  journal={arXiv preprint arXiv:2401.07333},
  year={2024}
}

@article{turetzky2024continuous,
  title={Continuous Speech Synthesis using per-token Latent Diffusion},
  author={Turetzky, Arnon and Shabtay, Nimrod and Shechtman, Slava and Aronowitz, Hagai and Haws, David and Hoory, Ron and Dekel, Avihu},
  journal={arXiv preprint arXiv:2410.16048},
  year={2024}
}

@ARTICLE{wang2023valle,
  author={Chen, Sanyuan and Wang, Chengyi and Wu, Yu and Zhang, Ziqiang and Zhou, Long and Liu, Shujie and Chen, Zhuo and Liu, Yanqing and Wang, Huaming and Li, Jinyu and He, Lei and Zhao, Sheng and Wei, Furu},
  journal={IEEE Transactions on Audio, Speech and Language Processing}, 
  title={Neural Codec Language Models are Zero-Shot Text to Speech Synthesizers}, 
  year={2025},
  volume={},
  number={},
  pages={1-15},
  keywords={Codes;Codecs;Data models;Acoustics;Speech coding;Training data;Recording;Speech recognition;Decoding;Vocoders;Zero-shot Text to Speech Synthesis;Speech Generation;Voice Cloning;Language Modeling;Pre-Training;In-Context Learning},
  doi={10.1109/TASLPRO.2025.3530270}}

@article{xin2024ralle,
  title={{RALL-E}: Robust Codec Language Modeling with Chain-of-Thought Prompting for Text-to-Speech Synthesis},
  author={Xin, Detai and Tan, Xu and Shen, Kai and Ju, Zeqian and Yang, Dongchao and Wang, Yuancheng and Takamichi, Shinnosuke and Saruwatari, Hiroshi and Liu, Shujie and Li, Jinyu and others},
  journal={arXiv preprint arXiv:2404.03204},
  year={2024}
}

@article{yang2024interleaved,
  title={Interleaved Speech-Text Language Models are Simple Streaming Text to Speech Synthesizers},
  author={Yang, Yifan and Ma, Ziyang and Liu, Shujie and Li, Jinyu and Wang, Hui and Meng, Lingwei and Sun, Haiyang and Liang, Yuzhe and Xu, Ruiyang and Hu, Yuxuan and others},
  journal={arXiv preprint arXiv:2412.16102},
  year={2024}
}

@article{zhang2023vallex,
  title={Speak foreign languages with your own voice: Cross-lingual neural codec language modeling},
  author={Zhang, Ziqiang and Zhou, Long and Wang, Chengyi and Chen, Sanyuan and Wu, Yu and Liu, Shujie and Chen, Zhuo and Liu, Yanqing and Wang, Huaming and Li, Jinyu and others},
  journal={arXiv preprint arXiv:2303.03926},
  year={2023}
}

@article{zhu2024autoregressive,
  title={Autoregressive Speech Synthesis with Next-Distribution Prediction},
  author={Zhu, Xinfa and Tian, Wenjie and Xie, Lei},
  journal={arXiv preprint arXiv:2412.16846},
  year={2024}
}

