
@ARTICLE{wang2023valle,
  author={Chen, Sanyuan and Wang, Chengyi and Wu, Yu and Zhang, Ziqiang and Zhou, Long and Liu, Shujie and Chen, Zhuo and Liu, Yanqing and Wang, Huaming and Li, Jinyu and He, Lei and Zhao, Sheng and Wei, Furu},
  journal={IEEE Transactions on Audio, Speech and Language Processing}, 
  title={Neural Codec Language Models are Zero-Shot Text to Speech Synthesizers}, 
  year={2025},
  volume={},
  number={},
  pages={1-15},
  keywords={Codes;Codecs;Data models;Acoustics;Speech coding;Training data;Recording;Speech recognition;Decoding;Vocoders;Zero-shot Text to Speech Synthesis;Speech Generation;Voice Cloning;Language Modeling;Pre-Training;In-Context Learning},
  doi={10.1109/TASLPRO.2025.3530270}}

@article{meng2024autoregressive,
  title={Autoregressive speech synthesis without vector quantization},
  author={Meng, Lingwei and Zhou, Long and Liu, Shujie and others},
  journal={arXiv preprint arXiv:2407.08551},
  year={2024}
}

@inproceedings{panayotov2015librispeech,
  title={Librispeech: An {ASR} corpus based on public domain audio books},
  author={Panayotov, Vassil and Chen, Guoguo and Povey, Daniel and others},
  booktitle={ICASSP},
  year={2015},
}

@article{chen2022wavlm,
  title={{WavLM}: Large-scale self-supervised pre-training for full stack speech processing},
  author={Chen, Sanyuan and Wang, Chengyi and Chen, Zhengyang and others},
  journal={IEEE Journal of Selected Topics in Signal Processing},
  volume={16},
  year={2022},
}

@article{hsu2021hubert,
  title={{HuBERT}: Self-supervised speech representation learning by masked prediction of hidden units},
  author={Wei Ning Hsu and Benjamin Bolte and Yao Hung Hubert Tsai and others},
  journal={IEEE/ACM Transactions on Audio, Speech, and Language Processing},
  volume={29},
  year={2021},
}

@inproceedings{gulati20conformer,
  author={Anmol Gulati and James Qin and Chung-Cheng Chiu and others},
  title={Conformer: Convolution-augmented Transformer for Speech Recognition},
  year={2020},
  booktitle={Proc. Interspeech},
}

@article{song2024ellav,
  title={{ELLA-V}: Stable Neural Codec Language Modeling with Alignment-guided Sequence Reordering},
  author={Song, Yakun and Chen, Zhuo and Wang, Xiaofei and Ma, Ziyang and Chen, Xie},
  journal={arXiv preprint arXiv:2401.07333},
  year={2024}
}

@article{han2024valler,
  title={{VALL-E R}: Robust and Efficient Zero-Shot Text-to-Speech Synthesis via Monotonic Alignment},
  author={Han, Bing and Zhou, Long and Liu, Shujie and Chen, Sanyuan and Meng, Lingwei and Qian, Yanming and Liu, Yanqing and Zhao, Sheng and Li, Jinyu and Wei, Furu},
  journal={arXiv preprint arXiv:2406.07855},
  year={2024}
}

@article{xin2024ralle,
  title={{RALL-E}: Robust Codec Language Modeling with Chain-of-Thought Prompting for Text-to-Speech Synthesis},
  author={Xin, Detai and Tan, Xu and Shen, Kai and Ju, Zeqian and Yang, Dongchao and Wang, Yuancheng and Takamichi, Shinnosuke and Saruwatari, Hiroshi and Liu, Shujie and Li, Jinyu and others},
  journal={arXiv preprint arXiv:2404.03204},
  year={2024}
}

@article{chen2024valle2,
  title={{VALL-E} 2: Neural Codec Language Models are Human Parity Zero-Shot Text to Speech Synthesizers},
  author={Chen, Sanyuan and Liu, Shujie and Zhou, Long and Liu, Yanqing and Tan, Xu and Li, Jinyu and Zhao, Sheng and Qian, Yao and Wei, Furu},
  journal={arXiv preprint arXiv:2406.05370},
  year={2024}
}

@inproceedings{kim2024clamtts,
title={{CLaM-TTS}: Improving Neural Codec Language Model for Zero-Shot Text-to-Speech},
author={Jaehyeon Kim and Keon Lee and Seungjun Chung and Jaewoong Cho},
booktitle={The Twelfth International Conference on Learning Representations},
year={2024},
}

@inproceedings{casanova2022yourtts,
  title={{YourTTS}: Towards zero-shot multi-speaker {TTS} and zero-shot voice conversion for everyone},
  author={Casanova, Edresson and Weber, Julian and Shulby, Christopher D and Junior, Arnaldo Candido and G{\"o}lge, Eren and Ponti, Moacir A},
  booktitle={International Conference on Machine Learning},
  pages={2709--2720},
  year={2022},
}

@article{zhu2024autoregressive,
  title={Autoregressive Speech Synthesis with Next-Distribution Prediction},
  author={Zhu, Xinfa and Tian, Wenjie and Xie, Lei},
  journal={arXiv preprint arXiv:2412.16846},
  year={2024}
}

@article{sun2024multimodal,
  title={Multimodal Latent Language Modeling with Next-Token Diffusion},
  author={Sun, Yutao and Bao, Hangbo and Wang, Wenhui and Peng, Zhiliang and Dong, Li and Huang, Shaohan and Wang, Jianyong and Wei, Furu},
  journal={arXiv preprint arXiv:2412.08635},
  year={2024}
}

@article{turetzky2024continuous,
  title={Continuous Speech Synthesis using per-token Latent Diffusion},
  author={Turetzky, Arnon and Shabtay, Nimrod and Shechtman, Slava and Aronowitz, Hagai and Haws, David and Hoory, Ron and Dekel, Avihu},
  journal={arXiv preprint arXiv:2410.16048},
  year={2024}
}

@article{li2024autoregressive,
  title={Autoregressive Image Generation without Vector Quantization},
  author={Li, Tianhong and Tian, Yonglong and Li, He and Deng, Mingyang and He, Kaiming},
  journal={arXiv preprint arXiv:2406.11838},
  year={2024}
}

@inproceedings{junaturalspeech,
  title={NaturalSpeech 3: Zero-Shot Speech Synthesis with Factorized Codec and Diffusion Models},
  author={Ju, Zeqian and Wang, Yuancheng and Shen, Kai and Tan, Xu and Xin, Detai and Yang, Dongchao and Liu, Eric and Leng, Yichong and Song, Kaitao and Tang, Siliang and others},
  booktitle={Forty-first International Conference on Machine Learning},
  year={2024}

}

@article{chen2024f5,
  title={F5-tts: A fairytaler that fakes fluent and faithful speech with flow matching},
  author={Chen, Yushen and Niu, Zhikang and Ma, Ziyang and Deng, Keqi and Wang, Chunhui and Zhao, Jian and Yu, Kai and Chen, Xie},
  journal={arXiv preprint arXiv:2410.06885},
  year={2024}
}

@article{du2024cosyvoice,
  title={Cosyvoice: A scalable multilingual zero-shot text-to-speech synthesizer based on supervised semantic tokens},
  author={Du, Zhihao and Chen, Qian and Zhang, Shiliang and Hu, Kai and Lu, Heng and Yang, Yexin and Hu, Hangrui and Zheng, Siqi and Gu, Yue and Ma, Ziyang and others},
  journal={arXiv preprint arXiv:2407.05407},
  year={2024}
}

@article{ho2022classifier,
  title={Classifier-free diffusion guidance},
  author={Ho, Jonathan and Salimans, Tim},
  journal={arXiv preprint arXiv:2207.12598},
  year={2022}
}

@inproceedings{nichol2021improved,
  title={Improved denoising diffusion probabilistic models},
  author={Nichol, Alexander Quinn and Dhariwal, Prafulla},
  booktitle={International conference on machine learning},
  pages={8162--8171},
  year={2021},
  organization={PMLR}
}

@INPROCEEDINGS{puvvada2024discrete,
  author={Puvvada, Krishna C. and Rao Koluguri, Nithin and Dhawan, Kunal and Balam, Jagadeesh and Ginsburg, Boris},
  booktitle={ICASSP 2024 - 2024 IEEE International Conference on Acoustics, Speech and Signal Processing (ICASSP)}, 
  title={Discrete Audio Representation as an Alternative to Mel-Spectrograms for Speaker and Speech Recognition}, 
  year={2024},
  volume={},
  number={},
  pages={12111-12115},
}

@inproceedings{mehta2024matcha,
  title={Matcha-TTS: A fast TTS architecture with conditional flow matching},
  author={Mehta, Shivam and Tu, Ruibo and Beskow, Jonas and Sz{\'e}kely, {\'E}va and Henter, Gustav Eje},
  booktitle={ICASSP 2024-2024 IEEE International Conference on Acoustics, Speech and Signal Processing (ICASSP)},
  pages={11341--11345},
  year={2024},
  organization={IEEE}
}

@article{kharitonov2023speak,
  title={Speak, read and prompt: High-fidelity text-to-speech with minimal supervision},
  author={Kharitonov, Eugene and Vincent, Damien and Borsos, Zal{\'a}n and Marinier, Rapha{\"e}l and Girgin, Sertan and Pietquin, Olivier and Sharifi, Matt and Tagliasacchi, Marco and Zeghidour, Neil},
  journal={Transactions of the Association for Computational Linguistics},
  volume={11},
  pages={1703--1718},
  year={2023},
  publisher={MIT Press One Broadway, 12th Floor, Cambridge, Massachusetts 02142, USA~â€¦}
}

@article{defossez2024moshi,
  title={Moshi: a speech-text foundation model for real-time dialogue},
  author={D{\'e}fossez, Alexandre and Mazar{\'e}, Laurent and Orsini, Manu and Royer, Am{\'e}lie and P{\'e}rez, Patrick and J{\'e}gou, Herv{\'e} and Grave, Edouard and Zeghidour, Neil},
  journal={arXiv preprint arXiv:2410.00037},
  year={2024}
}

@article{borsos2023audiolm,
  title={Audiolm: a language modeling approach to audio generation},
  author={Borsos, Zal{\'a}n and Marinier, Rapha{\"e}l and Vincent, Damien and Kharitonov, Eugene and Pietquin, Olivier and Sharifi, Matt and Roblek, Dominik and Teboul, Olivier and Grangier, David and Tagliasacchi, Marco and others},
  journal={IEEE/ACM transactions on audio, speech, and language processing},
  volume={31},
  pages={2523--2533},
  year={2023},
  publisher={IEEE}
}

@article{le2024voicebox,
  title={Voicebox: Text-guided multilingual universal speech generation at scale},
  author={Le, Matthew and Vyas, Apoorv and Shi, Bowen and Karrer, Brian and Sari, Leda and Moritz, Rashel and Williamson, Mary and Manohar, Vimal and Adi, Yossi and Mahadeokar, Jay and others},
  journal={Advances in neural information processing systems},
  volume={36},
  year={2024}
}

@article{lipman2022flow,
  title={Flow matching for generative modeling},
  author={Lipman, Yaron and Chen, Ricky TQ and Ben-Hamu, Heli and Nickel, Maximilian and Le, Matt},
  journal={arXiv preprint arXiv:2210.02747},
  year={2022}
}

@inproceedings{kong2020hifigan,
 author = {Kong, Jungil and Kim, Jaehyeon and Bae, Jaekyoung},
 booktitle = {Advances in Neural Information Processing Systems},
 pages = {17022--17033},
 title = {{HiFi-GAN}: Generative Adversarial Networks for Efficient and High Fidelity Speech Synthesis},
 volume = {33},
 year = {2020}
}

@inproceedings{wang23r_interspeech,
  title     = {RAMP: Retrieval-Augmented MOS Prediction via Confidence-based Dynamic Weighting},
  author    = {Hui Wang and Shiwan Zhao and Xiguang Zheng and Yong Qin},
  year      = {2023},
  booktitle = {Interspeech 2023},
  pages     = {1095--1099},
  doi       = {10.21437/Interspeech.2023-851},
  issn      = {2958-1796},
}

@inproceedings{wang2023intermediate,
  title={Intermediate-Task Learning with Pretrained Model for Synthesized Speech MOS Prediction},
  author={Wang, Hui and Zheng, Xiguang and Qin, Yong},
  booktitle={2023 IEEE International Conference on Multimedia and Expo (ICME)},
  pages={378--383},
  year={2023},
  organization={IEEE}
}

@inproceedings{ren-etal-2022-revisiting,
    title = "Revisiting Over-Smoothness in Text to Speech",
    author = "Ren, Yi  and
      Tan, Xu  and
      Qin, Tao  and
      Zhao, Zhou  and
      Liu, Tie-Yan",
    editor = "Muresan, Smaranda  and
      Nakov, Preslav  and
      Villavicencio, Aline",
    booktitle = "Proceedings of the 60th Annual Meeting of the Association for Computational Linguistics (Volume 1: Long Papers)",
    month = may,
    year = "2022",
    address = "Dublin, Ireland",
    publisher = "Association for Computational Linguistics",
    doi = "10.18653/v1/2022.acl-long.564",
    pages = "8197--8213",
}

@article{vasquez2019melnet,
  title={Melnet: A generative model for audio in the frequency domain},
  author={Vasquez, Sean and Lewis, Mike},
  journal={arXiv preprint arXiv:1906.01083},
  year={2019}
}

@article{kingma2013auto,
  title={Auto-encoding variational bayes},
  author={Kingma, Diederik P},
  journal={arXiv preprint arXiv:1312.6114},
  year={2013}
}

@article{brown2020language,
  title={Language models are few-shot learners},
  author={Brown, Tom and Mann, Benjamin and Ryder, Nick and Subbiah, Melanie and Kaplan, Jared D and Dhariwal, Prafulla and Neelakantan, Arvind and Shyam, Pranav and Sastry, Girish and Askell, Amanda and others},
  journal={Advances in neural information processing systems},
  volume={33},
  pages={1877--1901},
  year={2020}
}

@article{achiam2023gpt,
  title={Gpt-4 technical report},
  author={Achiam, Josh and Adler, Steven and Agarwal, Sandhini and Ahmad, Lama and Akkaya, Ilge and Aleman, Florencia Leoni and Almeida, Diogo and Altenschmidt, Janko and Altman, Sam and Anadkat, Shyamal and others},
  journal={arXiv preprint arXiv:2303.08774},
  year={2023}
}

@article{team2024gemini,
  title={Gemini 1.5: Unlocking multimodal understanding across millions of tokens of context},
  author={Team, Gemini and Georgiev, Petko and Lei, Ving Ian and Burnell, Ryan and Bai, Libin and Gulati, Anmol and Tanzer, Garrett and Vincent, Damien and Pan, Zhufeng and Wang, Shibo and others},
  journal={arXiv preprint arXiv:2403.05530},
  year={2024}
}

@article{zhang2024speechgpt,
  title={SpeechGPT-Gen: Scaling Chain-of-Information Speech Generation},
  author={Zhang, Dong and Zhang, Xin and Zhan, Jun and Li, Shimin and Zhou, Yaqian and Qiu, Xipeng},
  journal={arXiv preprint arXiv:2401.13527},
  year={2024}
}

@inproceedings{tomczak2018vae,
  author    = {Tomczak, Jakub M. and Welling, Max},
  title     = {VAE with a VampPrior},
  booktitle = {International Conference on Artificial Intelligence and Statistics (AISTATS)},
  pages     = {1214--1223},
  year      = {2018},
  organization = {PMLR}
}

@article{zhang2023vallex,
  title={Speak foreign languages with your own voice: Cross-lingual neural codec language modeling},
  author={Zhang, Ziqiang and Zhou, Long and Wang, Chengyi and Chen, Sanyuan and Wu, Yu and Liu, Shujie and Chen, Zhuo and Liu, Yanqing and Wang, Huaming and Li, Jinyu and others},
  journal={arXiv preprint arXiv:2303.03926},
  year={2023}
}

@inproceedings{
bredell2023explicitly,
title={Explicitly Minimizing the Blur Error of Variational Autoencoders},
author={Gustav Bredell and Kyriakos Flouris and Krishna Chaitanya and Ertunc Erdil and Ender Konukoglu},
booktitle={The Eleventh International Conference on Learning Representations },
year={2023},
url={https://openreview.net/forum?id=9krnQ-ue9M}
}

@INPROCEEDINGS{9746395,
  author={Cooper, Erica and Huang, Wen-Chin and Toda, Tomoki and Yamagishi, Junichi},
  booktitle={ICASSP 2022 - 2022 IEEE International Conference on Acoustics, Speech and Signal Processing (ICASSP)}, 
  title={Generalization Ability of MOS Prediction Networks}, 
  year={2022},
  volume={},
  number={},
  pages={8442-8446},
  keywords={Measurement;Conferences;Predictive models;Signal processing;Data models;Acoustics;Speech processing;Speech synthesis;mean opinion score;speech naturalness assessment;MOS prediction},
  doi={10.1109/ICASSP43922.2022.9746395}}

@inproceedings{wang24s_interspeech,
  title     = {Uncertainty-Aware Mean Opinion Score Prediction},
  author    = {Hui Wang and Shiwan Zhao and Jiaming Zhou and Xiguang Zheng and Haoqin Sun and Xuechen Wang and Yong Qin},
  year      = {2024},
  booktitle = {Interspeech 2024},
  pages     = {1215--1219},
  doi       = {10.21437/Interspeech.2024-937},
}


@article{yang2024interleaved,
  title={Interleaved Speech-Text Language Models are Simple Streaming Text to Speech Synthesizers},
  author={Yang, Yifan and Ma, Ziyang and Liu, Shujie and Li, Jinyu and Wang, Hui and Meng, Lingwei and Sun, Haiyang and Liang, Yuzhe and Xu, Ruiyang and Hu, Yuxuan and others},
  journal={arXiv preprint arXiv:2412.16102},
  year={2024}
}

@article{liu2025musiceval,
  title={MusicEval: A Generative Music Corpus with Expert Ratings for Automatic Text-to-Music Evaluation},
  author={Liu, Cheng and Wang, Hui and Zhao, Jinghua and Zhao, Shiwan and Bu, Hui and Xu, Xin and Zhou, Jiaming and Sun, Haoqin and Qin, Yong},
  journal={arXiv preprint arXiv:2501.10811},
  year={2025}
}