@inproceedings{amiri2019parblockchain,
  title={{Parblockchain: Leveraging Transaction Parallelism in Permissioned Blockchain Systems}},
  author={Amiri, Mohammad Javad and Agrawal, Divyakant and El Abbadi, Amr},
  booktitle={2019 IEEE 39th International Conference on Distributed Computing Systems (ICDCS)},
  pages={1337--1347},
  year={2019},
  organization={IEEE}
}

@article{angeris2024multidimensional,
  title={{Multidimensional Blockchain Fees are (Essentially) Optimal}},
  author={Angeris, Guillermo and Diamandis, Theo and Moallemi, Ciamac},
  journal={arXiv preprint arXiv:2402.08661},
  year={2024}
}

@article{anjana2022optsmart,
  title={OptSmart: A Space Efficient Optimistic Concurrent Execution of Smart Contracts},
  author={Anjana, Parwat Singh and Kumari, Sweta and Peri, Sathya and Rathor, Sachin and Somani, Archit},
  journal={Distributed and Parallel Databases},
  pages={1--53},
  year={2022},
  publisher={Springer}
}

@misc{aptos,
  title = {Aptos},
  author = {{Aptos Labs}},
  year = {2023},
  url = {https://www.aptoslabs.com},
  note = {Accessed: 2025-01-23}
}

@inproceedings{azouvi2023base,
  title={{Base Fee Manipulation in Ethereum’s EIP-1559 Transaction Fee Mechanism}},
  author={Azouvi, Sarah and Goren, Guy and Heimbach, Lioba and Hicks, Alexander},
  booktitle={37th International Symposium on Distributed Computing},
  year={2023}
}

@article{bahrani2024resonance,
  title={{Resonance: Transaction Fees for Heterogeneous Computation}},
  author={Bahrani, Maryam and Durvasula, Naveen},
  journal={arXiv preprint arXiv:2411.11789},
  year={2024}
}

@inproceedings{bahrani2024transaction,
  title={{Transaction Fee Mechanism Design with Active Block Producers}},
  author={Bahrani, Maryam and Garimidi, Pranav and Roughgarden, Tim},
  booktitle={International Conference on Financial Cryptography and Data Security},
  pages={85--90},
  year={2024},
  organization={Springer}
}

@misc{buterin2024multidim,
  author = {Buterin, Vitalik},
  title = {{Multidimensional Pricing for EIP-1559}},
  year = {2024},
  month = {May},
  day = {9},
  howpublished = {\url{https://vitalik.eth.limo/general/2024/05/09/multidim.html}},
  note = {Accessed: 2025-01-23}
}

@inproceedings{chen2021forerunner,
  title={{Forerunner: Constraint-Based Speculative Transaction Execution for Ethereum}},
  author={Chen, Yang and Guo, Zhongxin and Li, Runhuai and Chen, Shuo and Zhou, Lidong and Zhou, Yajin and Zhang, Xian},
  booktitle={Proceedings of the ACM SIGOPS 28th Symposium on Operating Systems Principles},
  pages={570--587},
  year={2021}
}

@inproceedings{chung2023foundations,
  title={{Foundations of Transaction Fee Mechanism Design}},
  author={Chung, Hao and Shi, Elaine},
  booktitle={Proceedings of the 2023 Annual ACM-SIAM Symposium on Discrete Algorithms (SODA)},
  pages={3856--3899},
  year={2023},
  organization={SIAM}
}

@inproceedings{chung2024collusion,
  title={{Collusion-Resilience in Transaction Fee Mechanism Design}},
  author={Chung, Hao and Roughgarden, Tim and Shi, Elaine},
  booktitle={Proceedings of the 25th ACM Conference on Economics and Computation},
  pages={1045--1073},
  year={2024}
}

@inproceedings{diamandis2023designing,
  title={{Designing Multidimensional Blockchain Fee Markets}},
  author={Diamandis, Theo and Evans, Alex and Chitra, Tarun and Angeris, Guillermo},
  booktitle={5th Conference on Advances in Financial Technologies (AFT 2023)},
  year={2023},
  organization={Schloss Dagstuhl-Leibniz-Zentrum f{\"u}r Informatik}
}

@article{diamandis2024toward,
  title = {Toward Multidimensional Solana Fees},
  author = {Theo Diamandis and Tarun Chitra and 0xShitTrader},
  year = {2024},
  journal = {Umbra Research},
  url = {https://www.umbraresearch.xyz/writings/toward-multidimensional-solana-fees}
}

@inproceedings{dickerson2017adding,
  title={{Adding Concurrency to Smart Contracts}},
  author={Dickerson, Thomas and Gazzillo, Paul and Herlihy, Maurice and Koskinen, Eric},
  booktitle={Proceedings of the ACM Symposium on Principles of Distributed Computing},
  pages={303--312},
  year={2017}
}

@article{eclipse2024local,
  title = {Local Fee Markets are Necessary to Scale Ethereum},
  author = {{Eclipse Labs}},
  year = {2024},
  journal = {Eclipse},
  url = {https://www.eclipse.xyz/articles/local-fee-markets-are-necessary-to-scale-ethereum}
}

@misc{eip1559spec,
  author       = {Vitalik Buterin and Eric Conner and Rick Dudley and Matthew Slipper and Ian Norden and Abdelhamid Bakhta},
  title        = {EIP-1559: Fee Market Change for ETH 1.0 Chain},
  year         = {2024},
  howpublished = {\url{https://github.com/ethereum/EIPs/blob/master/EIPS/eip-1559.md}},
  note         = {Accessed: 2025-01-23}
}

@misc{eip4844,
  author = {Buterin, Vitalik and Feist, Dankrad and Loerakker, Diederik and Kadianakis, George and Garnett, Matt and Taiwo, Mofi and Dietrichs, Ansgar},
  title = {{EIP-4844: Shard Blob Transactions}},
  year = {2022},
  howpublished = {\url{https://eips.ethereum.org/EIPS/eip-4844}},
  note = {Accessed: 2025-01-23}
}

@inproceedings{ferreira2021dynamic,
  title={{Dynamic Posted-Price mMchanisms for the Blockchain Transaction-Fee Market}},
  author={Ferreira, Matheus VX and Moroz, Daniel J and Parkes, David C and Stern, Mitchell},
  booktitle={Proceedings of the 3rd ACM Conference on Advances in Financial Technologies},
  pages={86--99},
  year={2021}
}

@article{gafni2022greedy,
  title={{Greedy Transaction Fee Mechanisms for (Non-) Myopic Miners}},
  author={Gafni, Yotam and Yaish, Aviv},
  journal={arXiv preprint arXiv:2210.07793},
  volume={5},
  year={2022}
}

@inproceedings{gafni2024barriers,
  title={{Barriers to Collusion-Resistant Transaction Fee Mechanisms}},
  author={Gafni, Yotam and Yaish, Aviv},
  booktitle={Proceedings of the 25th ACM Conference on Economics and Computation},
  pages={1074--1096},
  year={2024}
}

@inproceedings{gafni2024discrete,
  title={{Discrete and Bayesian Transaction Fee Mechanisms}},
  author={Gafni, Yotam and Yaish, Aviv},
  booktitle={The International Conference on Mathematical Research for Blockchain Economy},
  pages={145--171},
  year={2024},
  organization={Springer}
}

@article{gelashvili2022block,
  title={{Block-STM: Scaling Blockchain Execution by Turning Ordering Curse to a Performance Blessing}},
  author={Gelashvili, Rati and Spiegelman, Alexander and Xiang, Zhuolun and Danezis, George and Li, Zekun and Xia, Yu and Zhou, Runtian and Malkhi, Dahlia},
  journal={arXiv preprint arXiv:2203.06871},
  year={2022}
}

@inproceedings{heimbach2023defi,
  title={DeFi and NFTs Hinder Blockchain Scalability},
  author={Heimbach, Lioba and Kniep, Quentin and Vonlanthen, Yann and Wattenhofer, Roger},
  booktitle={International Conference on Financial Cryptography and Data Security},
  pages={291--309},
  year={2023},
  organization={Springer}
}

@article{heimbach2023dissecting,
  title={{Dissecting the EIP-2930 Optional Access Lists}},
  author={Heimbach, Lioba and Kniep, Quentin and Vonlanthen, Yann and Wattenhofer, Roger and Z{\"u}st, Patrick},
  journal={arXiv preprint arXiv:2312.06574},
  year={2023}
}

@inproceedings{hougaard2023farsighted,
  title={{Farsighted Miners Under Transaction Fee Mechanism EIP-1559}},
  author={Hougaard, Jens Leth and Pourpouneh, Mohsen},
  booktitle={2023 IEEE International Conference on Blockchain and Cryptocurrency (ICBC)},
  pages={1--9},
  year={2023},
  organization={IEEE}
}

@article{keyneom2024local,
  title = {Local Fee Markets in Ethereum},
  author = {keyneom},
  year = {2024},
  journal = {Ethereum Research},
  url = {https://ethresear.ch/t/local-fee-markets-in-ethereum/20754}
}

@article{lavi2022redesigning,
  title={{Redesigning Bitcoin’s Fee Market}},
  author={Lavi, Ron and Sattath, Or and Zohar, Aviv},
  journal={ACM Transactions on Economics and Computation},
  volume={10},
  number={1},
  pages={1--31},
  year={2022},
  publisher={ACM New York, NY}
}

@inproceedings{leonardos2021dynamical,
  title={{Dynamical Analysis of the EIP-1559 Ethereum Fee Market}},
  author={Leonardos, Stefanos and Monnot, Barnab{\'e} and Reijsbergen, Dani{\"e}l and Skoulakis, Efstratios and Piliouras, Georgios},
  booktitle={Proceedings of the 3rd ACM Conference on Advances in Financial Technologies},
  pages={114--126},
  year={2021}
}

@inproceedings{leonardos2023optimality,
  title={{Optimality Despite Chaos in Fee Markets}},
  author={Leonardos, Stefanos and Reijsbergen, Dani{\"e}l and Monnot, Barnab{\'e} and Piliouras, Georgios},
  booktitle={International Conference on Financial Cryptography and Data Security},
  pages={346--362},
  year={2023},
  organization={Springer}
}

@article{lostin2025truth,
  title = {The Truth about Solana Local Fee Markets},
  author = {Lostin},
  year = {2025},
  journal = {Helius},
  url = {https://www.helius.dev/blog/solana-local-fee-markets}
}

@misc{monad,
  title = {Monad},
  author = {{Monad Labs}},
  year = {2023},
  url = {https://www.monad.xyz},
  note = {Accessed: 2025-01-23}
}

@misc{multidimensional_eip1559,
  author = {Buterin, Vitalik},
  title = {{Multidimensional EIP-1559}},
  year = {2022},
  howpublished = {\url{https://ethresear.ch/t/multidimensional-eip-1559/11651}},
  note = {Accessed: 2025-01-23}
}

@article{murgia2021theory,
  title={{A Theory of Transaction Parallelism in Blockchains}},
  author={Murgia, Maurizio and Galletta, Letterio and Bartoletti, Massimo},
  journal={Logical Methods in Computer Science},
  volume={17},
  year={2021},
  publisher={Episciences. org}
}

@misc{neiheiser2024pythia,
  title = {{Pythia: Supercharging Parallel Smart Contract Execution to Guide Stragglers and Full Nodes to Safety}},
  author = {Ray Neiheiser and Arman Babaei and Ioannis Alexopoulos and Marios Kogias and Eleftherios Kokoris Kogias},
  year = {2024},
  howpublished = {\url{https://aftsib.com/papers/SIB24_paper_4.pdf}},
  note = {Accessed: 2025-01-23}
}

@article{nisan2023serial,
  title={{Serial Monopoly on Blockchains}},
  author={Nisan, Noam},
  journal={arXiv preprint arXiv:2311.12731},
  year={2023}
}

@article{penna2024serial,
  title={{Serial Monopoly on Blockchains with Quasi-patient Users}},
  author={Penna, Paolo and Schneider, Manvir},
  journal={arXiv preprint arXiv:2405.17334},
  year={2024}
}

@inproceedings{pirlea2021practical,
  title={{Practical Smart Contract Sharding with Ownership and Commutativity Analysis}},
  author={P{\^\i}rlea, George and Kumar, Amrit and Sergey, Ilya},
  booktitle={Proceedings of the 42nd ACM SIGPLAN International Conference on Programming Language Design and Implementation},
  pages={1327--1341},
  year={2021}
}

@inproceedings{reijsbergen2021transaction,
  title={{Transaction Fees on a Honeymoon: Ethereum's EIP-1559 One Month Later}},
  author={Reijsbergen, Dani{\"e}l and Sridhar, Shyam and Monnot, Barnab{\'e} and Leonardos, Stefanos and Skoulakis, Stratis and Piliouras, Georgios},
  booktitle={2021 IEEE International Conference on Blockchain (Blockchain)},
  pages={196--204},
  year={2021},
  organization={IEEE}
}

@article{roughgarden2020transaction,
  title={{Transaction Fee Mechanism Design for the Ethereum Blockchain: An Economic Analysis of EIP-1559}},
  author={Roughgarden, Tim},
  journal={arXiv preprint arXiv:2012.00854},
  year={2020}
}

@article{roughgarden2024transaction,
  title={{Transaction Fee Mechanism Design}},
  author={Roughgarden, Tim},
  journal={Journal of the ACM},
  volume={71},
  number={4},
  pages={1--25},
  year={2024},
  publisher={ACM New York, NY}
}

@article{saraph2019empirical,
  title={{An Empirical Study of Speculative Concurrency in Ethereum Smart Contracts}},
  author={Saraph, Vikram and Herlihy, Maurice},
  journal={arXiv preprint arXiv:1901.01376},
  year={2019}
}

@misc{sei_protocol,
  title = {Sei Protocol},
  author = {{Sei Labs}},
  year = {2023},
  url = {https://www.sei.io},
  note = {Accessed: 2025-01-23}
}

@inproceedings{sergey2017concurrent,
  title={{A Concurrent Perspective on Smart Contracts}},
  author={Sergey, Ilya and Hobor, Aquinas},
  booktitle={International Conference on Financial Cryptography and Data Security},
  pages={478--493},
  year={2017},
  organization={Springer}
}

@article{shi2022can,
  title={{What can Cryptography do for Decentralized Mechanism Design}},
  author={Shi, Elaine and Chung, Hao and Wu, Ke},
  journal={arXiv preprint arXiv:2209.14462},
  year={2022}
}

@misc{solana,
  title = {Solana},
  author = {{Solana Labs}},
  year = {2023},
  url = {https://solana.com},
  note = {Accessed: 2025-01-23}
}

@misc{sui,
  title = {Sui},
  author = {{Mysten Labs}},
  year = {2023},
  url = {https://sui.io},
  note = {Accessed: 2025-01-23}
}

@article{wang2024mechanism,
  title={{Mechanism Design for ZK-Rollup Prover Markets}},
  author={Wang, Wenhao and Zhou, Lulu and Yaish, Aviv and Zhang, Fan and Fisch, Ben and Livshits, Benjamin},
  journal={arXiv preprint arXiv:2404.06495},
  year={2024}
}

@article{wu2023maximizing,
  title={{Maximizing Miner Revenue in Transaction Fee Mechanism Design}},
  author={Wu, Ke and Shi, Elaine and Chung, Hao},
  journal={arXiv preprint arXiv:2302.12895},
  year={2023}
}

@inproceedings{yao2020incentive,
author = {Yao, Andrew Chi-Chih},
title = {{An Incentive Analysis of some {B}itcoin Fee Designs}},
year = 2020,
booktitle = {Proceedings of the 47th International Colloquium on Automata, Languages, and Programming (ICALP)}
}

@inproceedings{zhang2018enabling,
  title={{Enabling Concurrency on Smart Contracts Using Multiversion Ordering}},
  author={Zhang, An and Zhang, Kunlong},
  booktitle={Asia-Pacific Web (APWeb) and Web-Age Information Management (WAIM) Joint International Conference on Web and Big Data},
  pages={425--439},
  year={2018},
  organization={Springer}
}

