@article{christmann2024rag,
  title={RAG-based Question Answering over Heterogeneous Data and Text},
  author={Christmann, Philipp and Weikum, Gerhard},
  journal={arXiv preprint arXiv:2412.07420},
  year={2024}
}

@inproceedings{fan2024survey,
  title={A survey on rag meeting llms: Towards retrieval-augmented large language models},
  author={Fan, Wenqi and Ding, Yujuan and Ning, Liangbo and Wang, Shijie and Li, Hengyun and Yin, Dawei and Chua, Tat-Seng and Li, Qing},
  booktitle={Proceedings of the 30th ACM SIGKDD Conference on Knowledge Discovery and Data Mining},
  pages={6491--6501},
  year={2024}
}

@article{he2024g,
  title={G-retriever: Retrieval-augmented generation for textual graph understanding and question answering},
  author={He, Xiaoxin and Tian, Yijun and Sun, Yifei and Chawla, Nitesh V and Laurent, Thomas and LeCun, Yann and Bresson, Xavier and Hooi, Bryan},
  journal={arXiv preprint arXiv:2402.07630},
  year={2024}
}

@article{lewis2020retrieval,
  title={Retrieval-augmented generation for knowledge-intensive nlp tasks},
  author={Lewis, Patrick and Perez, Ethan and Piktus, Aleksandra and Petroni, Fabio and Karpukhin, Vladimir and Goyal, Naman and K{\"u}ttler, Heinrich and Lewis, Mike and Yih, Wen-tau and Rockt{\"a}schel, Tim and others},
  journal={Advances in Neural Information Processing Systems},
  volume={33},
  pages={9459--9474},
  year={2020}
}

@article{li2023geolm,
  title={Geolm: Empowering language models for geospatially grounded language understanding},
  author={Li, Zekun and Zhou, Wenxuan and Chiang, Yao-Yi and Chen, Muhao},
  journal={arXiv preprint arXiv:2310.14478},
  year={2023}
}

@inproceedings{li2024advancing,
  title={Advancing spatial reasoning in large language models: An in-depth evaluation and enhancement using the stepgame benchmark},
  author={Li, Fangjun and Hogg, David C and Cohn, Anthony G},
  booktitle={Proceedings of the AAAI Conference on Artificial Intelligence},
  volume={38},
  pages={18500--18507},
  year={2024}
}

@article{lietard2021language,
  title={Do Language Models Know the Way to Rome?},
  author={Li{\'e}tard, Bastien and Abdou, Mostafa and S{\o}gaard, Anders},
  journal={arXiv preprint arXiv:2109.07971},
  year={2021}
}

@article{mai2024opportunities,
  title={On the opportunities and challenges of foundation models for geoai (vision paper)},
  author={Mai, Gengchen and Huang, Weiming and Sun, Jin and Song, Suhang and Mishra, Deepak and Liu, Ninghao and Gao, Song and Liu, Tianming and Cong, Gao and Hu, Yingjie and others},
  journal={ACM Transactions on Spatial Algorithms and Systems},
  year={2024},
  publisher={ACM New York, NY}
}

@article{roberts2023gpt4geo,
  title={GPT4GEO: How a Language Model Sees the World's Geography},
  author={Roberts, Jonathan and L{\"u}ddecke, Timo and Das, Sowmen and Han, Kai and Albanie, Samuel},
  journal={arXiv preprint arXiv:2306.00020},
  year={2023}
}

@inproceedings{yu2024llms,
  title={LLMs as Collaborator: Demands-Guided Collaborative Retrieval-Augmented Generation for Commonsense Knowledge-Grounded Open-Domain Dialogue Systems},
  author={Yu, Jiong and Wu, Sixing and Chen, Jiahao and Zhou, Wei},
  booktitle={Findings of the Association for Computational Linguistics: EMNLP 2024},
  pages={13586--13612},
  year={2024}
}

