@inproceedings{yupolyhedronnet,
  title={PolyhedronNet: Representation Learning for Polyhedra with Surface-attributed Graph},
  author={Yu, Dazhou and Zhang, Genpei and Zhao, Liang},
  booktitle={The Thirteenth International Conference on Learning Representations},
  year={2025}
}
@inproceedings{yu2024polygongnn,
  title={PolygonGNN: Representation learning for polygonal geometries with heterogeneous visibility graph},
  author={Yu, Dazhou and Hu, Yuntong and Li, Yun and Zhao, Liang},
  booktitle={Proceedings of the 30th ACM SIGKDD Conference on Knowledge Discovery and Data Mining},
  pages={4012--4022},
  year={2024}
}
@article{lewis2020retrieval,
  title={Retrieval-augmented generation for knowledge-intensive nlp tasks},
  author={Lewis, Patrick and Perez, Ethan and Piktus, Aleksandra and Petroni, Fabio and Karpukhin, Vladimir and Goyal, Naman and K{\"u}ttler, Heinrich and Lewis, Mike and Yih, Wen-tau and Rockt{\"a}schel, Tim and others},
  journal={Advances in Neural Information Processing Systems},
  volume={33},
  pages={9459--9474},
  year={2020}
}
@article{contractor2019large,
  title={Large scale question answering using tourism data},
  author={Contractor, Danish and Shah, Krunal and Partap, Aditi and Singla, Parag and others},
  journal={arXiv preprint arXiv:1909.03527},
  year={2019}
}
@inproceedings{contractor2021jointwww,
  title={Joint Spatio-textual reasoning for answering tourism questions},
  author={Contractor, Danish and Goel, Shashank and Mausam and Singla, Parag},
  booktitle={Proceedings of the Web Conference 2021},
  pages={1978--1989},
  year={2021}
}
@inproceedings{cakaloglu2020text,
  title={Text embeddings for retrieval from a large knowledge base},
  author={Cakaloglu, Tolgahan and Szegedy, Christian and Xu, Xiaowei},
  booktitle={International Conference on Research Challenges in Information Science},
  pages={338--351},
  year={2020},
  organization={Springer}
}
@inproceedings{manvigeollm,
  title={GeoLLM: Extracting Geospatial Knowledge from Large Language Models},
  author={Manvi, Rohin and Khanna, Samar and Mai, Gengchen and Burke, Marshall and Lobell, David B and Ermon, Stefano},
  booktitle={The Twelfth International Conference on Learning Representations},
    year={2024}
}
@inproceedings{xietravelplanner,
  title={TravelPlanner: A Benchmark for Real-World Planning with Language Agents},
  author={Xie, Jian and Zhang, Kai and Chen, Jiangjie and Zhu, Tinghui and Lou, Renze and Tian, Yuandong and Xiao, Yanghua and Su, Yu},
  booktitle={Forty-first International Conference on Machine Learning},
    year={2024}
}

@article{mai2021geographic,
  title={Geographic question answering: challenges, uniqueness, classification, and future directions},
  author={Mai, Gengchen and Janowicz, Krzysztof and Zhu, Rui and Cai, Ling and Lao, Ni},
  journal={AGILE: GIScience series},
  volume={2},
  pages={8},
  year={2021},
  publisher={Copernicus Publications G{\"o}ttingen, Germany}
}

@article{mai2020se,
  title={SE-KGE: A location-aware knowledge graph embedding model for geographic question answering and spatial semantic lifting},
  author={Mai, Gengchen and Janowicz, Krzysztof and Cai, Ling and Zhu, Rui and Regalia, Blake and Yan, Bo and Shi, Meilin and Lao, Ni},
  journal={Transactions in GIS},
  volume={24},
  number={3},
  pages={623--655},
  year={2020},
  publisher={Wiley Online Library}
}

@inproceedings{chen2014parameterized,
  title={Parameterized spatial SQL translation for geographic question answering},
  author={Chen, Wei},
  booktitle={2014 IEEE international conference on semantic computing},
  pages={23--27},
  year={2014},
  organization={IEEE}
}

@article{scheider2021geo,
  title={Geo-analytical question-answering with GIS},
  author={Scheider, Simon and Nyamsuren, Enkhbold and Kruiger, Han and Xu, Haiqi},
  journal={International Journal of Digital Earth},
  volume={14},
  number={1},
  pages={1--14},
  year={2021},
  publisher={Taylor \& Francis}
}

@inproceedings{contractor2021joint,
  title={Joint Spatio-textual reasoning for answering tourism questions},
  author={Contractor, Danish and Goel, Shashank and Mausam and Singla, Parag},
  booktitle={Proceedings of the Web Conference 2021},
  pages={1978--1989},
  year={2021}
}

@inproceedings{zhou2024img2loc,
  title={Img2Loc: Revisiting Image Geolocalization using Multi-modality Foundation Models and Image-based Retrieval-Augmented Generation},
  author={Zhou, Zhongliang and Zhang, Jielu and Guan, Zihan and Hu, Mengxuan and Lao, Ni and Mu, Lan and Li, Sheng and Mai, Gengchen},
  booktitle={Proceedings of the 47th International ACM SIGIR Conference on Research and Development in Information Retrieval},
  pages={2749--2754},
  year={2024}
}

@inproceedings{haas2024pigeon,
  title={Pigeon: Predicting image geolocations},
  author={Haas, Lukas and Skreta, Michal and Alberti, Silas and Finn, Chelsea},
  booktitle={Proceedings of the IEEE/CVF Conference on Computer Vision and Pattern Recognition},
  pages={12893--12902},
  year={2024}
}

@inproceedings{li2022hdmapnet,
  title={Hdmapnet: An online hd map construction and evaluation framework},
  author={Li, Qi and Wang, Yue and Wang, Yilun and Zhao, Hang},
  booktitle={2022 International Conference on Robotics and Automation (ICRA)},
  pages={4628--4634},
  year={2022},
  organization={IEEE}
}

@inproceedings{liu2023vectormapnet,
  title={Vectormapnet: End-to-end vectorized hd map learning},
  author={Liu, Yicheng and Yuan, Tianyuan and Wang, Yue and Wang, Yilun and Zhao, Hang},
  booktitle={International Conference on Machine Learning},
  pages={22352--22369},
  year={2023},
  organization={PMLR}
}

@article{mai2024opportunities,
  title={On the opportunities and challenges of foundation models for geoai (vision paper)},
  author={Mai, Gengchen and Huang, Weiming and Sun, Jin and Song, Suhang and Mishra, Deepak and Liu, Ninghao and Gao, Song and Liu, Tianming and Cong, Gao and Hu, Yingjie and others},
  journal={ACM Transactions on Spatial Algorithms and Systems},
  year={2024},
  publisher={ACM New York, NY}
}

@article{roberts2023gpt4geo,
  title={GPT4GEO: How a Language Model Sees the World's Geography},
  author={Roberts, Jonathan and L{\"u}ddecke, Timo and Das, Sowmen and Han, Kai and Albanie, Samuel},
  journal={arXiv preprint arXiv:2306.00020},
  year={2023}
}

@inproceedings{majic2024spatial,
  title={Spatial Task-Explicity Matters in Prompting Large Multimodal Models for Spatial Planning},
  author={Majic, Ivan and Wang, Zhangyu and Janowicz, Krzysztof and Karimi, Mina},
  booktitle={Proceedings of the 7th ACM SIGSPATIAL International Workshop on AI for Geographic Knowledge Discovery},
  pages={99--105},
  year={2024}
}

@book{obe2021postgis,
  title={PostGIS in action},
  author={Obe, Regina and Hsu, Leo S},
  year={2021},
  publisher={Simon and Schuster}
}
@article{siriwardhana2023improving,
  title={Improving the domain adaptation of retrieval augmented generation (RAG) models for open domain question answering},
  author={Siriwardhana, Shamane and Weerasekera, Rivindu and Wen, Elliott and Kaluarachchi, Tharindu and Rana, Rajib and Nanayakkara, Suranga},
  journal={Transactions of the Association for Computational Linguistics},
  volume={11},
  pages={1--17},
  year={2023},
  publisher={MIT Press One Broadway, 12th Floor, Cambridge, Massachusetts 02142, USA~â€¦}
}
@article{edge2024local,
  title={From local to global: A graph rag approach to query-focused summarization},
  author={Edge, Darren and Trinh, Ha and Cheng, Newman and Bradley, Joshua and Chao, Alex and Mody, Apurva and Truitt, Steven and Larson, Jonathan},
  journal={arXiv preprint arXiv:2404.16130},
  year={2024}
}
@inproceedings{xia2024rule,
  title={Rule: Reliable multimodal rag for factuality in medical vision language models},
  author={Xia, Peng and Zhu, Kangyu and Li, Haoran and Zhu, Hongtu and Li, Yun and Li, Gang and Zhang, Linjun and Yao, Huaxiu},
  booktitle={Proceedings of the 2024 Conference on Empirical Methods in Natural Language Processing},
  pages={1081--1093},
  year={2024}
}

@inproceedings{fan2024survey,
  title={A survey on rag meeting llms: Towards retrieval-augmented large language models},
  author={Fan, Wenqi and Ding, Yujuan and Ning, Liangbo and Wang, Shijie and Li, Hengyun and Yin, Dawei and Chua, Tat-Seng and Li, Qing},
  booktitle={Proceedings of the 30th ACM SIGKDD Conference on Knowledge Discovery and Data Mining},
  pages={6491--6501},
  year={2024}
}

@article{he2024g,
  title={G-retriever: Retrieval-augmented generation for textual graph understanding and question answering},
  author={He, Xiaoxin and Tian, Yijun and Sun, Yifei and Chawla, Nitesh V and Laurent, Thomas and LeCun, Yann and Bresson, Xavier and Hooi, Bryan},
  journal={arXiv preprint arXiv:2402.07630},
  year={2024}
}

@inproceedings{yu2024llms,
  title={LLMs as Collaborator: Demands-Guided Collaborative Retrieval-Augmented Generation for Commonsense Knowledge-Grounded Open-Domain Dialogue Systems},
  author={Yu, Jiong and Wu, Sixing and Chen, Jiahao and Zhou, Wei},
  booktitle={Findings of the Association for Computational Linguistics: EMNLP 2024},
  pages={13586--13612},
  year={2024}
}

@article{lietard2021language,
  title={Do Language Models Know the Way to Rome?},
  author={Li{\'e}tard, Bastien and Abdou, Mostafa and S{\o}gaard, Anders},
  journal={arXiv preprint arXiv:2109.07971},
  year={2021}
}

@article{christmann2024rag,
  title={RAG-based Question Answering over Heterogeneous Data and Text},
  author={Christmann, Philipp and Weikum, Gerhard},
  journal={arXiv preprint arXiv:2412.07420},
  year={2024}
}

@inproceedings{li2024advancing,
  title={Advancing spatial reasoning in large language models: An in-depth evaluation and enhancement using the stepgame benchmark},
  author={Li, Fangjun and Hogg, David C and Cohn, Anthony G},
  booktitle={Proceedings of the AAAI Conference on Artificial Intelligence},
  volume={38},
  pages={18500--18507},
  year={2024}
}

@article{li2023geolm,
  title={Geolm: Empowering language models for geospatially grounded language understanding},
  author={Li, Zekun and Zhou, Wenxuan and Chiang, Yao-Yi and Chen, Muhao},
  journal={arXiv preprint arXiv:2310.14478},
  year={2023}
}