@article{ChenYW19,
  author    = {Yichen Chen and
               Yinyu Ye and
               Mengdi Wang},
  title     = {Approximation Hardness for {A} Class of Sparse Optimization Problems},
  journal   = {J. Mach. Learn. Res.},
  volume    = {20},
  pages     = {38:1--38:27},
  year      = {2019}
}

@inproceedings{FosterKT15,
  author    = {Dean P. Foster and
               Howard J. Karloff and
               Justin Thaler},
  title     = {Variable Selection is Hard},
  booktitle = {Proceedings of The 28th Conference on Learning Theory, {COLT}},
  volume    = {40},
  pages     = {696--709},
  year      = {2015}
}

@inproceedings{Har-PeledIM18,
  author    = {Sariel Har{-}Peled and
               Piotr Indyk and
               Sepideh Mahabadi},
  title     = {Approximate Sparse Linear Regression},
  booktitle = {45th International Colloquium on Automata, Languages, and Programming, {ICALP}},
  volume    = {107},
  pages     = {77:1--77:14},
  year      = {2018}
}

@inproceedings{Mahabadi15,
  author    = {Sepideh Mahabadi},
  title     = {Approximate Nearest Line Search in High Dimensions},
  booktitle = {Proceedings of the Twenty-Sixth Annual {ACM-SIAM} Symposium on Discrete Algorithms, {SODA}},
  pages     = {337--354},
  year      = {2015}
}

@article{Natarajan95,
  author    = {Balas K. Natarajan},
  title     = {Sparse Approximate Solutions to Linear Systems},
  journal   = {{SIAM} J. Comput.},
  volume    = {24},
  number    = {2},
  pages     = {227--234},
  year      = {1995}
}

@inproceedings{ZhuGR15,
  author       = {Zeyuan Allen Zhu and
                  Rati Gelashvili and
                  Ilya P. Razenshteyn},
  editor       = {Lars Arge and
                  J{\'{a}}nos Pach},
  title        = {Restricted Isometry Property for General p-Norms},
  booktitle    = {31st International Symposium on Computational Geometry, SoCG 2015,
                  June 22-25, 2015, Eindhoven, The Netherlands},
  series       = {LIPIcs},
  volume       = {34},
  pages        = {451--460},
  publisher    = {Schloss Dagstuhl - Leibniz-Zentrum f{\"{u}}r Informatik},
  year         = {2015},
  url          = {https://doi.org/10.4230/LIPIcs.SOCG.2015.451},
  doi          = {10.4230/LIPICS.SOCG.2015.451},
  timestamp    = {Wed, 16 Jun 2021 12:03:33 +0200},
  biburl       = {https://dblp.org/rec/conf/compgeom/ZhuGR15.bib},
  bibsource    = {dblp computer science bibliography, https://dblp.org}
}

@article{alon2003problems,
  title={Problems and results in extremal combinatoricsâ€”I},
  author={Alon, Noga},
  journal={Discrete Mathematics},
  volume={273},
  number={1-3},
  pages={31--53},
  year={2003},
  publisher={Elsevier}
}

@inproceedings{bartal2011dimensionality,
  title={Dimensionality reduction: beyond the Johnson-Lindenstrauss bound},
  author={Bartal, Yair and Recht, Ben and Schulman, Leonard J},
  booktitle={Proceedings of the twenty-second annual ACM-SIAM symposium on Discrete Algorithms},
  pages={868--887},
  year={2011},
  organization={SIAM}
}

@inproceedings{berinde2008combining,
  title={Combining geometry and combinatorics: A unified approach to sparse signal recovery},
  author={Berinde, Radu and Gilbert, Anna C and Indyk, Piotr and Karloff, Howard and Strauss, Martin J},
  booktitle={2008 46th Annual Allerton Conference on Communication, Control, and Computing},
  pages={798--805},
  year={2008},
  organization={IEEE}
}

@article{candes2005decoding,
  title={Decoding by linear programming},
  author={Candes, Emmanuel J and Tao, Terence},
  journal={IEEE transactions on information theory},
  volume={51},
  number={12},
  pages={4203--4215},
  year={2005},
  publisher={IEEE}
}

@inproceedings{charikar2002finding,
  title={Finding frequent items in data streams},
  author={Charikar, Moses and Chen, Kevin and Farach-Colton, Martin},
  booktitle={International Colloquium on Automata, Languages, and Programming},
  pages={693--703},
  year={2002},
  organization={Springer}
}

@article{cherapanamjeri2024terminal,
  title={Terminal embeddings in sublinear time},
  author={Cherapanamjeri, Yeshwanth and Nelson, Jelani},
  journal={TheoretiCS},
  volume={3},
  year={2024},
  publisher={Episciences. org}
}

@article{child2019generating,
  title={Generating long sequences with sparse transformers},
  author={Child, Rewon and Gray, Scott and Radford, Alec and Sutskever, Ilya},
  journal={arXiv preprint arXiv:1904.10509},
  year={2019}
}

@article{davis1997adaptive,
  title={Adaptive greedy approximations},
  author={Davis, Geoff and Mallat, Stephane and Avellaneda, Marco},
  journal={Constructive approximation},
  volume={13},
  number={1},
  pages={57--98},
  year={1997}
}

@article{donoho2006compressed,
  title={Compressed sensing},
  author={Donoho, David L},
  journal={IEEE Transactions on information theory},
  volume={52},
  number={4},
  pages={1289--1306},
  year={2006},
  publisher={IEEE}
}

@article{elkin2016terminal,
  title={Terminal embeddings},
  author={Elkin, Michael and Filtser, Arnold and Neiman, Ofer},
  journal={arXiv preprint arXiv:1603.02321},
  year={2016}
}

@article{gottlieb2015nonlinear,
  title={A nonlinear approach to dimension reduction},
  author={Gottlieb, Lee-Ad and Krauthgamer, Robert},
  journal={Discrete \& Computational Geometry},
  volume={54},
  pages={291--315},
  year={2015},
  publisher={Springer}
}

@book{grotschel2012geometric,
  title={Geometric algorithms and combinatorial optimization},
  author={Gr{\"o}tschel, Martin and Lov{\'a}sz, L{\'a}szl{\'o} and Schrijver, Alexander},
  volume={2},
  year={2012},
  publisher={Springer Science \& Business Media}
}

@misc{gupte2021finegrained,
      title={The Fine-Grained Hardness of Sparse Linear Regression}, 
      author={Aparna Gupte and Vinod Vaikuntanathan},
      year={2021},
      eprint={2106.03131},
      archivePrefix={arXiv},
      primaryClass={cs.LG}
}

@article{hoefler2021sparsity,
  title={Sparsity in deep learning: Pruning and growth for efficient inference and training in neural networks},
  author={Hoefler, Torsten and Alistarh, Dan and Ben-Nun, Tal and Dryden, Nikoli and Peste, Alexandra},
  journal={The Journal of Machine Learning Research},
  volume={22},
  number={1},
  pages={10882--11005},
  year={2021},
  publisher={JMLRORG}
}

@article{jayram2013optimal,
  title={Optimal bounds for Johnson-Lindenstrauss transforms and streaming problems with subconstant error},
  author={Jayram, Thathachar S and Woodruff, David P},
  journal={ACM Transactions on Algorithms (TALG)},
  volume={9},
  number={3},
  pages={1--17},
  year={2013},
  publisher={ACM New York, NY, USA}
}

@article{johnson1984extensions, author = {Johnson, William and Lindenstrauss, Joram}, year = {1984}, month = {01},
 pages = {189-206}, title = {Extensions of {Lipschitz} maps into a {Hilbert} space}, volume = {26}, isbn = {9780821850305}, journal = {Contemporary Mathematics}, doi = {10.1090/conm/026/737400} }

@article{kane2014sparser,
  title={Sparser johnson-lindenstrauss transforms},
  author={Kane, Daniel M and Nelson, Jelani},
  journal={Journal of the ACM (JACM)},
  volume={61},
  number={1},
  pages={1--23},
  year={2014},
  publisher={ACM New York, NY, USA}
}

@article{larsen2014johnson,
  title={The Johnson-Lindenstrauss lemma is optimal for linear dimensionality reduction},
  author={Larsen, Kasper Green and Nelson, Jelani},
  journal={arXiv preprint arXiv:1411.2404},
  year={2014}
}

@inproceedings{larsen2017optimality,
  title={Optimality of the Johnson-Lindenstrauss lemma},
  author={Larsen, Kasper Green and Nelson, Jelani},
  booktitle={2017 IEEE 58th Annual Symposium on Foundations of Computer Science (FOCS)},
  pages={633--638},
  year={2017},
  organization={IEEE}
}

@article{li2020lower,
  title={Lower bound for RIP constants and concentration of sum of top order statistics},
  author={Li, Gen and Xu, Xingyu and Gu, Yuantao},
  journal={IEEE Transactions on Signal Processing},
  volume={68},
  pages={3169--3178},
  year={2020},
  publisher={IEEE}
}

@inproceedings{mahabadi2018nonlinear,
  title={Nonlinear dimension reduction via outer bi-lipschitz extensions},
  author={Mahabadi, Sepideh and Makarychev, Konstantin and Makarychev, Yury and Razenshteyn, Ilya},
  booktitle={Proceedings of the 50th Annual ACM SIGACT Symposium on Theory of Computing},
  pages={1088--1101},
  year={2018}
}

@inproceedings{mai2023optimal,
  title={Optimal Sketching Bounds for Sparse Linear Regression},
  author={Mai, Tung and Munteanu, Alexander and Musco, Cameron and Rao, Anup and Schwiegelshohn, Chris and Woodruff, David},
  booktitle={International Conference on Artificial Intelligence and Statistics},
  pages={11288--11316},
  year={2023},
  organization={PMLR}
}

@inproceedings{narayanan2019optimal,
  title={Optimal terminal dimensionality reduction in Euclidean space},
  author={Narayanan, Shyam and Nelson, Jelani},
  booktitle={Proceedings of the 51st Annual ACM SIGACT Symposium on Theory of Computing},
  pages={1064--1069},
  year={2019}
}

@article{nelson2014deterministic,
  title={On deterministic sketching and streaming for sparse recovery and norm estimation},
  author={Nelson, Jelani and Nguyen, Huy L and Woodruff, David P},
  journal={Linear Algebra and its Applications},
  volume={441},
  pages={152--167},
  year={2014},
  publisher={Elsevier}
}

@inproceedings{price20111+,
  title={(1+ eps)-approximate sparse recovery},
  author={Price, Eric and Woodruff, David P},
  booktitle={2011 IEEE 52nd Annual Symposium on Foundations of Computer Science},
  pages={295--304},
  year={2011},
  organization={IEEE}
}

@inproceedings{price2022hardness,
  title={Hardness and algorithms for robust and sparse optimization},
  author={Price, Eric and Silwal, Sandeep and Zhou, Samson},
  booktitle={International Conference on Machine Learning},
  pages={17926--17944},
  year={2022},
  organization={PMLR}
}

@book{vempala2005random,
  title={The random projection method},
  author={Vempala, Santosh S},
  volume={65},
  year={2005},
  publisher={American Mathematical Soc.}
}

