@book{grotschel2012geometric,
  title={Geometric algorithms and combinatorial optimization},
  author={Gr{\"o}tschel, Martin and Lov{\'a}sz, L{\'a}szl{\'o} and Schrijver, Alexander},
  volume={2},
  year={2012},
  publisher={Springer Science \& Business Media}
}

@article{cherapanamjeri2024terminal,
  title={Terminal embeddings in sublinear time},
  author={Cherapanamjeri, Yeshwanth and Nelson, Jelani},
  journal={TheoretiCS},
  volume={3},
  year={2024},
  publisher={Episciences. org}
}


@inproceedings{narayanan2019optimal,
  title={Optimal terminal dimensionality reduction in Euclidean space},
  author={Narayanan, Shyam and Nelson, Jelani},
  booktitle={Proceedings of the 51st Annual ACM SIGACT Symposium on Theory of Computing},
  pages={1064--1069},
  year={2019}
}
@article{he2024relu,
  title={A ReLU-based hard-thresholding algorithm for non-negative sparse signal recovery},
  author={He, Zihao and Shu, Qianyu and Wang, Yinghua and Wen, Jinming},
  journal={Signal Processing},
  volume={215},
  pages={109260},
  year={2024},
  publisher={Elsevier}
}

@inproceedings{mahabadi2018nonlinear,
  title={Nonlinear dimension reduction via outer bi-lipschitz extensions},
  author={Mahabadi, Sepideh and Makarychev, Konstantin and Makarychev, Yury and Razenshteyn, Ilya},
  booktitle={Proceedings of the 50th Annual ACM SIGACT Symposium on Theory of Computing},
  pages={1088--1101},
  year={2018}
}

@article{elkin2016terminal,
  title={Terminal embeddings},
  author={Elkin, Michael and Filtser, Arnold and Neiman, Ofer},
  journal={arXiv preprint arXiv:1603.02321},
  year={2016}
}



@inproceedings{ZhuGR15,
  author       = {Zeyuan Allen Zhu and
                  Rati Gelashvili and
                  Ilya P. Razenshteyn},
  editor       = {Lars Arge and
                  J{\'{a}}nos Pach},
  title        = {Restricted Isometry Property for General p-Norms},
  booktitle    = {31st International Symposium on Computational Geometry, SoCG 2015,
                  June 22-25, 2015, Eindhoven, The Netherlands},
  series       = {LIPIcs},
  volume       = {34},
  pages        = {451--460},
  publisher    = {Schloss Dagstuhl - Leibniz-Zentrum f{\"{u}}r Informatik},
  year         = {2015},
  url          = {https://doi.org/10.4230/LIPIcs.SOCG.2015.451},
  doi          = {10.4230/LIPICS.SOCG.2015.451},
  timestamp    = {Wed, 16 Jun 2021 12:03:33 +0200},
  biburl       = {https://dblp.org/rec/conf/compgeom/ZhuGR15.bib},
  bibsource    = {dblp computer science bibliography, https://dblp.org}
}

@article{chan2018applications,
  title={Applications of Chebyshev polynomials to low-dimensional computational geometry},
  author={Chan, Timothy M},
  journal={Journal of Computational Geometry},
  volume={9},
  number={2},
  pages={3--20},
  year={2018}
}




@article{backurs2019space,
  title={Space and time efficient kernel density estimation in high dimensions},
  author={Backurs, Arturs and Indyk, Piotr and Wagner, Tal},
  journal={Advances in neural information processing systems},
  volume={32},
  year={2019}
}



@inproceedings{berinde2008combining,
  title={Combining geometry and combinatorics: A unified approach to sparse signal recovery},
  author={Berinde, Radu and Gilbert, Anna C and Indyk, Piotr and Karloff, Howard and Strauss, Martin J},
  booktitle={2008 46th Annual Allerton Conference on Communication, Control, and Computing},
  pages={798--805},
  year={2008},
  organization={IEEE}
}



@inproceedings{larsen2017optimality,
  title={Optimality of the Johnson-Lindenstrauss lemma},
  author={Larsen, Kasper Green and Nelson, Jelani},
  booktitle={2017 IEEE 58th Annual Symposium on Foundations of Computer Science (FOCS)},
  pages={633--638},
  year={2017},
  organization={IEEE}
}
@article{beatson1997short,
  title={A short course on fast multipole methods},
  author={Beatson, Rick and Greengard, Leslie},
  journal={Wavelets, multilevel methods and elliptic PDEs},
  volume={1},
  pages={1--37},
  year={1997},
  publisher={Leicester}
}
@inproceedings{charikar2024quasi,
  title={A Quasi-Monte Carlo Data Structure for Smooth Kernel Evaluations},
  author={Charikar, Moses and Kapralov, Michael and Waingarten, Erik},
  booktitle={Proceedings of the 2024 Annual ACM-SIAM Symposium on Discrete Algorithms (SODA)},
  pages={5118--5144},
  year={2024},
  organization={SIAM}
}

@article{joag1983negative,
  title={Negative association of random variables with applications},
  author={Joag-Dev, Kumar and Proschan, Frank},
  journal={The Annals of Statistics},
  pages={286--295},
  year={1983},
  publisher={JSTOR}
}



@inproceedings{ChenJK23,
  title={Streaming Euclidean Max-Cut: Dimension vs Data Reduction},
  author={Chen, Xiaoyu and Jiang, Shaofeng H-C and Krauthgamer, Robert},
  booktitle={Proceedings of the 55th Annual ACM Symposium on Theory of Computing},
  pages={170--182},
  year={2023}
}



@inproceedings{LammersenSS09,
  author       = {Christiane Lammersen and
                  Anastasios Sidiropoulos and
                  Christian Sohler},
  editor       = {Frank K. H. A. Dehne and
                  Marina L. Gavrilova and
                  J{\"{o}}rg{-}R{\"{u}}diger Sack and
                  Csaba D. T{\'{o}}th},
  title        = {Streaming Embeddings with Slack},
  booktitle    = {Algorithms and Data Structures, 11th International Symposium, {WADS}
                  2009, Banff, Canada, August 21-23, 2009. Proceedings},
  series       = {Lecture Notes in Computer Science},
  volume       = {5664},
  pages        = {483--494},
  publisher    = {Springer},
  year         = {2009},
  url          = {https://doi.org/10.1007/978-3-642-03367-4\_42},
  doi          = {10.1007/978-3-642-03367-4\_42},
  timestamp    = {Tue, 14 May 2019 10:00:50 +0200},
  biburl       = {https://dblp.org/rec/conf/wads/LammersenSS09.bib},
  bibsource    = {dblp computer science bibliography, https://dblp.org}
}


@article{wajc2017negative,
  title={Negative association: definition, properties, and applications},
  author={Wajc, David},
  journal={Manuscript, available from https://goo. gl/j2ekqM},
  volume={7},
  year={2017}
}

@article{alon2003problems,
  title={Problems and results in extremal combinatoricsâ€”I},
  author={Alon, Noga},
  journal={Discrete Mathematics},
  volume={273},
  number={1-3},
  pages={31--53},
  year={2003},
  publisher={Elsevier}
}

@article{johnson1984extensions, author = {Johnson, William and Lindenstrauss, Joram}, year = {1984}, month = {01},
 pages = {189-206}, title = {Extensions of {Lipschitz} maps into a {Hilbert} space}, volume = {26}, isbn = {9780821850305}, journal = {Contemporary Mathematics}, doi = {10.1090/conm/026/737400} }



@book{vempala2005random,
  title={The random projection method},
  author={Vempala, Santosh S},
  volume={65},
  year={2005},
  publisher={American Mathematical Soc.}
}
@article{candes2005decoding,
  title={Decoding by linear programming},
  author={Candes, Emmanuel J and Tao, Terence},
  journal={IEEE transactions on information theory},
  volume={51},
  number={12},
  pages={4203--4215},
  year={2005},
  publisher={IEEE}
}
@article{donoho2006compressed,
  title={Compressed sensing},
  author={Donoho, David L},
  journal={IEEE Transactions on information theory},
  volume={52},
  number={4},
  pages={1289--1306},
  year={2006},
  publisher={IEEE}
}
@article{nelson2014deterministic,
  title={On deterministic sketching and streaming for sparse recovery and norm estimation},
  author={Nelson, Jelani and Nguyen, Huy L and Woodruff, David P},
  journal={Linear Algebra and its Applications},
  volume={441},
  pages={152--167},
  year={2014},
  publisher={Elsevier}
}

@article{gottlieb2015nonlinear,
  title={A nonlinear approach to dimension reduction},
  author={Gottlieb, Lee-Ad and Krauthgamer, Robert},
  journal={Discrete \& Computational Geometry},
  volume={54},
  pages={291--315},
  year={2015},
  publisher={Springer}
}



@inproceedings{bartal2011dimensionality,
  title={Dimensionality reduction: beyond the Johnson-Lindenstrauss bound},
  author={Bartal, Yair and Recht, Ben and Schulman, Leonard J},
  booktitle={Proceedings of the twenty-second annual ACM-SIAM symposium on Discrete Algorithms},
  pages={868--887},
  year={2011},
  organization={SIAM}
}



@article{larsen2014johnson,
  title={The Johnson-Lindenstrauss lemma is optimal for linear dimensionality reduction},
  author={Larsen, Kasper Green and Nelson, Jelani},
  journal={arXiv preprint arXiv:1411.2404},
  year={2014}
}
@article{li2020lower,
  title={Lower bound for RIP constants and concentration of sum of top order statistics},
  author={Li, Gen and Xu, Xingyu and Gu, Yuantao},
  journal={IEEE Transactions on Signal Processing},
  volume={68},
  pages={3169--3178},
  year={2020},
  publisher={IEEE}
}
@inproceedings{abboud2024time,
  title={The Time Complexity of Fully Sparse Matrix Multiplication},
  author={Abboud, Amir and Bringmann, Karl and Fischer, Nick and K{\"u}nnemann, Marvin},
  booktitle={Proceedings of the 2024 Annual ACM-SIAM Symposium on Discrete Algorithms (SODA)},
  pages={4670--4703},
  year={2024},
  organization={SIAM}
}
@article{child2019generating,
  title={Generating long sequences with sparse transformers},
  author={Child, Rewon and Gray, Scott and Radford, Alec and Sutskever, Ilya},
  journal={arXiv preprint arXiv:1904.10509},
  year={2019}
}
@article{hoefler2021sparsity,
  title={Sparsity in deep learning: Pruning and growth for efficient inference and training in neural networks},
  author={Hoefler, Torsten and Alistarh, Dan and Ben-Nun, Tal and Dryden, Nikoli and Peste, Alexandra},
  journal={The Journal of Machine Learning Research},
  volume={22},
  number={1},
  pages={10882--11005},
  year={2021},
  publisher={JMLRORG}
}
@inproceedings{charikar2002finding,
  title={Finding frequent items in data streams},
  author={Charikar, Moses and Chen, Kevin and Farach-Colton, Martin},
  booktitle={International Colloquium on Automata, Languages, and Programming},
  pages={693--703},
  year={2002},
  organization={Springer}
}


@inproceedings{price20111+,
  title={(1+ eps)-approximate sparse recovery},
  author={Price, Eric and Woodruff, David P},
  booktitle={2011 IEEE 52nd Annual Symposium on Foundations of Computer Science},
  pages={295--304},
  year={2011},
  organization={IEEE}
}



@InProceedings{lee_et_al:LIPIcs.ESA.2021.61,
  author =	{Lee, Jasper C.H. and Li, Jerry and Musco, Christopher and Phillips, Jeff M. and Tai, Wai Ming},
  title =	{{Finding an Approximate Mode of a Kernel Density Estimate}},
  booktitle =	{29th Annual European Symposium on Algorithms (ESA 2021)},
  pages =	{61:1--61:19},
  series =	{Leibniz International Proceedings in Informatics (LIPIcs)},
  ISBN =	{978-3-95977-204-4},
  ISSN =	{1868-8969},
  year =	{2021},
  volume =	{204},
  editor =	{Mutzel, Petra and Pagh, Rasmus and Herman, Grzegorz},
  publisher =	{Schloss Dagstuhl -- Leibniz-Zentrum f{\"u}r Informatik},
  address =	{Dagstuhl, Germany},
  URL =		{https://drops.dagstuhl.de/entities/document/10.4230/LIPIcs.ESA.2021.61},
  URN =		{urn:nbn:de:0030-drops-146428},
  doi =		{10.4230/LIPIcs.ESA.2021.61},
  annote =	{Keywords: Kernel density estimation, Dimensionality reduction, Coresets, Means-shift}
}

@InProceedings{lee2019finding,
  author =	{Lee, Jasper C.H. and Li, Jerry and Musco, Christopher and Phillips, Jeff M. and Tai, Wai Ming},
  title =	{{Finding an Approximate Mode of a Kernel Density Estimate}},
  booktitle =	{29th Annual European Symposium on Algorithms (ESA 2021)},
  pages =	{61:1--61:19},
  series =	{Leibniz International Proceedings in Informatics (LIPIcs)},
  ISBN =	{978-3-95977-204-4},
  ISSN =	{1868-8969},
  year =	{2021},
  volume =	{204},
  editor =	{Mutzel, Petra and Pagh, Rasmus and Herman, Grzegorz},
  publisher =	{Schloss Dagstuhl -- Leibniz-Zentrum f{\"u}r Informatik},
  address =	{Dagstuhl, Germany},
  URL =		{https://drops.dagstuhl.de/entities/document/10.4230/LIPIcs.ESA.2021.61},
  URN =		{urn:nbn:de:0030-drops-146428},
  doi =		{10.4230/LIPIcs.ESA.2021.61},
  annote =	{Keywords: Kernel density estimation, Dimensionality reduction, Coresets, Means-shift}
}

@inproceedings{luo2023dimensionality,
author = {Luo, Xinyu and Musco, Christopher and Widdershoven, Cas},
title = {Dimensionality reduction for general KDE mode finding},
year = {2023},
publisher = {JMLR.org},
abstract = {Finding the mode of a high dimensional probability distribution D is a fundamental algorithmic problem in statistics and data analysis. There has been particular interest in efficient methods for solving the problem when D is represented as a mixture model or kernel density estimate, although few algorithmic results with worst-case approximation and runtime guarantees are known. In this work, we significantly generalize a result of (Lee et al., 2021) on mode approximation for Gaussian mixture models. We develop randomized dimensionality reduction methods for mixtures involving a broader class of kernels, including the popular logistic, sigmoid, and generalized Gaussian kernels. As in Lee et al.'s work, our dimensionality reduction results yield quasi-polynomial algorithms for mode finding with multiplicative accuracy (1 - Îµ) for any Îµ > 0. Moreover, when combined with gradient descent, they yield efficient practical heuristics for the problem. In addition to our positive results, we prove a hardness result for box kernels, showing that there is no polynomial time algorithm for finding the mode of a kernel density estimate, unless P = NP. Obtaining similar hardness results for kernels used in practice (like Gaussian or logistic kernels) is an interesting future direction.},
booktitle = {Proceedings of the 40th International Conference on Machine Learning},
articleno = {958},
numpages = {16},
location = {Honolulu, Hawaii, USA},
series = {ICML'23}
}

  
@inproceedings{pratap2019efficient,
  title={Efficient sketching algorithm for sparse binary data},
  author={Pratap, Rameshwar and Bera, Debajyoti and Revanuru, Karthik},
  booktitle={2019 IEEE International Conference on Data Mining (ICDM)},
  pages={508--517},
  year={2019},
  organization={IEEE}
}

@article{carbery2001distributional,
  title={Distributional and $L^q$ norm inequalities for polynomials over convex bodies in $\mathbb{R}^n$},
  author={Carbery, Anthony and Wright, James},
  journal={Mathematical research letters},
  volume={8},
  number={3},
  pages={233--248},
  year={2001},
  publisher={International Press of Boston}
}


@inproceedings{narayanan2021randomized,
  title={Randomized dimensionality reduction for facility location and single-linkage clustering},
  author={Narayanan, Shyam and Silwal, Sandeep and Indyk, Piotr and Zamir, Or},
  booktitle={International Conference on Machine Learning},
  pages={7948--7957},
  year={2021},
  organization={PMLR}
}

@inproceedings{jiang2023moderate,
  author       = {Shaofeng H.{-}C. Jiang and
                  Robert Krauthgamer and
                  Shay Sapir},
  editor       = {Wolfgang Mulzer and
                  Jeff M. Phillips},
  title        = {Moderate Dimension Reduction for k-Center Clustering},
  booktitle    = {40th International Symposium on Computational Geometry, SoCG 2024,
                  June 11-14, 2024, Athens, Greece},
  series       = {LIPIcs},
  volume       = {293},
  pages        = {64:1--64:16},
  publisher    = {Schloss Dagstuhl - Leibniz-Zentrum f{\"{u}}r Informatik},
  year         = {2024},
  url          = {https://doi.org/10.4230/LIPIcs.SoCG.2024.64},
  doi          = {10.4230/LIPICS.SOCG.2024.64},
  timestamp    = {Wed, 21 Aug 2024 22:46:00 +0200},
  biburl       = {https://dblp.org/rec/conf/compgeom/JiangKS24.bib},
  bibsource    = {dblp computer science bibliography, https://dblp.org}
}

\

@inproceedings{MakarychevMR19,
  author       = {Konstantin Makarychev and
                  Yury Makarychev and
                  Ilya P. Razenshteyn},
  editor       = {Moses Charikar and
                  Edith Cohen},
  title        = {Performance of Johnson-Lindenstrauss transform for \emph{k}-means
                  and \emph{k}-medians clustering},
  booktitle    = {Proceedings of the 51st Annual {ACM} {SIGACT} Symposium on Theory
                  of Computing, {STOC} 2019, Phoenix, AZ, USA, June 23-26, 2019},
  pages        = {1027--1038},
  publisher    = {{ACM}},
  year         = {2019},
  url          = {https://doi.org/10.1145/3313276.3316350},
  doi          = {10.1145/3313276.3316350},
  timestamp    = {Sat, 22 Jun 2019 17:53:00 +0200},
  biburl       = {https://dblp.org/rec/conf/stoc/MakarychevMR19.bib},
  bibsource    = {dblp computer science bibliography, https://dblp.org}
}


@article{indyk2007nearest,
  title={Nearest-neighbor-preserving embeddings},
  author={Indyk, Piotr and Naor, Assaf},
  journal={ACM Transactions on Algorithms (TALG)},
  volume={3},
  number={3},
  pages={31--es},
  year={2007},
  publisher={ACM New York, NY, USA}
}

@MISC {1920527,
    TITLE = {The Lebesgue measure of zero set of a polynomial function is zero},
    AUTHOR = {Nate Eldredge (https://math.stackexchange.com/users/822/nate-eldredge)},
    HOWPUBLISHED = {Mathematics Stack Exchange},
    NOTE = {URL:https://math.stackexchange.com/q/1920527 (version: 2021-07-22)},
    EPRINT = {https://math.stackexchange.com/q/1920527},
    URL = {https://math.stackexchange.com/q/1920527}
}

@inproceedings{jin2024shaving,
  author       = {Ce Jin and
                  Yinzhan Xu},
  editor       = {Bojan Mohar and
                  Igor Shinkar and
                  Ryan O'Donnell},
  title        = {Shaving Logs via Large Sieve Inequality: Faster Algorithms for Sparse
                  Convolution and More},
  booktitle    = {Proceedings of the 56th Annual {ACM} Symposium on Theory of Computing,
                  {STOC} 2024, Vancouver, BC, Canada, June 24-28, 2024},
  pages        = {1573--1584},
  publisher    = {{ACM}},
  year         = {2024},
  url          = {https://doi.org/10.1145/3618260.3649605},
  doi          = {10.1145/3618260.3649605},
  timestamp    = {Tue, 18 Jun 2024 09:24:04 +0200},
  biburl       = {https://dblp.org/rec/conf/stoc/0001X24.bib},
  bibsource    = {dblp computer science bibliography, https://dblp.org}
}



@article{BrinkmanC05,
  author       = {Bo Brinkman and
                  Moses Charikar},
  title        = {On the impossibility of dimension reduction in l\({}_{\mbox{1}}\)},
  journal      = {J. {ACM}},
  volume       = {52},
  number       = {5},
  pages        = {766--788},
  year         = {2005},
  url          = {https://doi.org/10.1145/1089023.1089026},
  doi          = {10.1145/1089023.1089026},
  timestamp    = {Sat, 30 Sep 2023 10:17:30 +0200},
  biburl       = {https://dblp.org/rec/journals/jacm/BrinkmanC05.bib},
  bibsource    = {dblp computer science bibliography, https://dblp.org}
}

@inproceedings{BringmannFN22,
  author       = {Karl Bringmann and
                  Nick Fischer and
                  Vasileios Nakos},
  editor       = {Joseph (Seffi) Naor and
                  Niv Buchbinder},
  title        = {Deterministic and Las Vegas Algorithms for Sparse Nonnegative Convolution},
  booktitle    = {Proceedings of the 2022 {ACM-SIAM} Symposium on Discrete Algorithms,
                  {SODA} 2022, Virtual Conference / Alexandria, VA, USA, January 9 -
                  12, 2022},
  pages        = {3069--3090},
  publisher    = {{SIAM}},
  year         = {2022},
  url          = {https://doi.org/10.1137/1.9781611977073.119},
  doi          = {10.1137/1.9781611977073.119},
  timestamp    = {Tue, 12 Apr 2022 11:24:56 +0200},
  biburl       = {https://dblp.org/rec/conf/soda/BringmannFN22.bib},
  bibsource    = {dblp computer science bibliography, https://dblp.org}
}

@inproceedings{BringmannFN21,
  author       = {Karl Bringmann and
                  Nick Fischer and
                  Vasileios Nakos},
  editor       = {Samir Khuller and
                  Virginia Vassilevska Williams},
  title        = {Sparse nonnegative convolution is equivalent to dense nonnegative
                  convolution},
  booktitle    = {{STOC} '21: 53rd Annual {ACM} {SIGACT} Symposium on Theory of Computing,
                  Virtual Event, Italy, June 21-25, 2021},
  pages        = {1711--1724},
  publisher    = {{ACM}},
  year         = {2021},
  url          = {https://doi.org/10.1145/3406325.3451090},
  doi          = {10.1145/3406325.3451090},
  timestamp    = {Tue, 22 Jun 2021 20:03:56 +0200},
  biburl       = {https://dblp.org/rec/conf/stoc/BringmannFN21.bib},
  bibsource    = {dblp computer science bibliography, https://dblp.org}
}

@article{izzo2021dimensionality,
  title={Dimensionality reduction for wasserstein barycenter},
  author={Izzo, Zachary and Silwal, Sandeep and Zhou, Samson},
  journal={Advances in neural information processing systems},
  volume={34},
  pages={15582--15594},
  year={2021}
}


@inproceedings{andoni2018approximate,
  title={Approximate nearest neighbor search in high dimensions},
  author={Andoni, Alexandr and Indyk, Piotr and Razenshteyn, Ilya},
  booktitle={Proceedings of the International Congress of Mathematicians: Rio de Janeiro 2018},
  pages={3287--3318},
  year={2018},
  organization={World Scientific}
}


@inproceedings{becchetti2019oblivious,
  title={Oblivious dimension reduction for k-means: beyond subspaces and the Johnson-Lindenstrauss lemma},
  author={Becchetti, Luca and Bury, Marc and Cohen-Addad, Vincent and Grandoni, Fabrizio and Schwiegelshohn, Chris},
  booktitle={Proceedings of the 51st annual ACM SIGACT symposium on theory of computing},
  pages={1039--1050},
  year={2019}
}


@inproceedings{cohen2015dimensionality,
  title={Dimensionality reduction for k-means clustering and low rank approximation},
  author={Cohen, Michael B and Elder, Sam and Musco, Cameron and Musco, Christopher and Persu, Madalina},
  booktitle={Proceedings of the forty-seventh annual ACM symposium on Theory of computing},
  pages={163--172},
  year={2015}
}


@article{boutsidis2010random,
  title={Random projections for $ k $-means clustering},
  author={Boutsidis, Christos and Zouzias, Anastasios and Drineas, Petros},
  journal={Advances in neural information processing systems},
  volume={23},
  year={2010}
}


@article{woodruff2014sketching,
  title={Sketching as a tool for numerical linear algebra},
  author={Woodruff, David P and others},
  journal={Foundations and Trends{\textregistered} in Theoretical Computer Science},
  volume={10},
  number={1--2},
  pages={1--157},
  year={2014},
  publisher={Now Publishers, Inc.}
}



@book{foucart,
  author       = {Simon Foucart and
                  Holger Rauhut},
  title        = {A Mathematical Introduction to Compressive Sensing},
  series       = {Applied and Numerical Harmonic Analysis},
  publisher    = {Birkh{\"{a}}user},
  year         = {2013},
  url          = {https://doi.org/10.1007/978-0-8176-4948-7},
  doi          = {10.1007/978-0-8176-4948-7},
  isbn         = {978-0-8176-4947-0},
  timestamp    = {Wed, 14 Jun 2017 20:28:58 +0200},
  biburl       = {https://dblp.org/rec/books/daglib/0036092.bib},
  bibsource    = {dblp computer science bibliography, https://dblp.org}
}

@article{yuster2005fast,
  title={Fast sparse matrix multiplication},
  author={Yuster, Raphael and Zwick, Uri},
  journal={ACM Transactions On Algorithms (TALG)},
  volume={1},
  number={1},
  pages={2--13},
  year={2005},
  publisher={ACM New York, NY, USA}
}


@article{jayram2013optimal,
  title={Optimal bounds for Johnson-Lindenstrauss transforms and streaming problems with subconstant error},
  author={Jayram, Thathachar S and Woodruff, David P},
  journal={ACM Transactions on Algorithms (TALG)},
  volume={9},
  number={3},
  pages={1--17},
  year={2013},
  publisher={ACM New York, NY, USA}
}


@inproceedings{hegde2015nearly,
  title={A nearly-linear time framework for graph-structured sparsity},
  author={Hegde, Chinmay and Indyk, Piotr and Schmidt, Ludwig},
  booktitle={International Conference on Machine Learning},
  pages={928--937},
  year={2015},
  organization={PMLR}
}

@article{kane2014sparser,
  title={Sparser johnson-lindenstrauss transforms},
  author={Kane, Daniel M and Nelson, Jelani},
  journal={Journal of the ACM (JACM)},
  volume={61},
  number={1},
  pages={1--23},
  year={2014},
  publisher={ACM New York, NY, USA}
}

@inproceedings{price2022hardness,
  title={Hardness and algorithms for robust and sparse optimization},
  author={Price, Eric and Silwal, Sandeep and Zhou, Samson},
  booktitle={International Conference on Machine Learning},
  pages={17926--17944},
  year={2022},
  organization={PMLR}
}


@inproceedings{AndoniR15,
  author    = {Alexandr Andoni and
               Ilya P. Razenshteyn},
  title     = {Optimal Data-Dependent Hashing for Approximate Near Neighbors},
  booktitle = {Proceedings of the Forty-Seventh Annual {ACM} on Symposium on Theory of Computing, {STOC}},
  pages     = {793--801},
  year      = {2015}
}

@article{cadima1995loading,
  title={Loading and correlations in the interpretation of principle compenents},
  author={Cadima, Jorge and Jolliffe, Ian T.},
  journal={Journal of applied Statistics},
  volume={22},
  number={2},
  pages={203--214},
  year={1995}
}

@article{shen2008sparse,
  title={Sparse principal component analysis via regularized low rank matrix approximation},
  author={Shen, Haipeng and Huang, Jianhua Z.},
  journal={Journal of multivariate analysis},
  volume={99},
  number={6},
  pages={1015--1034},
  year={2008}
}

@article{zou2006sparse,
  title={Sparse principal component analysis},
  author={Zou, Hui and Hastie, Trevor and Tibshirani, Robert},
  journal={Journal of computational and graphical statistics},
  volume={15},
  number={2},
  pages={265--286},
  year={2006}
}

@article{zou2005regularization,
  title={Regularization and variable selection via the elastic net},
  author={Zou, Hui and Hastie, Trevor},
  journal={Journal of the royal statistical society: series B (statistical methodology)},
  volume={67},
  number={2},
  pages={301--320},
  year={2005}
}

@article{jolliffe2003modified,
  title={A modified principal component technique based on the LASSO},
  author={Jolliffe, Ian T. and Trendafilov, Nickolay T. and Uddin, Mudassir},
  journal={Journal of computational and Graphical Statistics},
  volume={12},
  number={3},
  pages={531--547},
  year={2003}
}

@article{ChowdhuryDWZ20,
  author    = {Agniva Chowdhury and
               Petros Drineas and
               David P. Woodruff and
               Samson Zhou},
  title     = {Approximation Algorithms for Sparse Principal Component Analysis},
  journal   = {CoRR},
  volume    = {abs/2006.12748},
  year      = {2020}
}

@inproceedings{ChowdhuryBZWD22,
  author    = {Agniva Chowdhury and
               Aritra Bose and
               Samson Zhou and
               David P. Woodruff and
               Petros Drineas},
  title     = {A Fast, Provably Accurate Approximation Algorithm for Sparse Principal Component Analysis Reveals Human Genetic Variation Across the World},
  booktitle = {Research in Computational Molecular Biology - 26th Annual International Conference, {RECOMB}, Proceedings},
  pages     = {86--106},
  year      = {2022}
}

@article{dAspremontGJL07,
  author    = {Alexandre d'Aspremont and
               Laurent El Ghaoui and
               Michael I. Jordan and
               Gert R. G. Lanckriet},
  title     = {A Direct Formulation for Sparse {PCA} Using Semidefinite Programming},
  journal   = {{SIAM} Rev.},
  volume    = {49},
  number    = {3},
  pages     = {434--448},
  year      = {2007}
}

@inproceedings{AsterisPKD15,
  author    = {Megasthenis Asteris and
               Dimitris S. Papailiopoulos and
               Anastasios Kyrillidis and
               Alexandros G. Dimakis},
  title     = {Sparse {PCA} via Bipartite Matchings},
  booktitle = {Advances in Neural Information Processing Systems 28: Annual Conference
               on Neural Information Processing Systems},
  pages     = {766--774},
  year      = {2015}
}

@inproceedings{ChanPR16,
  author    = {Siu On Chan and
               Dimitris Papailliopoulos and
               Aviad Rubinstein},
  title     = {On the Approximability of Sparse {PCA}},
  booktitle = {Proceedings of the 29th Conference on Learning Theory, {COLT}},
  pages     = {623--646},
  year      = {2016}
}
@inproceedings{mai2023optimal,
  title={Optimal Sketching Bounds for Sparse Linear Regression},
  author={Mai, Tung and Munteanu, Alexander and Musco, Cameron and Rao, Anup and Schwiegelshohn, Chris and Woodruff, David},
  booktitle={International Conference on Artificial Intelligence and Statistics},
  pages={11288--11316},
  year={2023},
  organization={PMLR}
}
@article{Magdon-Ismail17,
  author    = {Malik Magdon{-}Ismail},
  title     = {NP-hardness and inapproximability of sparse {PCA}},
  journal   = {Inf. Process. Lett.},
  volume    = {126},
  pages     = {35--38},
  year      = {2017}
}

@inproceedings{MoghaddamWA06,
  author    = {Baback Moghaddam and
               Yair Weiss and
               Shai Avidan},
  title     = {Generalized spectral bounds for sparse {LDA}},
  booktitle = {Machine Learning, Proceedings of the Twenty-Third International Conference
               {ICML}},
  pages     = {641--648},
  year      = {2006},
}

@inproceedings{dOrsiKNS20,
  author    = {Tommaso d'Orsi and
               Pravesh K. Kothari and
               Gleb Novikov and
               David Steurer},
  title     = {Sparse {PCA:} Algorithms, Adversarial Perturbations and Certificates},
  booktitle = {61st {IEEE} Annual Symposium on Foundations of Computer Science, {FOCS}},
  pages     = {553--564},
  year      = {2020}
}

@inproceedings{amini2008high,
  title={High-dimensional analysis of semidefinite relaxations for sparse principal components},
  author={Amini, Arash A. and Wainwright, Martin J.},
  booktitle={2008 IEEE international symposium on information theory},
  pages={2454--2458},
  year={2008}
}

@article{d2008optimal,
  title={Optimal Solutions for Sparse Principal Component Analysis.},
  author={d'Aspremont, Alexandre and Bach, Francis and El Ghaoui, Laurent},
  journal={Journal of Machine Learning Research},
  volume={9},
  number={7},
  year={2008}
}

@article{jolliffe1995rotation,
  title={Rotation of principal components: choice of normalization constraints},
  author={Jolliffe, Ian T.},
  journal={Journal of Applied Statistics},
  volume={22},
  number={1},
  pages={29--35},
  year={1995}
}

@article{loh2015regularized,
  title={Regularized M-estimators with nonconvexity: Statistical and algorithmic theory for local optima},
  author={Loh, Po-Ling and Wainwright, Martin J.},
  journal={The Journal of Machine Learning Research},
  volume={16},
  number={1},
  pages={559--616},
  year={2015}
}

@article{fan2001variable,
  title={Variable selection via nonconcave penalized likelihood and its oracle properties},
  author={Fan, Jianqing and Li, Runze},
  journal={Journal of the American statistical Association},
  volume={96},
  number={456},
  pages={1348--1360},
  year={2001}
}

@article{frank1993statistical,
  title={A statistical view of some chemometrics regression tools},
  author={Frank, LLdiko E. and Friedman, Jerome H.},
  journal={Technometrics},
  volume={35},
  number={2},
  pages={109--135},
  year={1993}
}

@article{candes2007dantzig,
  title={The Dantzig selector: Statistical estimation when p is much larger than n},
  author={Candes, Emmanuel and Tao, Terence},
  journal={The annals of Statistics},
  volume={35},
  number={6},
  pages={2313--2351},
  year={2007}
}

@article{ChenDS98,
  author    = {Scott Shaobing Chen and
               David L. Donoho and
               Michael A. Saunders},
  title     = {Atomic Decomposition by Basis Pursuit},
  journal   = {{SIAM} J. Sci. Comput.},
  volume    = {20},
  number    = {1},
  pages     = {33--61},
  year      = {1998}
}

@article{ChenYW19,
  author    = {Yichen Chen and
               Yinyu Ye and
               Mengdi Wang},
  title     = {Approximation Hardness for {A} Class of Sparse Optimization Problems},
  journal   = {J. Mach. Learn. Res.},
  volume    = {20},
  pages     = {38:1--38:27},
  year      = {2019}
}

@inproceedings{Har-PeledIM18,
  author    = {Sariel Har{-}Peled and
               Piotr Indyk and
               Sepideh Mahabadi},
  title     = {Approximate Sparse Linear Regression},
  booktitle = {45th International Colloquium on Automata, Languages, and Programming, {ICALP}},
  volume    = {107},
  pages     = {77:1--77:14},
  year      = {2018}
}

@inproceedings{Mahabadi15,
  author    = {Sepideh Mahabadi},
  title     = {Approximate Nearest Line Search in High Dimensions},
  booktitle = {Proceedings of the Twenty-Sixth Annual {ACM-SIAM} Symposium on Discrete Algorithms, {SODA}},
  pages     = {337--354},
  year      = {2015}
}

@article{davis1997adaptive,
  title={Adaptive greedy approximations},
  author={Davis, Geoff and Mallat, Stephane and Avellaneda, Marco},
  journal={Constructive approximation},
  volume={13},
  number={1},
  pages={57--98},
  year={1997}
}

@article{Natarajan95,
  author    = {Balas K. Natarajan},
  title     = {Sparse Approximate Solutions to Linear Systems},
  journal   = {{SIAM} J. Comput.},
  volume    = {24},
  number    = {2},
  pages     = {227--234},
  year      = {1995}
}

@article{hoerl1970ridge,
  title={Ridge regression: Biased estimation for nonorthogonal problems},
  author={Hoerl, Arthur E. and Kennard, Robert W.},
  journal={Technometrics},
  volume={12},
  number={1},
  pages={55--67},
  year={1970}
}

@article{tibshirani1996regression,
  title={Regression shrinkage and selection via the lasso},
  author={Tibshirani, Robert},
  journal={Journal of the Royal Statistical Society: Series B (Methodological)},
  volume={58},
  number={1},
  pages={267--288},
  year={1996}
}

@inproceedings{ClarksonWW19,
  author    = {Kenneth L. Clarkson and
               Ruosong Wang and
               David P. Woodruff},
  title     = {Dimensionality Reduction for Tukey Regression},
  booktitle = {Proceedings of the 36th International Conference on Machine Learning, {ICML}},
  year      = {2019}
}

@inproceedings{TukanWZBF22,
  author    = {Murad Tukan and
               Xuan Wu and
               Samson Zhou and
               Vladimir Braverman and
               Dan Feldman},
  title     = {New Coresets for Projective Clustering and Applications},
  booktitle = {International Conference on Artificial Intelligence and Statistics, {AISTATS}},
  year      = {2022}
}

@inproceedings{ClarksonW15,
  author    = {Kenneth L. Clarkson and
               David P. Woodruff},
  title     = {Sketching for \emph{M}-Estimators: {A} Unified Approach to Robust Regression},
  booktitle = {Proceedings of the Twenty-Sixth Annual {ACM-SIAM} Symposium on Discrete Algorithms, {SODA}},
  pages     = {921--939},
  year      = {2015}
}

@inproceedings{FosterKT15,
  author    = {Dean P. Foster and
               Howard J. Karloff and
               Justin Thaler},
  title     = {Variable Selection is Hard},
  booktitle = {Proceedings of The 28th Conference on Learning Theory, {COLT}},
  volume    = {40},
  pages     = {696--709},
  year      = {2015}
}

@article{DemanetH14,
  title={Scaling law for recovering the sparsest element in a subspace},
  author={Demanet, Laurent and Hand, Paul},
  journal={Information and Inference: A Journal of the IMA},
  volume={3},
  number={4},
  pages={295--309},
  year={2014},
  publisher={OUP}
}

@article{ODonnellWZ15,
  author    = {Ryan O'Donnell and
               Yi Wu and
               Yuan Zhou},
  title     = {Hardness of Max-2Lin and Max-3Lin over Integers, Reals, and Large
               Cyclic Groups},
  journal   = {{ACM} Trans. Comput. Theory},
  volume    = {7},
  number    = {2},
  pages     = {9:1--9:16},
  year      = {2015}
}


@misc{gupte2021finegrained,
      title={The Fine-Grained Hardness of Sparse Linear Regression}, 
      author={Aparna Gupte and Vinod Vaikuntanathan},
      year={2021},
      eprint={2106.03131},
      archivePrefix={arXiv},
      primaryClass={cs.LG}
}

@inproceedings{Cands2005ErrorCV,
  title={Error correction via linear programming},
  author={Emmanuel J. Cand{\`e}s and Mark Rudelson and Terence Tao and Roman Vershynin},
  booktitle={FOCS 2005},
  year={2005}
}

@article{Rossi2014SpatialCS,
  title={Spatial Compressive Sensing for MIMO Radar},
  author={Marco Rossi and Alexander M. Haimovich and Yonina C. Eldar},
  journal={IEEE Transactions on Signal Processing},
  year={2014},
  volume={62},
  pages={419-430}
}

@article{Axell2012SpectrumSF,
  title={Spectrum Sensing for Cognitive Radio : State-of-the-Art and Recent Advances},
  author={Erik Axell and Geert Leus and Erik G. Larsson and H. Vincent Poor},
  journal={IEEE Signal Processing Magazine},
  year={2012},
  volume={29},
  pages={101-116}
}

@article{Dymarski2013SparseSM,
  title={Sparse signal modeling in a scalable CELP coder},
  author={Przemyslaw Dymarski and Rafal Romaniuk},
  journal={21st European Signal Processing Conference (EUSIPCO 2013)},
  year={2013},
  pages={1-5}
}

@misc{Ens2013OptimizedSW,
  title={Optimized Sinus Wave generation with Compressed Sensing for Radar Applications},
  author={Alexander Ens and Adnan Yousaf and Thomas Ostertag and Leonhard Michael Reindl},
  year={2013}
}

@article{Keiper2016CompressedSF,
  title={Compressed Sensing for Finite-Valued Signals},
  author={Sandra Keiper and Gitta Kutyniok and Dae Gwan Lee and G{\"o}tz E. Pfander},
  journal={arXiv: Optimization and Control},
  year={2016}
}

@article{Fosson2018NonconvexLA,
  title={Non-convex Lasso-kind approach to compressed sensing for finite-valued signals},
  author={Sophie Marie Fosson},
  journal={arXiv: Optimization and Control},
  year={2018}
}

@inproceedings{indyk1998approximate,
  title={Approximate nearest neighbors: towards removing the curse of dimensionality},
  author={Indyk, Piotr and Motwani, Rajeev},
  booktitle={Proceedings of the thirtieth annual ACM symposium on Theory of computing},
  pages={604--613},
  year={1998}
}

@article{har2012approximate,
  title={Approximate nearest neighbor: Towards removing the curse of dimensionality},
  author={Har-Peled, Sariel and Indyk, Piotr and Motwani, Rajeev},
  journal={Theory of computing},
  volume={8},
  number={1},
  pages={321--350},
  year={2012},
  publisher={Theory of Computing Exchange}
}

@article{Karahanoglu2012AOM,
  title={A* orthogonal matching pursuit: Best-first search for compressed sensing signal recovery},
  author={Nazim Burak Karahanoglu and Hakan Erdogan},
  journal={Digit. Signal Process.},
  year={2012},
  volume={22},
  pages={555-568}
}

@article{Nakarmi2012BCSCS,
  title={BCS: Compressive sensing for binary sparse signals},
  author={Ukash Nakarmi and Nazanin Rahnavard},
  journal={MILCOM 2012 - 2012 IEEE Military Communications Conference},
  year={2012},
  pages={1-5}
}

@article{Meng2010CollaborativeSS,
  title={Collaborative spectrum sensing from sparse observations using matrix completion for cognitive radio networks},
  author={Jia Meng and Wotao Yin and Husheng Li and Ekram Hossain and Zhu Han},
  journal={2010 IEEE International Conference on Acoustics, Speech and Signal Processing},
  year={2010},
  pages={3114-3117}
}

@inproceedings{chan2016,
  title={On the Approximability of Sparse PCA},
  author={Siu On Chan and Dimitris Papailliopoulos and Aviad Rubinstein},
  booktitle={COLT},
  year={2016}
}

@article{arya2014,
  title={Better $\epsilon$-Dependencies for Offline Approximate Nearest Neighbor Search, Euclidean Minimum Spanning Trees, and $\epsilon$-Kernels},
  author={Sunil Arya and Timothy M. Chan},
  journal={Proceedings of the thirtieth annual symposium on Computational geometry},
  year={2014}
}

@article{chan2018,
  title={Applications of Chebyshev polynomials to low-dimensional computational geometry},
  author={Timothy M. Chan},
  journal={J. Comput. Geom.},
  year={2018},
  volume={9},
  pages={3-20}
}

@article{broderick2020automatic,
  title={An automatic finite-sample robustness metric: Can dropping a little data change conclusions},
  author={Broderick, Tamara and Giordano, Ryan and Meager, Rachael},
  journal={arXiv preprint arXiv:2011.14999},
  pages={16},
  year={2020}
}


@article{koren2009matrix,
  title={Matrix factorization techniques for recommender systems},
  author={Koren, Yehuda and Bell, Robert and Volinsky, Chris},
  journal={Computer},
  volume={42},
  number={8},
  pages={30--37},
  year={2009},
  publisher={IEEE}
}


@article{StuderKPB12,
  author    = {Christoph Studer and
               Patrick Kuppinger and
               Graeme Pope and
               Helmut B{\"{o}}lcskei},
  title     = {Recovery of Sparsely Corrupted Signals},
  journal   = {{IEEE} Trans. Inf. Theory},
  volume    = {58},
  number    = {5},
  pages     = {3115--3130},
  year      = {2012},
  url       = {https://doi.org/10.1109/TIT.2011.2179701},
  doi       = {10.1109/TIT.2011.2179701},
  timestamp = {Tue, 10 Mar 2020 10:45:40 +0100},
  biburl    = {https://dblp.org/rec/journals/tit/StuderKPB12.bib},
  bibsource = {dblp computer science bibliography, https://dblp.org}
}

@article{jambulapati2021robust,
  title={Robust Regression Revisited: Acceleration and Improved Estimation Rates},
  author={Jambulapati, Arun and Li, Jerry and Schramm, Tselil and Tian, Kevin},
  journal={arXiv preprint arXiv:2106.11938},
  year={2021}
}


@article{CormodeM05,
  author       = {Graham Cormode and
                  S. Muthukrishnan},
  title        = {An improved data stream summary: the count-min sketch and its applications},
  journal      = {J. Algorithms},
  volume       = {55},
  number       = {1},
  pages        = {58--75},
  year         = {2005},
  url          = {https://doi.org/10.1016/j.jalgor.2003.12.001},
  doi          = {10.1016/J.JALGOR.2003.12.001},
  timestamp    = {Fri, 07 May 2021 12:53:46 +0200},
  biburl       = {https://dblp.org/rec/journals/jal/CormodeM05.bib},
  bibsource    = {dblp computer science bibliography, https://dblp.org}
}

@inproceedings{KlivansKM18,
  author    = {Adam R. Klivans and
               Pravesh K. Kothari and
               Raghu Meka},
  title     = {Efficient Algorithms for Outlier-Robust Regression},
  booktitle = {Conference On Learning Theory, {COLT}},
  pages     = {1420--1430},
  year      = {2018}
}

@inproceedings{KarmalkarKK19,
  author    = {Sushrut Karmalkar and
               Adam R. Klivans and
               Pravesh Kothari},
  title     = {List-decodable Linear Regression},
  booktitle = {Advances in Neural Information Processing Systems 32: Annual Conference on Neural Information Processing Systems, NeurIPS},
  pages     = {7423--7432},
  year      = {2019}
}

@inproceedings{DiakonikolasKS19,
  author    = {Ilias Diakonikolas and
               Weihao Kong and
               Alistair Stewart},
  title     = {Efficient Algorithms and Lower Bounds for Robust Linear Regression},
  booktitle = {Proceedings of the Thirtieth Annual {ACM-SIAM} Symposium on Discrete Algorithms, {SODA}},
  pages     = {2745--2754},
  year      = {2019}
}

@article{Cherapanamjeri2020,
  author    = {Yeshwanth Cherapanamjeri and
               Efe Aras and
               Nilesh Tripuraneni and
               Michael I. Jordan and
               Nicolas Flammarion and
               Peter L. Bartlett},
  title     = {Optimal Robust Linear Regression in Nearly Linear Time},
  journal   = {CoRR},
  volume    = {abs/2007.08137},
  year      = {2020}
}

@inproceedings{BakshiP21,
  author    = {Ainesh Bakshi and
               Adarsh Prasad},
  title     = {Robust linear regression: optimal rates in polynomial time},
  booktitle = {{STOC} '21: 53rd Annual {ACM} {SIGACT} Symposium on Theory of Computing},
  pages     = {102--115},
  year      = {2021}
}

@article{zhu2020,
  author    = {Banghua Zhu and
               Jiantao Jiao and
               Jacob Steinhardt},
  title     = {Robust estimation via generalized quasi-gradients},
  journal   = {CoRR},
  volume    = {abs/2005.14073},
  year      = {2020}
}

@inproceedings{BhatiaJK15,
  author    = {Kush Bhatia and
               Prateek Jain and
               Purushottam Kar},
  title     = {Robust Regression via Hard Thresholding},
  booktitle = {Advances in Neural Information Processing Systems 28: Annual Conference on Neural Information Processing Systems},
  pages     = {721--729},
  year      = {2015}
}

@inproceedings{Bhatia0KK17,
  author    = {Kush Bhatia and
               Prateek Jain and
               Parameswaran Kamalaruban and
               Purushottam Kar},
  title     = {Consistent Robust Regression},
  booktitle = {Advances in Neural Information Processing Systems 30: Annual Conference on Neural Information Processing Systems},
  pages     = {2110--2119},
  year      = {2017}
}

@inproceedings{SuggalaBR019,
  author    = {Arun Sai Suggala and
               Kush Bhatia and
               Pradeep Ravikumar and
               Prateek Jain},
  title     = {Adaptive Hard Thresholding for Near-optimal Consistent Robust Regression},
  booktitle = {Conference on Learning Theory, {COLT}},
  pages     = {2892--2897},
  year      = {2019}
}


@article{coleman1986null,
  title={The null space problem I. Complexity},
  author={Coleman, Thomas F and Pothen, Alex},
  journal={SIAM Journal on Algebraic Discrete Methods},
  volume={7},
  number={4},
  pages={527--537},
  year={1986},
  publisher={SIAM}
}


@inproceedings{li2014turnstile,
  title={Turnstile streaming algorithms might as well be linear sketches},
  author={Li, Yi and Nguyen, Huy L and Woodruff, David P},
  booktitle={Proceedings of the forty-sixth annual ACM symposium on Theory of computing},
  pages={174--183},
  year={2014}
}
