@inproceedings{azar2024general,
  title={A general theoretical paradigm to understand learning from human preferences},
  author={Azar, Mohammad Gheshlaghi and Guo, Zhaohan Daniel and Piot, Bilal and Munos, Remi and Rowland, Mark and Valko, Michal and Calandriello, Daniele},
  booktitle={International Conference on Artificial Intelligence and Statistics},
  pages={4447--4455},
  year={2024},
  organization={PMLR}
}

@inproceedings{chowdhury2024provably,
author = {Chowdhury, Sayak Ray and Kini, Anush and Natarajan, Nagarajan},
title = {Provably Robust DPO: Aligning Language Models with Noisy Feedback},
booktitle = {ICML 2024},
year = {2024},
month = {May},
}

@article{de2020autoregressive,
  title={Autoregressive entity retrieval},
  author={De Cao, Nicola and Izacard, Gautier and Riedel, Sebastian and Petroni, Fabio},
  journal={arXiv preprint arXiv:2010.00904},
  year={2020}
}

@article{dubey2024llama,
  title={The llama 3 herd of models},
  author={Dubey, Abhimanyu and Jauhri, Abhinav and Pandey, Abhinav and Kadian, Abhishek and Al-Dahle, Ahmad and Letman, Aiesha and Mathur, Akhil and Schelten, Alan and Yang, Amy and Fan, Angela and others},
  journal={arXiv preprint arXiv:2407.21783},
  year={2024}
}

@article{feng2022recommender,
  title={Recommender forest for efficient retrieval},
  author={Feng, Chao and Li, Wuchao and Lian, Defu and Liu, Zheng and Chen, Enhong},
  journal={Advances in Neural Information Processing Systems},
  volume={35},
  pages={38912--38924},
  year={2022}
}

@article{ge2013optimized,
  title={Optimized product quantization},
  author={Ge, Tiezheng and He, Kaiming and Ke, Qifa and Sun, Jian},
  journal={IEEE transactions on pattern analysis and machine intelligence},
  volume={36},
  number={4},
  pages={744--755},
  year={2013},
  publisher={IEEE}
}

@article{houle2014rank,
  title={Rank-based similarity search: Reducing the dimensional dependence},
  author={Houle, Michael E and Nett, Michael},
  journal={IEEE transactions on pattern analysis and machine intelligence},
  volume={37},
  number={1},
  pages={136--150},
  year={2014},
  publisher={IEEE}
}

@article{jegou2010product,
  title={Product quantization for nearest neighbor search},
  author={Jegou, Herve and Douze, Matthijs and Schmid, Cordelia},
  journal={IEEE transactions on pattern analysis and machine intelligence},
  volume={33},
  number={1},
  pages={117--128},
  year={2010},
  publisher={IEEE}
}

@article{muja2014scalable,
  title={Scalable nearest neighbor algorithms for high dimensional data},
  author={Muja, Marius and Lowe, David G},
  journal={IEEE transactions on pattern analysis and machine intelligence},
  volume={36},
  number={11},
  pages={2227--2240},
  year={2014},
  publisher={IEEE}
}

@article{ouyang2022training,
  title={Training language models to follow instructions with human feedback},
  author={Ouyang, Long and Wu, Jeffrey and Jiang, Xu and Almeida, Diogo and Wainwright, Carroll and Mishkin, Pamela and Zhang, Chong and Agarwal, Sandhini and Slama, Katarina and Ray, Alex and others},
  journal={Advances in neural information processing systems},
  volume={35},
  pages={27730--27744},
  year={2022}
}

@article{rafailov2024direct,
  title={Direct preference optimization: Your language model is secretly a reward model},
  author={Rafailov, Rafael and Sharma, Archit and Mitchell, Eric and Manning, Christopher D and Ermon, Stefano and Finn, Chelsea},
  journal={Advances in Neural Information Processing Systems},
  volume={36},
  year={2024}
}

@article{rajput2023recommender,
  title={Recommender systems with generative retrieval},
  author={Rajput, Shashank and Mehta, Nikhil and Singh, Anima and Hulikal Keshavan, Raghunandan and Vu, Trung and Heldt, Lukasz and Hong, Lichan and Tay, Yi and Tran, Vinh and Samost, Jonah and others},
  journal={Advances in Neural Information Processing Systems},
  volume={36},
  pages={10299--10315},
  year={2023}
}

@article{shrivastava2014asymmetric,
  title={Asymmetric LSH (ALSH) for sublinear time maximum inner product search (MIPS)},
  author={Shrivastava, Anshumali and Li, Ping},
  journal={Advances in neural information processing systems},
  volume={27},
  year={2014}
}

@article{stiennon2020learning,
  title={Learning to summarize with human feedback},
  author={Stiennon, Nisan and Ouyang, Long and Wu, Jeffrey and Ziegler, Daniel and Lowe, Ryan and Voss, Chelsea and Radford, Alec and Amodei, Dario and Christiano, Paul F},
  journal={Advances in Neural Information Processing Systems},
  volume={33},
  pages={3008--3021},
  year={2020}
}

@inproceedings{tang2023recent,
  title={Recent advances in generative information retrieval},
  author={Tang, Yubao and Zhang, Ruqing and Guo, Jiafeng and de Rijke, Maarten},
  booktitle={Proceedings of the Annual International ACM SIGIR Conference on Research and Development in Information Retrieval in the Asia Pacific Region},
  pages={294--297},
  year={2023}
}

@article{tay2022transformer,
  title={Transformer memory as a differentiable search index},
  author={Tay, Yi and Tran, Vinh and Dehghani, Mostafa and Ni, Jianmo and Bahri, Dara and Mehta, Harsh and Qin, Zhen and Hui, Kai and Zhao, Zhe and Gupta, Jai and others},
  journal={Advances in Neural Information Processing Systems},
  volume={35},
  pages={21831--21843},
  year={2022}
}

@inproceedings{wang2024eager,
  title={EAGER: Two-Stream Generative Recommender with Behavior-Semantic Collaboration},
  author={Wang, Ye and Xun, Jiahao and Hong, Minjie and Zhu, Jieming and Jin, Tao and Lin, Wang and Li, Haoyuan and Li, Linjun and Xia, Yan and Zhao, Zhou and others},
  booktitle={Proceedings of the 30th ACM SIGKDD Conference on Knowledge Discovery and Data Mining},
  pages={3245--3254},
  year={2024}
}

@article{xu2024contrastive,
  title={Contrastive preference optimization: Pushing the boundaries of llm performance in machine translation},
  author={Xu, Haoran and Sharaf, Amr and Chen, Yunmo and Tan, Weiting and Shen, Lingfeng and Van Durme, Benjamin and Murray, Kenton and Kim, Young Jin},
  journal={arXiv preprint arXiv:2401.08417},
  year={2024}
}

@inproceedings{zheng2024adapting,
  title={Adapting large language models by integrating collaborative semantics for recommendation},
  author={Zheng, Bowen and Hou, Yupeng and Lu, Hongyu and Chen, Yu and Zhao, Wayne Xin and Chen, Ming and Wen, Ji-Rong},
  booktitle={2024 IEEE 40th International Conference on Data Engineering (ICDE)},
  pages={1435--1448},
  year={2024},
  organization={IEEE}
}

