@article{chan2023chateval,
  title={Chateval: Towards better llm-based evaluators through multi-agent debate},
  author={Chan, Chi-Min and Chen, Weize and Su, Yusheng and Yu, Jianxuan and Xue, Wei and Zhang, Shanghang and Fu, Jie and Liu, Zhiyuan},
  journal={arXiv preprint arXiv:2308.07201},
  year={2023}
}

@article{chua2018deep,
  title={Deep reinforcement learning in a handful of trials using probabilistic dynamics models},
  author={Chua, Kurtland and Calandra, Roberto and McAllister, Rowan and Levine, Sergey},
  journal={Advances in neural information processing systems},
  volume={31},
  year={2018}
}

@article{du2023improving,
  title={Improving factuality and reasoning in language models through multiagent debate},
  author={Du, Yilun and Li, Shuang and Torralba, Antonio and Tenenbaum, Joshua B and Mordatch, Igor},
  journal={arXiv preprint arXiv:2305.14325},
  year={2023}
}

@inproceedings{fu2022complexity,
  title={Complexity-based prompting for multi-step reasoning},
  author={Fu, Yao and Peng, Hao and Sabharwal, Ashish and Clark, Peter and Khot, Tushar},
  booktitle={The Eleventh International Conference on Learning Representations},
  year={2022}
}

@article{jiang2023llm,
  title={Llm-blender: Ensembling large language models with pairwise ranking and generative fusion},
  author={Jiang, Dongfu and Ren, Xiang and Lin, Bill Yuchen},
  journal={arXiv preprint arXiv:2306.02561},
  year={2023}
}

@article{li2022advance,
  title={On the advance of making language models better reasoners},
  author={Li, Yifei and Lin, Zeqi and Zhang, Shizhuo and Fu, Qiang and Chen, Bei and Lou, Jian-Guang and Chen, Weizhu},
  journal={arXiv preprint arXiv:2206.02336},
  year={2022}
}

@article{li2024more,
  title={More agents is all you need},
  author={Li, Junyou and Zhang, Qin and Yu, Yangbin and Fu, Qiang and Ye, Deheng},
  journal={arXiv preprint arXiv:2402.05120},
  year={2024}
}

@article{liang2023encouraging,
  title={Encouraging divergent thinking in large language models through multi-agent debate},
  author={Liang, Tian and He, Zhiwei and Jiao, Wenxiang and Wang, Xing and Wang, Yan and Wang, Rui and Yang, Yujiu and Shi, Shuming and Tu, Zhaopeng},
  journal={arXiv preprint arXiv:2305.19118},
  year={2023}
}

@inproceedings{liu2020instance,
  title={Instance-based ensemble selection using deep reinforcement learning},
  author={Liu, Zhengshang and Ramamohanarao, Kotagiri},
  booktitle={2020 International Joint Conference on Neural Networks (IJCNN)},
  pages={1--7},
  year={2020},
  organization={IEEE}
}

@article{liu2020new,
  title={A new hybrid ensemble deep reinforcement learning model for wind speed short term forecasting},
  author={Liu, Hui and Yu, Chengqing and Wu, Haiping and Duan, Zhu and Yan, Guangxi},
  journal={Energy},
  volume={202},
  pages={117794},
  year={2020},
  publisher={Elsevier}
}

@inproceedings{liu2024dynamic,
  title={A dynamic LLM-powered agent network for task-oriented agent collaboration},
  author={Liu, Zijun and Zhang, Yanzhe and Li, Peng and Liu, Yang and Yang, Diyi},
  booktitle={First Conference on Language Modeling},
  year={2024}
}

@article{liu2024rl,
  title={RL-GPT: Integrating Reinforcement Learning and Code-as-policy},
  author={Liu, Shaoteng and Yuan, Haoqi and Hu, Minda and Li, Yanwei and Chen, Yukang and Liu, Shu and Lu, Zongqing and Jia, Jiaya},
  journal={arXiv preprint arXiv:2402.19299},
  year={2024}
}

@article{monea2024llms,
  title={Llms are in-context reinforcement learners},
  author={Monea, Giovanni and Bosselut, Antoine and Brantley, Kiant{\'e} and Artzi, Yoav},
  year={2024}
}

@inproceedings{nemeth2022split,
  title={Split feature space ensemble method using deep reinforcement learning for algorithmic trading},
  author={N{\'e}meth, Marcell and Sz{\H{u}}cs, G{\'a}bor},
  booktitle={Proceedings of the 2022 8th International Conference on Computer Technology Applications},
  pages={188--194},
  year={2022}
}

@article{ouyang2022training,
  title={Training language models to follow instructions with human feedback},
  author={Ouyang, Long and Wu, Jeffrey and Jiang, Xu and Almeida, Diogo and Wainwright, Carroll and Mishkin, Pamela and Zhang, Chong and Agarwal, Sandhini and Slama, Katarina and Ray, Alex and others},
  journal={Advances in neural information processing systems},
  volume={35},
  pages={27730--27744},
  year={2022}
}

@article{partalas2009pruning,
  title={Pruning an ensemble of classifiers via reinforcement learning},
  author={Partalas, Ioannis and Tsoumakas, Grigorios and Vlahavas, Ioannis},
  journal={Neurocomputing},
  volume={72},
  number={7-9},
  pages={1900--1909},
  year={2009},
  publisher={Elsevier}
}

@article{perepu2020reinforcement,
  title={Reinforcement learning based dynamic weighing of ensemble models for time series forecasting},
  author={Perepu, Satheesh K and Balaji, Bala Shyamala and Tanneru, Hemanth Kumar and Kathari, Sudhakar and Pinnamaraju, Vivek Shankar},
  journal={arXiv preprint arXiv:2008.08878},
  year={2020}
}

@article{song2023ensemble,
  title={Ensemble reinforcement learning: A survey},
  author={Song, Yanjie and Suganthan, Ponnuthurai Nagaratnam and Pedrycz, Witold and Ou, Junwei and He, Yongming and Chen, Yingwu and Wu, Yutong},
  journal={Applied Soft Computing},
  pages={110975},
  year={2023},
  publisher={Elsevier}
}

@article{sun2024llm,
  title={LLM-based Multi-Agent Reinforcement Learning: Current and Future Directions},
  author={Sun, Chuanneng and Huang, Songjun and Pompili, Dario},
  journal={arXiv preprint arXiv:2405.11106},
  year={2024}
}

@inproceedings{tekin-etal-2024-llm,
    title = "{LLM}-{TOPLA}: Efficient {LLM} Ensemble by Maximising Diversity",
    author = "Tekin, Selim Furkan  and
      Ilhan, Fatih  and
      Huang, Tiansheng  and
      Hu, Sihao  and
      Liu, Ling",
    editor = "Al-Onaizan, Yaser  and
      Bansal, Mohit  and
      Chen, Yun-Nung",
    booktitle = "Findings of the Association for Computational Linguistics: EMNLP 2024",
    month = nov,
    year = "2024",
    address = "Miami, Florida, USA",
    publisher = "Association for Computational Linguistics",
    url = "https://aclanthology.org/2024.findings-emnlp.698/",
    doi = "10.18653/v1/2024.findings-emnlp.698",
    pages = "11951--11966"
}

@article{wan2024knowledge,
  title={Knowledge fusion of large language models},
  author={Wan, Fanqi and Huang, Xinting and Cai, Deng and Quan, Xiaojun and Bi, Wei and Shi, Shuming},
  journal={arXiv preprint arXiv:2401.10491},
  year={2024}
}

@article{wang2022rationale,
  title={Rationale-augmented ensembles in language models},
  author={Wang, Xuezhi and Wei, Jason and Schuurmans, Dale and Le, Quoc and Chi, Ed and Zhou, Denny},
  journal={arXiv preprint arXiv:2207.00747},
  year={2022}
}

@article{wang2022self,
  title={Self-instruct: Aligning language models with self-generated instructions},
  author={Wang, Yizhong and Kordi, Yeganeh and Mishra, Swaroop and Liu, Alisa and Smith, Noah A and Khashabi, Daniel and Hajishirzi, Hannaneh},
  journal={arXiv preprint arXiv:2212.10560},
  year={2022}
}

@article{yao2024tree,
  title={Tree of thoughts: Deliberate problem solving with large language models},
  author={Yao, Shunyu and Yu, Dian and Zhao, Jeffrey and Shafran, Izhak and Griffiths, Tom and Cao, Yuan and Narasimhan, Karthik},
  journal={Advances in Neural Information Processing Systems},
  volume={36},
  year={2024}
}

@article{zhang2021multi,
  title={Multi-agent reinforcement learning: A selective overview of theories and algorithms},
  author={Zhang, Kaiqing and Yang, Zhuoran and Ba{\c{s}}ar, Tamer},
  journal={Handbook of reinforcement learning and control},
  pages={321--384},
  year={2021},
  publisher={Springer}
}

