@article{liu2024large,
  title={Large Language Models can Deliver Accurate and Interpretable Time Series Anomaly Detection},
  author={Liu, Jun and Zhang, Chaoyun and Qian, Jiaxu and Ma, Minghua and Qin, Si and Bansal, Chetan and Lin, Qingwei and Rajmohan, Saravan and Zhang, Dongmei},
  journal={arXiv preprint arXiv:2405.15370},
  year={2024}
}

@article{dong2024can,
  title={Can LLMs Serve As Time Series Anomaly Detectors?},
  author={Dong, Manqing and Huang, Hao and Cao, Longbing},
  journal={arXiv preprint arXiv:2408.03475},
  year={2024}
}

@article{alnegheimish2024large,
  title={Large language models can be zero-shot anomaly detectors for time series?},
  author={Alnegheimish, Sarah and Nguyen, Linh and Berti-Equille, Laure and Veeramachaneni, Kalyan},
  journal={arXiv preprint arXiv:2405.14755},
  year={2024}
}

@article{li2022constructing,
  title={Constructing large-scale real-world benchmark datasets for aiops},
  author={Li, Zeyan and Zhao, Nengwen and Zhang, Shenglin and Sun, Yongqian and Chen, Pengfei and Wen, Xidao and Ma, Minghua and Pei, Dan},
  journal={arXiv preprint arXiv:2208.03938},
  year={2022}
}

@article{huang2024survey,
  title={A survey on evaluation of multimodal large language models},
  author={Huang, Jiaxing and Zhang, Jingyi},
  journal={arXiv preprint arXiv:2408.15769},
  year={2024}
}

@article{clark2013whatever,
  title={Whatever next? Predictive brains, situated agents, and the future of cognitive science},
  author={Clark, Andy},
  journal={Behavioral and brain sciences},
  volume={36},
  number={3},
  pages={181--204},
  year={2013},
  publisher={Cambridge University Press}
}

@article{han2024comparative,
  title={Comparative Analysis of Multimodal Large Language Model Performance on Clinical Vignette Questions},
  author={Han, Tianyu and Adams, Lisa C and Bressem, Keno K and Busch, Felix and Nebelung, Sven and Truhn, Daniel},
  journal={JAMA},
  year={2024}
}

@article{wu2024multimodal,
  title={Multimodal Large Language Model is a Human-Aligned Annotator for Text-to-Image Generation},
  author={Wu, Xun and Huang, Shaohan and Wei, Furu},
  journal={arXiv preprint arXiv:2404.15100},
  year={2024}
}

@article{li2023seed,
  title={Seed-bench: Benchmarking multimodal llms with generative comprehension},
  author={Li, Bohao and Wang, Rui and Wang, Guangzhi and Ge, Yuying and Ge, Yixiao and Shan, Ying},
  journal={arXiv preprint arXiv:2307.16125},
  year={2023}
}

@article{zamanzadeh2024deep,
  title={Deep learning for time series anomaly detection: A survey},
  author={Zamanzadeh Darban, Zahra and Webb, Geoffrey I and Pan, Shirui and Aggarwal, Charu and Salehi, Mahsa},
  journal={ACM Computing Surveys},
  volume={57},
  number={1},
  pages={1--42},
  year={2024},
  publisher={ACM New York, NY}
}

@article{dau2019ucr,
  title={The UCR time series archive},
  author={Dau, Hoang Anh and Bagnall, Anthony and Kamgar, Kaveh and Yeh, Chin-Chia Michael and Zhu, Yan and Gharghabi, Shaghayegh and Ratanamahatana, Chotirat Ann and Keogh, Eamonn},
  journal={IEEE/CAA Journal of Automatica Sinica},
  volume={6},
  number={6},
  pages={1293--1305},
  year={2019},
  publisher={IEEE}
}

@article{bagnall2018uea,
  title={The UEA multivariate time series classification archive, 2018},
  author={Bagnall, Anthony and Dau, Hoang Anh and Lines, Jason and Flynn, Michael and Large, James and Bostrom, Aaron and Southam, Paul and Keogh, Eamonn},
  journal={arXiv preprint arXiv:1811.00075},
  year={2018}
}

@article{shukla2020survey,
  title={A survey on principles, models and methods for learning from irregularly sampled time series},
  author={Shukla, Satya Narayan and Marlin, Benjamin M},
  journal={arXiv preprint arXiv:2012.00168},
  year={2020}
}

@article{liu2024largekd,
  title={Large language model guided knowledge distillation for time series anomaly detection},
  author={Liu, Chen and He, Shibo and Zhou, Qihang and Li, Shizhong and Meng, Wenchao},
  journal={arXiv preprint arXiv:2401.15123},
  year={2024}
}

@article{zhou2024can,
  title={Can LLMs Understand Time Series Anomalies?},
  author={Zhou, Zihao and Yu, Rose},
  journal={arXiv preprint arXiv:2410.05440},
  year={2024}
}

@article{zhuang2024see,
  title={See it, Think it, Sorted: Large Multimodal Models are Few-shot Time Series Anomaly Analyzers},
  author={Zhuang, Jiaxin and Yan, Leon and Zhang, Zhenwei and Wang, Ruiqi and Zhang, Jiawei and Gu, Yuantao},
  journal={arXiv preprint arXiv:2411.02465},
  year={2024}
}

@article{huang2024can,
  title={Can Knowledge Editing Really Correct Hallucinations?},
  author={Huang, Baixiang and Chen, Canyu and Xu, Xiongxiao and Payani, Ali and Shu, Kai},
  journal={arXiv preprint arXiv:2410.16251},
  year={2024}
}

@article{kaddour2023challenges,
  title={Challenges and applications of large language models},
  author={Kaddour, Jean and Harris, Joshua and Mozes, Maximilian and Bradley, Herbie and Raileanu, Roberta and McHardy, Robert},
  journal={arXiv preprint arXiv:2307.10169},
  year={2023}
}

@article{moody2001impact,
  title={The impact of the MIT-BIH arrhythmia database},
  author={Moody, George B and Mark, Roger G},
  journal={IEEE engineering in medicine and biology magazine},
  volume={20},
  number={3},
  pages={45--50},
  year={2001},
  publisher={IEEE}
}

@article{bachlin2009wearable,
  title={Wearable assistant for Parkinsonâ€™s disease patients with the freezing of gait symptom},
  author={Bachlin, Marc and Plotnik, Meir and Roggen, Daniel and Maidan, Inbal and Hausdorff, Jeffrey M and Giladi, Nir and Troster, Gerhard},
  journal={IEEE Transactions on Information Technology in Biomedicine},
  volume={14},
  number={2},
  pages={436--446},
  year={2009},
  publisher={IEEE}
}

@book{greenwald1990improved,
  title={Improved detection and classification of arrhythmias in noise-corrupted electrocardiograms using contextual information},
  author={Greenwald, Scott David and Patil, Ramesh S and Mark, Roger G},
  year={1990},
  publisher={IEEE}
}

@article{black2024pi_0,
  title={A Vision-Language-Action Flow Model for General Robot Control},
  author={Black, Kevin and Brown, Noah and Driess, Danny and Esmail, Adnan and Equi, Michael and Finn, Chelsea and Fusai, Niccolo and Groom, Lachy and Hausman, Karol and Ichter, Brian and others},
  journal={arXiv preprint arXiv:2410.24164},
  year={2024}
}

@inproceedings{lai2021revisiting,
  title={Revisiting time series outlier detection: Definitions and benchmarks},
  author={Lai, Kwei-Herng and Zha, Daochen and Xu, Junjie and Zhao, Yue and Wang, Guanchu and Hu, Xia},
  booktitle={Thirty-fifth conference on neural information processing systems datasets and benchmarks track (round 1)},
  year={2021}
}

@inproceedings{berndt1994using,
  title={Using dynamic time warping to find patterns in time series},
  author={Berndt, Donald J and Clifford, James},
  booktitle={Proceedings of the 3rd international conference on knowledge discovery and data mining},
  pages={359--370},
  year={1994}
}


@inproceedings{huet2022local,
  title={Local evaluation of time series anomaly detection algorithms},
  author={Huet, Alexis and Navarro, Jose Manuel and Rossi, Dario},
  booktitle={Proceedings of the 28th ACM SIGKDD Conference on Knowledge Discovery and Data Mining},
  pages={635--645},
  year={2022}
}

@article{wang2024piecing,
  title={Piecing It All Together: Verifying Multi-Hop Multimodal Claims},
  author={Wang, Haoran and Rangapur, Aman and Xu, Xiongxiao and Liang, Yueqing and Gharwi, Haroon and Yang, Carl and Shu, Kai},
  journal={arXiv preprint arXiv:2411.09547},
  year={2024}
}

@inproceedings{sui2024table,
  title={Table meets llm: Can large language models understand structured table data? a benchmark and empirical study},
  author={Sui, Yuan and Zhou, Mengyu and Zhou, Mingjie and Han, Shi and Zhang, Dongmei},
  booktitle={Proceedings of the 17th ACM International Conference on Web Search and Data Mining},
  pages={645--654},
  year={2024}
}

@article{achiam2023gpt,
  title={Gpt-4 technical report},
  author={Achiam, Josh and Adler, Steven and Agarwal, Sandhini and Ahmad, Lama and Akkaya, Ilge and Aleman, Florencia Leoni and Almeida, Diogo and Altenschmidt, Janko and Altman, Sam and Anadkat, Shyamal and others},
  journal={arXiv preprint arXiv:2303.08774},
  year={2023}
}

@article{team2023gemini,
  title={Gemini: a family of highly capable multimodal models},
  author={Team, Gemini and Anil, Rohan and Borgeaud, Sebastian and Alayrac, Jean-Baptiste and Yu, Jiahui and Soricut, Radu and Schalkwyk, Johan and Dai, Andrew M and Hauth, Anja and Millican, Katie and others},
  journal={arXiv preprint arXiv:2312.11805},
  year={2023}
}

@article{team2024gemini,
  title={Gemini 1.5: Unlocking multimodal understanding across millions of tokens of context},
  author={Team, Gemini and Georgiev, Petko and Lei, Ving Ian and Burnell, Ryan and Bai, Libin and Gulati, Anmol and Tanzer, Garrett and Vincent, Damien and Pan, Zhufeng and Wang, Shibo and others},
  journal={arXiv preprint arXiv:2403.05530},
  year={2024}
}

@misc{liu2023llava,
      title={Visual Instruction Tuning}, 
      author={Liu, Haotian and Li, Chunyuan and Wu, Qingyang and Lee, Yong Jae},
      publisher={NeurIPS},
      year={2023},
}

@misc{li2024llavanext-strong,
    title={LLaVA-NeXT: Stronger LLMs Supercharge Multimodal Capabilities in the Wild},
    url={https://llava-vl.github.io/blog/2024-05-10-llava-next-stronger-llms/},
    author={Li, Bo and Zhang, Kaichen and Zhang, Hao and Guo, Dong and Zhang, Renrui and Li, Feng and Zhang, Yuanhan and Liu, Ziwei and Li, Chunyuan},
    month={May},
    year={2024}
}

@article{wang2024qwen2,
  title={Qwen2-vl: Enhancing vision-language model's perception of the world at any resolution},
  author={Wang, Peng and Bai, Shuai and Tan, Sinan and Wang, Shijie and Fan, Zhihao and Bai, Jinze and Chen, Keqin and Liu, Xuejing and Wang, Jialin and Ge, Wenbin and others},
  journal={arXiv preprint arXiv:2409.12191},
  year={2024}
}

@article{zhang2023speechgpt,
  title={Speechgpt: Empowering large language models with intrinsic cross-modal conversational abilities},
  author={Zhang, Dong and Li, Shimin and Zhang, Xin and Zhan, Jun and Wang, Pengyu and Zhou, Yaqian and Qiu, Xipeng},
  journal={arXiv preprint arXiv:2305.11000},
  year={2023}
}

@article{liu2024visual,
  title={Visual instruction tuning},
  author={Liu, Haotian and Li, Chunyuan and Wu, Qingyang and Lee, Yong Jae},
  journal={Advances in neural information processing systems},
  volume={36},
  year={2024}
}

@inproceedings{hu2024bliva,
  title={Bliva: A simple multimodal llm for better handling of text-rich visual questions},
  author={Hu, Wenbo and Xu, Yifan and Li, Yi and Li, Weiyue and Chen, Zeyuan and Tu, Zhuowen},
  booktitle={Proceedings of the AAAI Conference on Artificial Intelligence},
  volume={38},
  number={3},
  pages={2256--2264},
  year={2024}
}

@article{lee2024z,
  title={Z-Time: efficient and effective interpretable multivariate time series classification},
  author={Lee, Zed and Lindgren, Tony and Papapetrou, Panagiotis},
  journal={Data mining and knowledge discovery},
  volume={38},
  number={1},
  pages={206--236},
  year={2024},
  publisher={Springer}
}

@article{xu2024sst,
  title={SST: Multi-Scale Hybrid Mamba-Transformer Experts for Long-Short Range Time Series Forecasting},
  author={Xu, Xiongxiao and Chen, Canyu and Liang, Yueqing and Huang, Baixiang and Bai, Guangji and Zhao, Liang and Shu, Kai},
  journal={arXiv preprint arXiv:2404.14757},
  year={2024}
}

@inproceedings{tabassum2021actionable,
  title={Actionable Insights in Urban Multivariate Time-series},
  author={Tabassum, Anika and Chinthavali, Supriya and Tansakul, Varisara and Prakash, B Aditya},
  booktitle={Proceedings of the 30th ACM International Conference on Information \& Knowledge Management},
  pages={1774--1783},
  year={2021}
}

@article{du2024tsi,
  title={Tsi-bench: Benchmarking time series imputation},
  author={Du, Wenjie and Wang, Jun and Qian, Linglong and Yang, Yiyuan and Ibrahim, Zina and Liu, Fanxing and Wang, Zepu and Liu, Haoxin and Zhao, Zhiyuan and Zhou, Yingjie and others},
  journal={arXiv preprint arXiv:2406.12747},
  year={2024}
}

@article{huang2024graph,
  title={Graph Mixture of Experts and Memory-augmented Routers for Multivariate Time Series Anomaly Detection},
  author={Huang, Xiaoyu and Chen, Weidong and Hu, Bo and Mao, Zhendong},
  journal={arXiv preprint arXiv:2412.19108},
  year={2024}
}

@article{yang2024vitime,
  title={Vitime: A visual intelligence-based foundation model for time series forecasting},
  author={Yang, Luoxiao and Wang, Yun and Fan, Xinqi and Cohen, Israel and Chen, Jingdong and Zhao, Yue and Zhang, Zijun},
  journal={arXiv preprint arXiv:2407.07311},
  year={2024}
}

@article{zhu2023weather2k,
  title={Weather2k: A multivariate spatio-temporal benchmark dataset for meteorological forecasting based on real-time observation data from ground weather stations},
  author={Zhu, Xun and Xiong, Yutong and Wu, Ming and Nie, Gaozhen and Zhang, Bin and Yang, Ziheng},
  journal={arXiv preprint arXiv:2302.10493},
  year={2023}
}

@article{li2024time,
  title={Time series as images: Vision transformer for irregularly sampled time series},
  author={Li, Zekun and Li, Shiyang and Yan, Xifeng},
  journal={Advances in Neural Information Processing Systems},
  volume={36},
  year={2024}
}

@article{chen2024visionts,
  title={Visionts: Visual masked autoencoders are free-lunch zero-shot time series forecasters},
  author={Chen, Mouxiang and Shen, Lefei and Li, Zhuo and Wang, Xiaoyun Joy and Sun, Jianling and Liu, Chenghao},
  journal={arXiv preprint arXiv:2408.17253},
  year={2024}
}



















@inproceedings{ijcai2023p759,
  title     = {Transformers in Time Series: A Survey},
  author    = {Wen, Qingsong and Zhou, Tian and Zhang, Chaoli and Chen, Weiqi and Ma, Ziqing and Yan, Junchi and Sun, Liang},
  booktitle = {Proceedings of the Thirty-Second International Joint Conference on
               Artificial Intelligence, {IJCAI-23}},
  publisher = {International Joint Conferences on Artificial Intelligence Organization},
  editor    = {Edith Elkind},
  pages     = {6778--6786},
  year      = {2023},
  month     = {8},
  note      = {Survey Track},
  doi       = {10.24963/ijcai.2023/759},
  url       = {https://doi.org/10.24963/ijcai.2023/759},
}

@article{ma2024large,
  title={Large Language Models Are Unconscious of Unreasonability in Math Problems},
  author={Ma, Jingyuan and Dai, Damai and Sui, Zhifang},
  journal={arXiv preprint arXiv:2403.19346},
  year={2024}
}

@article{ma2023survey,
  title={A survey on time-series pre-trained models},
  author={Ma, Qianli and Liu, Zhen and Zheng, Zhenjing and Huang, Ziyang and Zhu, Siying and Yu, Zhongzhong and Kwok, James T},
  journal={arXiv preprint arXiv:2305.10716},
  year={2023}
}

@article{xu2021anomaly,
  title={Anomaly transformer: Time series anomaly detection with association discrepancy},
  author={Xu, Jiehui and Wu, Haixu and Wang, Jianmin and Long, Mingsheng},
  journal={arXiv preprint arXiv:2110.02642},
  year={2021}
}

@inproceedings{cheng2018deeptransport,
  title={Deeptransport: Learning spatial-temporal dependency for traffic condition forecasting},
  author={Cheng, Xingyi and Zhang, Ruiqing and Zhou, Jie and Xu, Wei},
  booktitle={2018 International Joint Conference on Neural Networks (IJCNN)},
  pages={1--8},
  year={2018},
  organization={IEEE}
}

@article{hewamalage2021recurrent,
  title={Recurrent neural networks for time series forecasting: Current status and future directions},
  author={Hewamalage, Hansika and Bergmeir, Christoph and Bandara, Kasun},
  journal={International Journal of Forecasting},
  volume={37},
  number={1},
  pages={388--427},
  year={2021},
  publisher={Elsevier}
}

@inproceedings{yao2019revisiting,
  title={Revisiting spatial-temporal similarity: A deep learning framework for traffic prediction},
  author={Yao, Huaxiu and Tang, Xianfeng and Wei, Hua and Zheng, Guanjie and Li, Zhenhui},
  booktitle={Proceedings of the AAAI conference on artificial intelligence},
  volume={33},
  number={01},
  pages={5668--5675},
  year={2019}
}

@article{jain2016review,
  title={A review on weather forecasting techniques},
  author={Jain, Garima and Mallick, Bhawna},
  journal={International Journal of Advanced Research in Computer and Communication Engineering},
  volume={5},
  number={12},
  pages={177--180},
  year={2016}
}

@inproceedings{xu2024surrogate,
  title={Surrogate Modeling for HPC Application Iteration Times Forecasting with Network Features},
  author={Xu, Xiongxiao and A. Brown, Kevin and Mallick, Tanwi and Wang, Xin and Cruz-Camacho, Elkin and B. Ross, Robert and D. Carothers, Christopher and Lan, Zhiling and Shu, Kai},
  booktitle={Proceedings of the 38th ACM SIGSIM Conference on Principles of Advanced Discrete Simulation},
  pages={93--97},
  year={2024}
}

@inproceedings{cruz2023hybrid,
  title={Hybrid PDES Simulation of HPC Networks Using Zombie Packets},
  author={Cruz-Camacho, Elkin and Brown, Kevin A and Wang, Xin and Xu, Xiongxiao and Shu, Kai and Lan, Zhiling and Ross, Robert B and Carothers, Christopher D},
  booktitle={Proceedings of the 2023 ACM SIGSIM Conference on Principles of Advanced Discrete Simulation},
  pages={128--132},
  year={2023}
}

@inproceedings{xu2023machine,
  title={Machine Learning for Interconnect Network Traffic Forecasting: Investigation and Exploitation},
  author={Xu, Xiongxiao and Wang, Xin and Cruz-Camacho, Elkin and D. Carothers, Christopher and A. Brown, Kevin and B. Ross, Robert and Lan, Zhiling and Shu, Kai},
  booktitle={Proceedings of the 2023 ACM SIGSIM Conference on Principles of Advanced Discrete Simulation},
  pages={133--137},
  year={2023}
}

@article{abhishek2012weather,
  title={Weather forecasting model using artificial neural network},
  author={Abhishek, Kumar and Singh, Maheshwari Prasad and Ghosh, Saswata and Anand, Abhishek},
  journal={Procedia Technology},
  volume={4},
  pages={311--318},
  year={2012},
  publisher={Elsevier}
}

@article{wang2022systematic,
  title={A systematic review of time series classification techniques used in biomedical applications},
  author={Wang, Will Ke and Chen, Ina and Hershkovich, Leeor and Yang, Jiamu and Shetty, Ayush and Singh, Geetika and Jiang, Yihang and Kotla, Aditya and Shang, Jason Zisheng and Yerrabelli, Rushil and others},
  journal={Sensors},
  volume={22},
  number={20},
  pages={8016},
  year={2022},
  publisher={MDPI}
}



@misc{chen2024visiontsvisualmaskedautoencoders,
      title={VisionTS: Visual Masked Autoencoders Are Free-Lunch Zero-Shot Time Series Forecasters}, 
      author={Mouxiang Chen and Lefei Shen and Zhuo Li and Xiaoyun Joy Wang and Jianling Sun and Chenghao Liu},
      year={2024},
      eprint={2408.17253},
      archivePrefix={arXiv},
      primaryClass={cs.CV},
      url={https://arxiv.org/abs/2408.17253}, 
}


@misc{chen2024editingllmsinjectharm,
      title={Can Editing LLMs Inject Harm?}, 
      author={Canyu Chen and Baixiang Huang and Zekun Li and Zhaorun Chen and Shiyang Lai and Xiongxiao Xu and Jia-Chen Gu and Jindong Gu and Huaxiu Yao and Chaowei Xiao and Xifeng Yan and William Yang Wang and Philip Torr and Dawn Song and Kai Shu},
      year={2024},
      eprint={2407.20224},
      archivePrefix={arXiv},
      primaryClass={cs.CL},
      url={https://arxiv.org/abs/2407.20224}, 
}

@article{li2019enhancing,
  title={Enhancing the locality and breaking the memory bottleneck of transformer on time series forecasting},
  author={Li, Shiyang and Jin, Xiaoyong and Xuan, Yao and Zhou, Xiyou and Chen, Wenhu and Wang, Yu-Xiang and Yan, Xifeng},
  journal={Advances in neural information processing systems},
  volume={32},
  year={2019}
}

@inproceedings{
liu2024itransformer,
title={iTransformer: Inverted Transformers Are Effective for Time Series Forecasting},
author={Yong Liu and Tengge Hu and Haoran Zhang and Haixu Wu and Shiyu Wang and Lintao Ma and Mingsheng Long},
booktitle={The Twelfth International Conference on Learning Representations},
year={2024},
url={https://openreview.net/forum?id=JePfAI8fah}
}

@inproceedings{ren2022autotransformer,
  title={Autotransformer: Automatic transformer architecture design for time series classification},
  author={Ren, Yankun and Li, Longfei and Yang, Xinxing and Zhou, Jun},
  booktitle={Pacific-Asia Conference on Knowledge Discovery and Data Mining},
  pages={143--155},
  year={2022},
  organization={Springer}
}

@article{song2024memto,
  title={Memto: Memory-guided transformer for multivariate time series anomaly detection},
  author={Song, Junho and Kim, Keonwoo and Oh, Jeonglyul and Cho, Sungzoon},
  journal={Advances in Neural Information Processing Systems},
  volume={36},
  year={2024}
}

@article{jiang2024empowering,
  title={Empowering time series analysis with large language models: A survey},
  author={Jiang, Yushan and Pan, Zijie and Zhang, Xikun and Garg, Sahil and Schneider, Anderson and Nevmyvaka, Yuriy and Song, Dongjin},
  journal={arXiv preprint arXiv:2402.03182},
  year={2024}
}

@article{zhang2024large,
  title={Large language models for time series: A survey},
  author={Zhang, Xiyuan and Chowdhury, Ranak Roy and Gupta, Rajesh K and Shang, Jingbo},
  journal={arXiv preprint arXiv:2402.01801},
  year={2024}
}

@article{jin2023large,
  title={Large models for time series and spatio-temporal data: A survey and outlook},
  author={Jin, Ming and Wen, Qingsong and Liang, Yuxuan and Zhang, Chaoli and Xue, Siqiao and Wang, Xue and Zhang, James and Wang, Yi and Chen, Haifeng and Li, Xiaoli and others},
  journal={arXiv preprint arXiv:2310.10196},
  year={2023}
}

@article{jin2023time,
  title={Time-llm: Time series forecasting by reprogramming large language models},
  author={Jin, Ming and Wang, Shiyu and Ma, Lintao and Chu, Zhixuan and Zhang, James Y and Shi, Xiaoming and Chen, Pin-Yu and Liang, Yuxuan and Li, Yuan-Fang and Pan, Shirui and others},
  journal={arXiv preprint arXiv:2310.01728},
  year={2023}
}

@article{gruver2024large,
  title={Large language models are zero-shot time series forecasters},
  author={Gruver, Nate and Finzi, Marc and Qiu, Shikai and Wilson, Andrew G},
  journal={Advances in Neural Information Processing Systems},
  volume={36},
  year={2024}
}

@article{touvron2023llama,
  title={Llama: Open and efficient foundation language models},
  author={Touvron, Hugo and Lavril, Thibaut and Izacard, Gautier and Martinet, Xavier and Lachaux, Marie-Anne and Lacroix, Timoth{\'e}e and Rozi{\`e}re, Baptiste and Goyal, Naman and Hambro, Eric and Azhar, Faisal and others},
  journal={arXiv preprint arXiv:2302.13971},
  year={2023}
}

@article{liu2023large,
  title={Large language models are few-shot health learners},
  author={Liu, Xin and McDuff, Daniel and Kovacs, Geza and Galatzer-Levy, Isaac and Sunshine, Jacob and Zhan, Jiening and Poh, Ming-Zher and Liao, Shun and Di Achille, Paolo and Patel, Shwetak},
  journal={arXiv preprint arXiv:2305.15525},
  year={2023}
}



@article{wang2024charxiv,
  title={Charxiv: Charting gaps in realistic chart understanding in multimodal llms},
  author={Wang, Zirui and Xia, Mengzhou and He, Luxi and Chen, Howard and Liu, Yitao and Zhu, Richard and Liang, Kaiqu and Wu, Xindi and Liu, Haotian and Malladi, Sadhika and others},
  journal={arXiv preprint arXiv:2406.18521},
  year={2024}
}

@article{yin2023survey,
  title={A survey on multimodal large language models},
  author={Yin, Shukang and Fu, Chaoyou and Zhao, Sirui and Li, Ke and Sun, Xing and Xu, Tong and Chen, Enhong},
  journal={arXiv preprint arXiv:2306.13549},
  year={2023}
}

@article{ge2024openagi,
  title={Openagi: When llm meets domain experts},
  author={Ge, Yingqiang and Hua, Wenyue and Mei, Kai and Tan, Juntao and Xu, Shuyuan and Li, Zelong and Zhang, Yongfeng and others},
  journal={Advances in Neural Information Processing Systems},
  volume={36},
  year={2024}
}

@article{liang2024taxonomy,
  title={Taxonomy-Guided Zero-Shot Recommendations with LLMs},
  author={Liang, Yueqing and Yang, Liangwei and Wang, Chen and Xu, Xiongxiao and Yu, Philip S and Shu, Kai},
  journal={arXiv preprint arXiv:2406.14043},
  year={2024}
}

@article{wu2023next,
  title={Next-gpt: Any-to-any multimodal llm},
  author={Wu, Shengqiong and Fei, Hao and Qu, Leigang and Ji, Wei and Chua, Tat-Seng},
  journal={arXiv preprint arXiv:2309.05519},
  year={2023}
}

@inproceedings{ren2019time,
  title={Time-series anomaly detection service at microsoft},
  author={Ren, Hansheng and Xu, Bixiong and Wang, Yujing and Yi, Chao and Huang, Congrui and Kou, Xiaoyu and Xing, Tony and Yang, Mao and Tong, Jie and Zhang, Qi},
  booktitle={Proceedings of the 25th ACM SIGKDD international conference on knowledge discovery \& data mining},
  pages={3009--3017},
  year={2019}
}

@article{hilal2022financial,
  title={Financial fraud: a review of anomaly detection techniques and recent advances},
  author={Hilal, Waleed and Gadsden, S Andrew and Yawney, John},
  journal={Expert systems With applications},
  volume={193},
  pages={116429},
  year={2022},
  publisher={Elsevier}
}

@inproceedings{he2024ma,
  title={Ma-lmm: Memory-augmented large multimodal model for long-term video understanding},
  author={He, Bo and Li, Hengduo and Jang, Young Kyun and Jia, Menglin and Cao, Xuefei and Shah, Ashish and Shrivastava, Abhinav and Lim, Ser-Nam},
  booktitle={Proceedings of the IEEE/CVF Conference on Computer Vision and Pattern Recognition},
  pages={13504--13514},
  year={2024}
}

@article{fu2024video,
  title={Video-MME: The First-Ever Comprehensive Evaluation Benchmark of Multi-modal LLMs in Video Analysis},
  author={Fu, Chaoyou and Dai, Yuhan and Luo, Yondong and Li, Lei and Ren, Shuhuai and Zhang, Renrui and Wang, Zihan and Zhou, Chenyu and Shen, Yunhang and Zhang, Mengdan and others},
  journal={arXiv preprint arXiv:2405.21075},
  year={2024}
}

@misc{cheng2024videollama2advancingspatialtemporal,
      title={VideoLLaMA 2: Advancing Spatial-Temporal Modeling and Audio Understanding in Video-LLMs}, 
      author={Zesen Cheng and Sicong Leng and Hang Zhang and Yifei Xin and Xin Li and Guanzheng Chen and Yongxin Zhu and Wenqi Zhang and Ziyang Luo and Deli Zhao and Lidong Bing},
      year={2024},
      eprint={2406.07476},
      archivePrefix={arXiv},
      primaryClass={cs.CV},
      url={https://arxiv.org/abs/2406.07476}, 
}

@article{dubey2024llama,
  title={The llama 3 herd of models},
  author={Dubey, Abhimanyu and Jauhri, Abhinav and Pandey, Abhinav and Kadian, Abhishek and Al-Dahle, Ahmad and Letman, Aiesha and Mathur, Akhil and Schelten, Alan and Yang, Amy and Fan, Angela and others},
  journal={arXiv preprint arXiv:2407.21783},
  year={2024}
}

@misc{wang2023vaquitaenhancingalignmentllmassisted,
      title={VaQuitA: Enhancing Alignment in LLM-Assisted Video Understanding}, 
      author={Yizhou Wang and Ruiyi Zhang and Haoliang Wang and Uttaran Bhattacharya and Yun Fu and Gang Wu},
      year={2023},
      eprint={2312.02310},
      archivePrefix={arXiv},
      primaryClass={cs.CV},
      url={https://arxiv.org/abs/2312.02310}, 
}

@misc{he2024malmmmemoryaugmentedlargemultimodal,
      title={MA-LMM: Memory-Augmented Large Multimodal Model for Long-Term Video Understanding}, 
      author={Bo He and Hengduo Li and Young Kyun Jang and Menglin Jia and Xuefei Cao and Ashish Shah and Abhinav Shrivastava and Ser-Nam Lim},
      year={2024},
      eprint={2404.05726},
      archivePrefix={arXiv},
      primaryClass={cs.CV},
      url={https://arxiv.org/abs/2404.05726}, 
}

@misc{tan2024languagemodelsactuallyuseful,
      title={Are Language Models Actually Useful for Time Series Forecasting?}, 
      author={Mingtian Tan and Mike A. Merrill and Vinayak Gupta and Tim Althoff and Thomas Hartvigsen},
      year={2024},
      eprint={2406.16964},
      archivePrefix={arXiv},
      primaryClass={cs.LG},
      url={https://arxiv.org/abs/2406.16964}, 
}

@article{deshmukh2023pengi,
  title={Pengi: An audio language model for audio tasks},
  author={Deshmukh, Soham and Elizalde, Benjamin and Singh, Rita and Wang, Huaming},
  journal={Advances in Neural Information Processing Systems},
  volume={36},
  pages={18090--18108},
  year={2023}
}

@misc{openai2024gpt4technicalreport,
      title={GPT-4 Technical Report}, 
      author={OpenAI},
      year={2024},
      eprint={2303.08774},
      archivePrefix={arXiv},
      primaryClass={cs.CL},
      url={https://arxiv.org/abs/2303.08774}, 
}

@article{yang2024ad,
  title={Ad-llm: Benchmarking large language models for anomaly detection},
  author={Yang, Tiankai and Nian, Yi and Li, Shawn and Xu, Ruiyao and Li, Yuangang and Li, Jiaqi and Xiao, Zhuo and Hu, Xiyang and Rossi, Ryan and Ding, Kaize and others},
  journal={arXiv preprint arXiv:2412.11142},
  year={2024}
}