@article{10A,
  author    = {Yuan Luo},
  title     = {Evaluating the state of the art in missing data imputation for clinical data},
  journal   = {Briefings in Bioinformatics},
  year      = {2021},
  volume    = {22},
  number    = {6},
  pages     = {bbab489},
  doi       = {10.1093/bib/bbab489},
  pmid      = {34882223},
  pmc       = {PMC8769894},
  url       = {https://doi.org/10.1093/bib/bbab489},
}

@article{11A,
  author    = {Romy Gaillard and Eric A P Steegers and Albert Hofman and Vincent W V Jaddoe},
  title     = {Associations of maternal obesity with blood pressure and the risks of gestational hypertensive disorders. The Generation R Study},
  journal   = {Hypertension},
  year      = {2011},
  volume    = {57},
  number    = {5},
  pages     = {1068--1074} ,
  doi       = {10.1097/HJH.0b013e328345500c},
  pmid      = {21430559},
  url       = {https://doi.org/10.1097/HJH.0b013e328345500c},
  }

@misc{13A,
      title={Feature Selection Approaches for Newborn Birthweight Prediction in Multiple Linear Regression Models}, 
      author={Esther Liu and Pei Xi Lin and Qianqi Wang and Karina Chen Feng},
      year={2024},
      eprint={2411.11167},
      archivePrefix={arXiv},
      primaryClass={math.NA},
      url={https://arxiv.org/abs/2411.11167}, 
}

@ARTICLE{14A,
AUTHOR={Pudjihartono, Nicholas  and Fadason, Tayaza  and Kempa-Liehr, Andreas W.  and O'Sullivan, Justin M. },
TITLE={A Review of Feature Selection Methods for Machine Learning-Based Disease Risk Prediction},
JOURNAL={Frontiers in Bioinformatics},
VOLUME={2},
YEAR={2022},
URL={https://www.frontiersin.org/journals/bioinformatics/articles/10.3389/fbinf.2022.927312},
DOI={10.3389/fbinf.2022.927312},
ISSN={2673-7647},
}

@ARTICLE{15A,
  author    = {T.B. Reza and N. Salma},
  title     = {Prediction and feature selection of low birth weight using machine learning algorithms},
  journal   = {Journal of Health, Population and Nutrition},
  year      = {2024},
  volume    = {43},
  pages     = {157},
  doi       = {10.1186/s41043-024-00647-8},
  url       = {https://doi.org/10.1186/s41043-024-00647-8},
  received  = {2024-02-20},
  accepted  = {2024-09-16},
  published = {2024-10-12},
}

@inproceedings{16A,
title = "Fetal Birth Weight Estimation in High-Risk Pregnancies Through Machine Learning Techniques",
author = "Moreira, {Mario W.L.} and Rodrigues, {Joel J.P.C.} and Vasco Furtado and Mavromoustakis, {Constandinos X.} and Neeraj Kumar and Isaac Woungang",
year = "2019",
month = may,
day = "1",
doi = "10.1109/ICC.2019.8761985",
language = "English",
series = "IEEE International Conference on Communications",
publisher = "Institute of Electrical and Electronics Engineers Inc.",
booktitle = "2019 IEEE International Conference on Communications, ICC 2019 - Proceedings",
note = "2019 IEEE International Conference on Communications, ICC 2019 ; Conference date: 20-05-2019 Through 24-05-2019",
}

@misc{17A,
      title={Feature Selection via Mutual Information: New Theoretical Insights}, 
      author={Mario Beraha and Alberto Maria Metelli and Matteo Papini and Andrea Tirinzoni and Marcello Restelli},
      year={2019},
      eprint={1907.07384},
      archivePrefix={arXiv},
      primaryClass={cs.LG},
      url={https://arxiv.org/abs/1907.07384}, 
}

@article{18A,
  author    = {M.B. Kursa},
  title     = {Kendall transformation brings a robust categorical representation of ordinal data},
  journal   = {Scientific Reports},
  year      = {2022},
  volume    = {12},
  pages     = {8341},
  doi       = {10.1038/s41598-022-12224-2},
  url       = {https://doi.org/10.1038/s41598-022-12224-2},
  received  = {2022-01-03},
  accepted  = {2022-04-29},
  published = {2022-05-18},
}

@article{19A,
author = {Guyon, Isabelle and Elisseeff, André},
year = {2003},
month = {01},
pages = {1157 - 1182},
title = {An Introduction of Variable and Feature Selection},
volume = {3},
journal = {J. Machine Learning Research Special Issue on Variable and Feature Selection},
doi = {10.1162/153244303322753616}
}

@article{20A,
  author    = {S. Li and Q. Yang and S. Niu and Y. Liu},
  title     = {Effectiveness of Remote Fetal Monitoring on Maternal-Fetal Outcomes: Systematic Review and Meta-Analysis},
  journal   = {JMIR mHealth and uHealth},
  year      = {2023},
  volume    = {11},
  pages     = {e41508},
  doi       = {10.2196/41508},
  url       = {https://doi.org/10.2196/41508},
  abstract  = {This systematic review and meta-analysis evaluates the effectiveness of remote fetal monitoring on maternal-fetal outcomes. The findings highlight the potential benefits of using remote monitoring technologies in improving maternal and fetal health during pregnancy, providing a comprehensive overview of its impact on clinical outcomes.}
}

@article{21A,
author = {Hussain, Zakir and Borah, Malaya},
year = {2020},
month = {09},
pages = {},
title = {Birth Weight Prediction of New Born Baby with Application of Machine Learning Techniques on Features of Mother},
journal = {Journal of Statistics and Management Systems},
doi = {10.1080/09720510.2020.1814499}
}

@inproceedings{5A,
  author    = {Saleem Adeeba and Banujan Kuhaneswaran and Banage Kumara},
  title     = {Prediction of Weight Range of Neonate Using Machine Learning Approach},
  booktitle = {2022 International Conference on Innovation and Intelligence for Informatics, Computing, and Technologies (3ICT)},  
  year      = {2022},
  month     = {February},
  pages     = {427-432},
  doi       = {10.1109/ICISET54810.2022.9775840}
}

@article{6A,
  author    = {Wondesen Teshome Bekele},
  title     = {Machine learning algorithms for predicting low birth weight in Ethiopia},
  journal   = {BMC Medical Informatics and Decision Making},
  year      = {2022},
  volume    = {22},
  number    = {1},
  pages     = {232},
  date      = {2022-09-05},
  doi       = {10.1186/s12911-022-01981-9},
  url       = {https://doi.org/10.1186/s12911-022-01981-9},
  issn      = {1472-6947},
}

@inproceedings{7A,
  author    = {Tianqi Chen and Carlos Guestrin},
  title     = {XGBoost: A Scalable Tree Boosting System},
  booktitle = {Proceedings of the 22nd ACM SIGKDD International Conference on Knowledge Discovery and Data Mining},  
  year      = {2016},
  isbn      = {9781450342322},
  publisher = {Association for Computing Machinery},
  address   = {New York, NY, USA},
  url       = {https://doi.org/10.1145/2939672.2939785},
  doi       = {10.1145/2939672.2939785},
  pages     = {785–794},
  numpages  = {10},
  keywords  = {large-scale machine learning},
  location  = {San Francisco, California, USA}
}

@InProceedings{8A,
author="Varma, Dhruv and Yajnik, Chittaranjan S. and Thorave, Aniket and Sharma, Neha",
editor="Sharma, Neha and Goje, Amol C. and Chakrabarti, Amlan and Bruckstein, Alfred M.",
title="Handling Missing Data in Longitudinal Anthropometric Data Using Multiple Imputation Method",
booktitle="Data Management, Analytics and Innovation",
year="2024",
publisher="Springer Nature Singapore",
address="Singapore",
pages="273--287",
isbn="978-981-97-3242-5"
}

@misc{9A,
      title={On the Performance of Imputation Techniques for Missing Values on Healthcare Datasets}, 
      author={Luke Oluwaseye Joel and Wesley Doorsamy and Babu Sena Paul},
      year={2024},
      eprint={2403.14687},
      archivePrefix={arXiv},
      primaryClass={cs.LG},
      url={https://arxiv.org/abs/2403.14687}, 
}

