# 1
@misc{1A,
  author    = {World Health Organization},
  title     = {Low birth weight},
  year      = {2023},
  url       = {https://www.who.int/data/nutrition/nlis/info/low-birth-weight},
  note      = {Accessed: 2024-01-28},
}


# 2
@article{2A,
  author    = {Z. Liu and N. Han and T. Su and Y. Ji and H. Bao and S. Zhou and S. Luo and H. Wang and J. Liu and H.J. Wang},
  title     = {Interpretable machine learning to identify important predictors of birth weight: A prospective cohort study},
  journal   = {Frontiers in Pediatrics},
  year      = {2022},
  volume    = {10},
  pages     = {899954},
  doi       = {10.3389/fped.2022.899954},
  pmid      = {36440327},
  pmc       = {PMC9691849},
  url       = {https://doi.org/10.3389/fped.2022.899954},
  abstract  = {This study uses interpretable machine learning techniques to identify key predictors of birth weight in a prospective cohort of pregnant women. By analyzing clinical data, the authors highlight critical factors influencing birth weight and offer insights into improving maternal and child health outcomes.}
}

# 3
@article{3A,
  author    = {W. Khan and N. Zaki and M.M. Masud and others},
  title     = {Infant birth weight estimation and low birth weight classification in United Arab Emirates using machine learning algorithms},
  journal   = {Scientific Reports},
  year      = {2022},
  volume    = {12},
  pages     = {12110},
  doi       = {10.1038/s41598-022-14393-6},
  url       = {https://doi.org/10.1038/s41598-022-14393-6},
  received  = {2021-12-15},
  accepted  = {2022-06-06},
  published = {2022-07-15},
  abstract  = {This study utilizes machine learning algorithms to estimate infant birth weight and classify low birth weight in the United Arab Emirates. The authors aim to improve early detection and prediction of low birth weight by developing models that can assist in better maternal and child healthcare.}
}

#4
@article{4A,
  author    = {D.H. Adamkin and Committee on Fetus and Newborn},
  title     = {Postnatal glucose homeostasis in late-preterm and term infants},
  journal   = {Pediatrics},
  year      = {2011},
  volume    = {127},
  number    = {3},
  pages     = {575--579},
  doi       = {10.1542/peds.2010-3851},
  pmid      = {21357346},
  eprint    = {2011-02-28},
  url       = {https://doi.org/10.1542/peds.2010-3851},
  abstract  = {This article discusses postnatal glucose homeostasis in late-preterm and term infants. It addresses the challenges and recommendations for managing glucose levels in these vulnerable populations to prevent long-term complications.}
}


# 5 
@inproceedings{5A,
  author    = {Saleem Adeeba and Banujan Kuhaneswaran and Banage Kumara},
  title     = {Prediction of Weight Range of Neonate Using Machine Learning Approach},
  booktitle = {2022 International Conference on Innovation and Intelligence for Informatics, Computing, and Technologies (3ICT)},  
  year      = {2022},
  month     = {February},
  pages     = {427-432},
  doi       = {10.1109/ICISET54810.2022.9775840}
}


# 6
@article{6A,
  author    = {Wondesen Teshome Bekele},
  title     = {Machine learning algorithms for predicting low birth weight in Ethiopia},
  journal   = {BMC Medical Informatics and Decision Making},
  year      = {2022},
  volume    = {22},
  number    = {1},
  pages     = {232},
  date      = {2022-09-05},
  doi       = {10.1186/s12911-022-01981-9},
  url       = {https://doi.org/10.1186/s12911-022-01981-9},
  issn      = {1472-6947},
}

# 7
@inproceedings{7A,
  author    = {Tianqi Chen and Carlos Guestrin},
  title     = {XGBoost: A Scalable Tree Boosting System},
  booktitle = {Proceedings of the 22nd ACM SIGKDD International Conference on Knowledge Discovery and Data Mining},  
  year      = {2016},
  isbn      = {9781450342322},
  publisher = {Association for Computing Machinery},
  address   = {New York, NY, USA},
  url       = {https://doi.org/10.1145/2939672.2939785},
  doi       = {10.1145/2939672.2939785},
  pages     = {785–794},
  numpages  = {10},
  keywords  = {large-scale machine learning},
  location  = {San Francisco, California, USA}
}

# 8
@InProceedings{8A,
author="Varma, Dhruv and Yajnik, Chittaranjan S. and Thorave, Aniket and Sharma, Neha",
editor="Sharma, Neha and Goje, Amol C. and Chakrabarti, Amlan and Bruckstein, Alfred M.",
title="Handling Missing Data in Longitudinal Anthropometric Data Using Multiple Imputation Method",
booktitle="Data Management, Analytics and Innovation",
year="2024",
publisher="Springer Nature Singapore",
address="Singapore",
pages="273--287",
isbn="978-981-97-3242-5"
}


# 9
@misc{9A,
      title={On the Performance of Imputation Techniques for Missing Values on Healthcare Datasets}, 
      author={Luke Oluwaseye Joel and Wesley Doorsamy and Babu Sena Paul},
      year={2024},
      eprint={2403.14687},
      archivePrefix={arXiv},
      primaryClass={cs.LG},
      url={https://arxiv.org/abs/2403.14687}, 
}

# 10
@article{10A,
  author    = {Yuan Luo},
  title     = {Evaluating the state of the art in missing data imputation for clinical data},
  journal   = {Briefings in Bioinformatics},
  year      = {2021},
  volume    = {22},
  number    = {6},
  pages     = {bbab489},
  doi       = {10.1093/bib/bbab489},
  pmid      = {34882223},
  pmc       = {PMC8769894},
  url       = {https://doi.org/10.1093/bib/bbab489},
}

# 11 
@article{11A,
  author    = {Romy Gaillard and Eric A P Steegers and Albert Hofman and Vincent W V Jaddoe},
  title     = {Associations of maternal obesity with blood pressure and the risks of gestational hypertensive disorders. The Generation R Study},
  journal   = {Hypertension},
  year      = {2011},
  volume    = {57},
  number    = {5},
  pages     = {1068--1074} ,
  doi       = {10.1097/HJH.0b013e328345500c},
  pmid      = {21430559},
  url       = {https://doi.org/10.1097/HJH.0b013e328345500c},
  }

# 12
@article {12A,
  Title = {Corrigendum: Pre-conceptional Maternal Vitamin B12 Supplementation Improves Offspring Neurodevelopment at 2 Years of Age: PRIYA Trial},
  Author = {D'souza, Naomi and Behere, Rishikesh V and Patni, Bindu and Deshpande, Madhavi and Bhat, Dattatray and Bhalerao, Aboli and Sonawane, Swapnali and Shah, Rohan and Ladkat, Rasika and Yajnik, Pallavi and Bandyopadhyay, Souvik K and Kumaran, Kalyanaraman and Fall, Caroline and Yajnik, Chittaranjan S},
  DOI = {10.3389/fped.2022.860732},
  Volume = {10},
  Year = {2022},
  Journal = {Frontiers in pediatrics},
  ISSN = {2296-2360},
  Pages = {860732},
  Abstract = {[This corrects the article DOI: 10.3389/fped.2021.755977.].},
  URL = {https://europepmc.org/articles/PMC8899710},
}


# 13
 @misc{13A,
      title={Feature Selection Approaches for Newborn Birthweight Prediction in Multiple Linear Regression Models}, 
      author={Esther Liu and Pei Xi Lin and Qianqi Wang and Karina Chen Feng},
      year={2024},
      eprint={2411.11167},
      archivePrefix={arXiv},
      primaryClass={math.NA},
      url={https://arxiv.org/abs/2411.11167}, 
}

# 14
@ARTICLE{14A,
AUTHOR={Pudjihartono, Nicholas  and Fadason, Tayaza  and Kempa-Liehr, Andreas W.  and O'Sullivan, Justin M. },
TITLE={A Review of Feature Selection Methods for Machine Learning-Based Disease Risk Prediction},
JOURNAL={Frontiers in Bioinformatics},
VOLUME={2},
YEAR={2022},
URL={https://www.frontiersin.org/journals/bioinformatics/articles/10.3389/fbinf.2022.927312},
DOI={10.3389/fbinf.2022.927312},
ISSN={2673-7647},
}

#15
@ARTICLE{15A,
  author    = {T.B. Reza and N. Salma},
  title     = {Prediction and feature selection of low birth weight using machine learning algorithms},
  journal   = {Journal of Health, Population and Nutrition},
  year      = {2024},
  volume    = {43},
  pages     = {157},
  doi       = {10.1186/s41043-024-00647-8},
  url       = {https://doi.org/10.1186/s41043-024-00647-8},
  received  = {2024-02-20},
  accepted  = {2024-09-16},
  published = {2024-10-12},
}

# 16 
@inproceedings{16A,
title = "Fetal Birth Weight Estimation in High-Risk Pregnancies Through Machine Learning Techniques",
author = "Moreira, {Mario W.L.} and Rodrigues, {Joel J.P.C.} and Vasco Furtado and Mavromoustakis, {Constandinos X.} and Neeraj Kumar and Isaac Woungang",
year = "2019",
month = may,
day = "1",
doi = "10.1109/ICC.2019.8761985",
language = "English",
series = "IEEE International Conference on Communications",
publisher = "Institute of Electrical and Electronics Engineers Inc.",
booktitle = "2019 IEEE International Conference on Communications, ICC 2019 - Proceedings",
note = "2019 IEEE International Conference on Communications, ICC 2019 ; Conference date: 20-05-2019 Through 24-05-2019",
}

# 17
@misc{17A,
      title={Feature Selection via Mutual Information: New Theoretical Insights}, 
      author={Mario Beraha and Alberto Maria Metelli and Matteo Papini and Andrea Tirinzoni and Marcello Restelli},
      year={2019},
      eprint={1907.07384},
      archivePrefix={arXiv},
      primaryClass={cs.LG},
      url={https://arxiv.org/abs/1907.07384}, 
}

#18
@article{18A,
  author    = {M.B. Kursa},
  title     = {Kendall transformation brings a robust categorical representation of ordinal data},
  journal   = {Scientific Reports},
  year      = {2022},
  volume    = {12},
  pages     = {8341},
  doi       = {10.1038/s41598-022-12224-2},
  url       = {https://doi.org/10.1038/s41598-022-12224-2},
  received  = {2022-01-03},
  accepted  = {2022-04-29},
  published = {2022-05-18},
}

# 19
@article{19A,
author = {Guyon, Isabelle and Elisseeff, André},
year = {2003},
month = {01},
pages = {1157 - 1182},
title = {An Introduction of Variable and Feature Selection},
volume = {3},
journal = {J. Machine Learning Research Special Issue on Variable and Feature Selection},
doi = {10.1162/153244303322753616}
}

# 20
@article{20A,
  author    = {S. Li and Q. Yang and S. Niu and Y. Liu},
  title     = {Effectiveness of Remote Fetal Monitoring on Maternal-Fetal Outcomes: Systematic Review and Meta-Analysis},
  journal   = {JMIR mHealth and uHealth},
  year      = {2023},
  volume    = {11},
  pages     = {e41508},
  doi       = {10.2196/41508},
  url       = {https://doi.org/10.2196/41508},
  abstract  = {This systematic review and meta-analysis evaluates the effectiveness of remote fetal monitoring on maternal-fetal outcomes. The findings highlight the potential benefits of using remote monitoring technologies in improving maternal and fetal health during pregnancy, providing a comprehensive overview of its impact on clinical outcomes.}
}

# 21
@article{21A,
author = {Hussain, Zakir and Borah, Malaya},
year = {2020},
month = {09},
pages = {},
title = {Birth Weight Prediction of New Born Baby with Application of Machine Learning Techniques on Features of Mother},
journal = {Journal of Statistics and Management Systems},
doi = {10.1080/09720510.2020.1814499}
}

#22
@article{22A,
  author    = {Khan, S.I. and Hoque, A.S.M.L.},
  title     = {SICE: an improved missing data imputation technique},
  journal   = {Journal of Big Data},
  volume    = {7},
  number    = {37},
  year      = {2020},
  doi       = {10.1186/s40537-020-00313-w},
  url       = {https://doi.org/10.1186/s40537-020-00313-w}
}

#23
@article{23A,
  author    = {Mustafa and Okur, Mehmet},
  title     = {A Comprehensive Review of Feature Selection and Feature Selection Stability in Machine Learning},
  journal   = {Gazi University Journal of Science},
  volume    = {36},
  year      = {2022},
  doi       = {10.35378/gujs.993763},
  url       = {https://doi.org/10.35378/gujs.993763}
}

#24
@article{24A,
  author    = {Amin, Muhalim Mohamed and Zainal, Anazida and Mohd. Azmi, Nurulhuda Firdaus and Ali, Nor Azizah},
  title     = {Feature Selection Using Multivariate Adaptive Regression Splines in Telecommunication Fraud Detection},
  journal   = {IOP Conference Series: Materials Science and Engineering},
  volume    = {864},
  year      = {2020},
  pages     = {012059},
  doi       = {10.1088/1757-899X/864/1/012059},
  url       = {https://doi.org/10.1088/1757-899X/864/1/012059},
  note      = {Published under licence by IOP Publishing Ltd, 2nd Joint Conference on Green Engineering Technology \& Applied Computing 2020, 4-5 February 2020, Bangkok, Thailand}
}

#25
@article{25A,
  author    = {Luo, Chuji and Daniels, Michael J.},
  title     = {Variable Selection Using Bayesian Additive Regression Trees},
  journal   = {arXiv preprint arXiv:2112.13998},
  year      = {2021},
  doi       = {10.48550/arXiv.2112.13998},
  url       = {https://doi.org/10.48550/arXiv.2112.13998},
  note      = {40 pages, 13 figures},
  subjects  = {Methodology (stat.ME), Applications (stat.AP)}
}

#26
@article{26A,
  author    = {Tsagris, M. and Tsamardinos, I.},
  title     = {Feature selection with the R package MXM [version 2; peer review: 2 approved]},
  journal   = {F1000Research},
  volume    = {7},
  year      = {2019},
  article   = {1505},
  doi       = {10.12688/f1000research.16216.2},
  url       = {https://doi.org/10.12688/f1000research.16216.2}
}

@misc{27A,
title={Hopular: Modern Hopfield Networks for Tabular Data},
author={Bernhard Sch{\"a}fl and Lukas Gruber and Angela Bitto-Nemling and Sepp Hochreiter},
year={2022},
url={https://openreview.net/forum?id=3zJVXU311-Q}
}

#28
@article{28A,
  author    = {Lampl, M. and Gotsch, F. and Kusanovic, J. P. and Gomez, R. and Nien, J. K. and Frongillo, E. A. and Romero, R.},
  title     = {Sex differences in fetal growth responses to maternal height and weight},
  journal   = {American Journal of Human Biology: The Official Journal of the Human Biology Council},
  volume    = {22},
  number    = {4},
  pages     = {431--443},
  year      = {2010},
  doi       = {10.1002/ajhb.21014},
  url       = {https://doi.org/10.1002/ajhb.21014}
}

#29
@article{29A,
author = {Faruk, Alfensi and Cahyono, Endro and Ijost, Ijost},
year = {2018},
month = {04},
pages = {18-28},
title = {Prediction and Classification of Low Birth Weight Data Using Machine Learning Techniques},
volume = {3},
journal = {Indonesian Journal of Science and Technology}
}

#30
@article{30A,
  author    = {Mahya Arayeshgari and Somayeh Najafi-Ghobadi and Hosein Tarhsaz and Sharareh Parami and Leili Tapak},
  title     = {Machine Learning-based Classifiers for the Prediction of Low Birth Weight},
  journal   = {Healthcare Informatics Research},
  volume    = {29},
  number    = {1},
  pages     = {54-63},
  year      = {2023},
  doi       = {10.4258/hir.2023.29.1.54},
  url       = {http://e-hir.org/journal/view.php?number=1148},
  eprint    = {http://e-hir.org/journal/view.php?number=1148}
}


#31
@article{31A,
title = {Accurate prediction of term birth weight from prospectively measurable maternal characteristics},
journal = {Primary Care Update for OB/GYNS},
volume = {5},
number = {4},
pages = {193-194},
year = {1998},
issn = {1068-607X},
doi = {https://doi.org/10.1016/S1068-607X(98)00121-8},
url = {https://www.sciencedirect.com/science/article/pii/S1068607X98001218},
author = {Gerard G. Nahum and Harold Stanislaw and B.Joyce Huffaker},
}

#32
@article{32A,
  author    = {L. J. Salomon and J. P. Bernard and Y. Ville},
  title     = {Estimation of fetal weight: reference range at 20–36 weeks' gestation and comparison with actual birth-weight reference range},
  journal   = {Ultrasound in Obstetrics  Gynecology},
  volume    = {29},
  number    = {5},
  pages     = {550-555},
  year      = {2007},
  publisher = {Wiley},
  doi       = {10.1002/uog.4019}
}

#33
@article{33A,
  author    = {D. A. Alabbad and S. Y. Ajibi and R. B. Alotaibi and N. K. Alsqer and R. A. Alqahtani and N. M. Felemban and A. Rahman and S. S. Aljameel and M. I. B. Ahmed and M. M. Youldash},
  title     = {Birthweight Range Prediction and Classification: A Machine Learning-Based Sustainable Approach},
  journal   = {Machine Learning and Knowledge Extraction},
  volume    = {6},
  number    = {2},
  pages     = {770-788},
  year      = {2024},
  publisher = {MDPI},
  doi       = {10.3390/make6020036}
}
