@article{Friedman:2008,
	doi = {10.1214/07-aoas148},
	url = {https://doi.org/10.1214%2F07-aoas148},
	year = 2008,
	month = {sep},
	publisher = {Institute of Mathematical Statistics},
	volume = {2},
	number = {3},
	author = {Jerome H. Friedman and Bogdan E. Popescu},
	title = {Predictive learning via rule ensembles},
	journal = {The Annals of Applied Statistics}
}

@article{Hornung:2022,
title = {Interaction forests: Identifying and exploiting interpretable quantitative and qualitative interaction effects},
journal = {Computational Statistics and Data Analysis},
volume = {171},
pages = {107460},
year = {2022},
issn = {0167-9473},
doi = {https://doi.org/10.1016/j.csda.2022.107460},
url = {https://www.sciencedirect.com/science/article/pii/S0167947322000408},
author = {Roman Hornung and Anne-Laure Boulesteix},
keywords = {Interaction effects, Random forest, Feature importance, Non-parametric modeling, Machine learning}
}

@article{Inglis2022Visualizing,
author = {Alan Inglis and Andrew Parnell and Catherine B. Hurley},
title = {Visualizing Variable Importance and Variable Interaction Effects in Machine Learning Models},
journal = {Journal of Computational and Graphical Statistics},
volume = {31},
number = {3},
pages = {766-778},
year  = {2022},
publisher = {Taylor and Francis},
doi = {10.1080/10618600.2021.2007935},
URL = { https://doi.org/10.1080/10618600.2021.2007935 },
eprint = { https://doi.org/10.1080/10618600.2021.2007935 }
}

@article{Rabitti:2019,
author = {Rabitti, Giovanni and Borgonovo, Emanuele},
title = {A Shapley--Owen Index for Interaction Quantification},
journal = {SIAM/ASA Journal on Uncertainty Quantification},
volume = {7},
number = {3},
pages = {1060-1075},
year = {2019},
doi = {10.1137/18M1221801},

URL = {  
        https://doi.org/10.1137/18M1221801
},
eprint = {
        https://doi.org/10.1137/18M1221801
}
}

@InProceedings{Sundararajan:2020,
  title = 	 {The Shapley Taylor Interaction Index},
  author =       {Sundararajan, Mukund and Dhamdhere, Kedar and Agarwal, Ashish},
  booktitle = 	 {Proceedings of the 37th International Conference on Machine Learning},
  pages = 	 {9259--9268},
  year = 	 {2020},
  editor = 	 {III, Hal Daumé and Singh, Aarti},
  volume = 	 {119},
  series = 	 {Proceedings of Machine Learning Research},
  month = 	 {13--18 Jul},
  publisher =    {PMLR},
  pdf = 	 {http://proceedings.mlr.press/v119/sundararajan20a/sundararajan20a.pdf},
  url = 	 {https://proceedings.mlr.press/v119/sundararajan20a.html}
}

@article{Tsai:2023,
  author  = {Che-Ping Tsai and Chih-Kuan Yeh and Pradeep Ravikumar},
  title   = {Faith-Shap: The Faithful Shapley Interaction Index},
  journal = {Journal of Machine Learning Research},
  year    = {2023},
  volume  = {24},
  number  = {94},
  pages   = {1--42},
  url     = {http://jmlr.org/papers/v24/22-0202.html}
}

@article{altmann:2010,
  title={Permutation importance: a corrected feature importance measure},
  author={Altmann, Andr{\'e} and Tolo{\c{s}}i, Laura and Sander, Oliver and Lengauer, Thomas},
  journal={Bioinformatics},
  volume={26},
  number={10},
  pages={1340--1347},
  year={2010},
  publisher={Oxford University Press}
}

@article{lei:2014,
  title={Distribution-free prediction bands for non-parametric regression},
  author={Lei, Jing and Wasserman, Larry},
  journal={Journal of the Royal Statistical Society Series B: Statistical Methodology},
  volume={76},
  number={1},
  pages={71--96},
  year={2014},
  publisher={Oxford University Press}
}

@article{lei:2018,
  title={Distribution-free predictive inference for regression},
  author={Lei, Jing and G’Sell, Max and Rinaldo, Alessandro and Tibshirani, Ryan J and Wasserman, Larry},
  journal={Journal of the American Statistical Association},
  volume={113},
  number={523},
  pages={1094--1111},
  year={2018},
  publisher={Taylor \& Francis}
}

@article{lipovetsky:2001,
  title={Analysis of regression in game theory approach},
  author={Lipovetsky, Stan and Conklin, Michael},
  journal={Applied stochastic models in business and industry},
  volume={17},
  number={4},
  pages={319--330},
  year={2001},
  publisher={Wiley Online Library}
}

@article{murdoch:2019,
  title={Definitions, methods, and applications in interpretable machine learning},
  author={Murdoch, W James and Singh, Chandan and Kumbier, Karl and Abbasi-Asl, Reza and Yu, Bin},
  journal={Proceedings of the National Academy of Sciences},
  volume={116},
  number={44},
  pages={22071--22080},
  year={2019},
  publisher={National Acad Sciences}
}

@inproceedings{napolitano:2023,
  title={Learning Confidence Intervals for Feature Importance: A Fast Shapley-based Approach.},
  author={Napolitano, Davide and Vaiani, Lorenzo and Cagliero, Luca and others},
  booktitle={EDBT/ICDT Workshops},
  year={2023}
}

@article{samek:2021,
  title={Explaining deep neural networks and beyond: A review of methods and applications},
  author={Samek, Wojciech and Montavon, Gr{\'e}goire and Lapuschkin, Sebastian and Anders, Christopher J and M{\"u}ller, Klaus-Robert},
  journal={Proceedings of the IEEE},
  volume={109},
  number={3},
  pages={247--278},
  year={2021},
  publisher={IEEE}
}

@inproceedings{williamson:2020,
  title={Efficient nonparametric statistical inference on population feature importance using Shapley values},
  author={Williamson, Brian and Feng, Jean},
  booktitle={International conference on machine learning},
  pages={10282--10291},
  year={2020},
  organization={PMLR}
}

@article{williamson:2023,
  title={A general framework for inference on algorithm-agnostic variable importance},
  author={Williamson, Brian D and Gilbert, Peter B and Simon, Noah R and Carone, Marco},
  journal={Journal of the American Statistical Association},
  volume={118},
  number={543},
  pages={1645--1658},
  year={2023},
  publisher={Taylor \& Francis}
}

