@article{gan2022inference,
  doi = {10.48550/ARXIV.2206.02088},
  url = {https://arxiv.org/abs/2206.02088},
  author = {Gan, Luqin and Zheng, Lili and Allen, Genevera I.},
  keywords = {Machine Learning (stat.ML), Machine Learning (cs.LG), Methodology (stat.ME), FOS: Computer and information sciences, FOS: Computer and information sciences},
  title = {Inference for Interpretable Machine Learning: Fast, Model-Agnostic Confidence Intervals for Feature Importance},
  publisher = {arXiv},
  year = {2022},
  copyright = {Creative Commons Attribution Non Commercial Share Alike 4.0 International}
}

@article{kim2023black,
  title={Black-box tests for algorithmic stability},
  author={Kim, Byol and Barber, Rina Foygel},
  journal={Information and Inference: A Journal of the IMA},
  volume={12},
  number={4},
  pages={2690--2719},
  year={2023},
  publisher={Oxford University Press}
}

@article{Friedman:2008,
	doi = {10.1214/07-aoas148},
	url = {https://doi.org/10.1214%2F07-aoas148},
	year = 2008,
	month = {sep},
	publisher = {Institute of Mathematical Statistics},
	volume = {2},
	number = {3},
	author = {Jerome H. Friedman and Bogdan E. Popescu},
	title = {Predictive learning via rule ensembles},
	journal = {The Annals of Applied Statistics}
}

@inproceedings{Hooker2004Additive, 
    author = {Hooker, Giles}, 
    title = {Discovering Additive Structure in Black Box Functions}, 
    year = {2004}, isbn = {1581138881}, publisher = {Association for Computing Machinery}, address = {New York, NY, USA}, url = {https://doi.org/10.1145/1014052.1014122}, doi = {10.1145/1014052.1014122},  booktitle = {Proceedings of the Tenth ACM SIGKDD International Conference on Knowledge Discovery and Data Mining}, pages = {575–580}, numpages = {6}, keywords = {visualization, functional ANOVA, additive models, draphical models, feature selection, diagnostics, interpretation}, location = {Seattle, WA, USA}, series = {KDD '04} 
}

@misc{Greenwell2018Simple,
  doi = {10.48550/ARXIV.1805.04755},
  url = {https://arxiv.org/abs/1805.04755},
  author = {Greenwell, Brandon M. and Boehmke, Bradley C. and McCarthy, Andrew J.},
  keywords = {Machine Learning (stat.ML), Machine Learning (cs.LG), FOS: Computer and information sciences, FOS: Computer and information sciences},
  title = {A Simple and Effective Model-Based Variable Importance Measure},
  publisher = {arXiv},
  year = {2018},  
  copyright = {arXiv.org perpetual, non-exclusive license}
}



@article{Inglis2022Visualizing,
author = {Alan Inglis and Andrew Parnell and Catherine B. Hurley},
title = {Visualizing Variable Importance and Variable Interaction Effects in Machine Learning Models},
journal = {Journal of Computational and Graphical Statistics},
volume = {31},
number = {3},
pages = {766-778},
year  = {2022},
publisher = {Taylor and Francis},
doi = {10.1080/10618600.2021.2007935},
URL = { https://doi.org/10.1080/10618600.2021.2007935 },
eprint = { https://doi.org/10.1080/10618600.2021.2007935 }
}

@article{Hornung:2022,
title = {Interaction forests: Identifying and exploiting interpretable quantitative and qualitative interaction effects},
journal = {Computational Statistics and Data Analysis},
volume = {171},
pages = {107460},
year = {2022},
issn = {0167-9473},
doi = {https://doi.org/10.1016/j.csda.2022.107460},
url = {https://www.sciencedirect.com/science/article/pii/S0167947322000408},
author = {Roman Hornung and Anne-Laure Boulesteix},
keywords = {Interaction effects, Random forest, Feature importance, Non-parametric modeling, Machine learning}
}

@article{Denisko2018Classification,
author = {Danielle Denisko  and Michael M. Hoffman },
title = {Classification and interaction in random forests},
journal = {Proceedings of the National Academy of Sciences},
volume = {115},
number = {8},
pages = {1690-1692},
year = {2018},
doi = {10.1073/pnas.1800256115},
URL = {https://www.pnas.org/doi/abs/10.1073/pnas.1800256115},
eprint = {https://www.pnas.org/doi/pdf/10.1073/pnas.1800256115}}

@article{
Basu:2018,
author = {Sumanta Basu  and Karl Kumbier  and James B. Brown  and Bin Yu },
title = {Iterative random forests to discover predictive and stable high-order interactions},
journal = {Proceedings of the National Academy of Sciences},
volume = {115},
number = {8},
pages = {1943-1948},
year = {2018},
doi = {10.1073/pnas.1711236115},
URL = {https://www.pnas.org/doi/abs/10.1073/pnas.1711236115},
eprint = {https://www.pnas.org/doi/pdf/10.1073/pnas.1711236115}}


@article{dazard:2018,
  title={Ensemble survival tree models to reveal pairwise interactions of variables with time-to-events outcomes in low-dimensional setting},
  author={Dazard, Jean-Eudes and Ishwaran, Hemant and Mehlotra, Rajeev and Weinberg, Aaron and Zimmerman, Peter},
  journal={Statistical applications in genetics and molecular biology},
  volume={17},
  number={1},
  pages={20170038},
  year={2018},
  publisher={De Gruyter}
}


@article{calder:2003,
  title={Feature interaction: a critical review and considered forecast},
  author={Calder, Muffy and Kolberg, Mario and Magill, Evan H and Reiff-Marganiec, Stephan},
  journal={Computer Networks},
  volume={41},
  number={1},
  pages={115--141},
  year={2003},
  publisher={Elsevier}
}

@article{murdoch:2019,
  title={Definitions, methods, and applications in interpretable machine learning},
  author={Murdoch, W James and Singh, Chandan and Kumbier, Karl and Abbasi-Asl, Reza and Yu, Bin},
  journal={Proceedings of the National Academy of Sciences},
  volume={116},
  number={44},
  pages={22071--22080},
  year={2019},
  publisher={National Acad Sciences}
}

@article{azodi:2020,
  title={Opening the black box: interpretable machine learning for geneticists},
  author={Azodi, Christina B and Tang, Jiliang and Shiu, Shin-Han},
  journal={Trends in genetics},
  volume={36},
  number={6},
  pages={442--455},
  year={2020},
  publisher={Elsevier}
}

@article{allen:2023,
  title={Interpretable machine learning for discovery: Statistical challenges and opportunities},
  author={Allen, Genevera I and Gan, Luqin and Zheng, Lili},
  journal={Annual Review of Statistics and Its Application},
  volume={11},
  year={2023},
  publisher={Annual Reviews}
}


@InProceedings{valls:2022,
  title = 	 { SHAFF: Fast and consistent SHApley eFfect estimates via random Forests },
  author =       {B\'enard, Cl\'ement and Biau, G\'erard and Da Veiga, S\'ebastien and Scornet, Erwan},
  booktitle = 	 {Proceedings of The 25th International Conference on Artificial Intelligence and Statistics},
  pages = 	 {5563--5582},
  year = 	 {2022},
  editor = 	 {Camps-Valls, Gustau and Ruiz, Francisco J. R. and Valera, Isabel},
  volume = 	 {151},
  series = 	 {Proceedings of Machine Learning Research},
  month = 	 {28--30 Mar},
  publisher =    {PMLR},
  pdf = 	 {https://proceedings.mlr.press/v151/benard22a/benard22a.pdf},
  url = 	 {https://proceedings.mlr.press/v151/benard22a.html}
}

@inproceedings{Zhu:2023,
 author = {Zhu, Tan and Dou, Fei and Wang, Xinyu and Lu, Jin and Bi, Jinbo},
 booktitle = {Advances in Neural Information Processing Systems},
 editor = {A. Oh and T. Neumann and A. Globerson and K. Saenko and M. Hardt and S. Levine},
 pages = {9213--9225},
 publisher = {Curran Associates, Inc.},
 title = {Polyhedron Attention Module: Learning Adaptive-order Interactions},
 url = {https://proceedings.neurips.cc/paper_files/paper/2023/file/1d83ad88759cef8192451543e5d59bf6-Paper-Conference.pdf},
 volume = {36},
 year = {2023}
}

@article{behr:2022,
  title={Provable Boolean interaction recovery from tree ensemble obtained via random forests},
  author={Behr, Merle and Wang, Yu and Li, Xiao and Yu, Bin},
  journal={Proceedings of the National Academy of Sciences},
  volume={119},
  number={22},
  pages={e2118636119},
  year={2022},
  publisher={National Acad Sciences}
}

@article{allen:2022,
  title={Using explainable artificial intelligence to discover interactions in an ecological model for obesity},
  author={Allen, Ben and Lane, Morgan and Steeves, Elizabeth Anderson and Raynor, Hollie},
  journal={International Journal of Environmental Research and Public Health},
  volume={19},
  number={15},
  pages={9447},
  year={2022},
  publisher={MDPI}
}

@article{kumbier:2018,
  title={Refining interaction search through signed iterative random forests},
  author={Kumbier, Karl and Basu, Sumanta and Brown, James B and Celniker, Susan and Yu, Bin},
  journal={bioRxiv},
  pages={467498},
  year={2018}
}

@article{kamath:2021,
  title={Model Interpretability: Advances in Interpretable Machine Learning},
  author={Kamath, Uday and Liu, John and Kamath, Uday and Liu, John},
  journal={Explainable Artificial Intelligence: An Introduction to Interpretable Machine Learning},
  pages={121--165},
  year={2021},
  publisher={Springer}
}

@article{Tsai:2023,
  author  = {Che-Ping Tsai and Chih-Kuan Yeh and Pradeep Ravikumar},
  title   = {Faith-Shap: The Faithful Shapley Interaction Index},
  journal = {Journal of Machine Learning Research},
  year    = {2023},
  volume  = {24},
  number  = {94},
  pages   = {1--42},
  url     = {http://jmlr.org/papers/v24/22-0202.html}
}


@InProceedings{Sundararajan:2020,
  title = 	 {The Shapley Taylor Interaction Index},
  author =       {Sundararajan, Mukund and Dhamdhere, Kedar and Agarwal, Ashish},
  booktitle = 	 {Proceedings of the 37th International Conference on Machine Learning},
  pages = 	 {9259--9268},
  year = 	 {2020},
  editor = 	 {III, Hal Daumé and Singh, Aarti},
  volume = 	 {119},
  series = 	 {Proceedings of Machine Learning Research},
  month = 	 {13--18 Jul},
  publisher =    {PMLR},
  pdf = 	 {http://proceedings.mlr.press/v119/sundararajan20a/sundararajan20a.pdf},
  url = 	 {https://proceedings.mlr.press/v119/sundararajan20a.html}
}


@article{Rabitti:2019,
author = {Rabitti, Giovanni and Borgonovo, Emanuele},
title = {A Shapley--Owen Index for Interaction Quantification},
journal = {SIAM/ASA Journal on Uncertainty Quantification},
volume = {7},
number = {3},
pages = {1060-1075},
year = {2019},
doi = {10.1137/18M1221801},

URL = {  
        https://doi.org/10.1137/18M1221801
},
eprint = {
        https://doi.org/10.1137/18M1221801
}
}


@InProceedings{Ruiz:2023,
  title = 	 {From Shapley Values to Generalized Additive Models and back},
  author =       {Bordt, Sebastian and von Luxburg, Ulrike},
  booktitle = 	 {Proceedings of The 26th International Conference on Artificial Intelligence and Statistics},
  pages = 	 {709--745},
  year = 	 {2023},
  editor = 	 {Ruiz, Francisco and Dy, Jennifer and van de Meent, Jan-Willem},
  volume = 	 {206},
  series = 	 {Proceedings of Machine Learning Research},
  month = 	 {25--27 Apr},
  publisher =    {PMLR},
  pdf = 	 {https://proceedings.mlr.press/v206/bordt23a/bordt23a.pdf},
  url = 	 {https://proceedings.mlr.press/v206/bordt23a.html}
}

@article{tibshirani:2021,
author = {Rina Foygel Barber and Emmanuel J. Cand{\`e}s and Aaditya Ramdas and Ryan J. Tibshirani},
title = {{Predictive inference with the jackknife+}},
volume = {49},
journal = {The Annals of Statistics},
number = {1},
publisher = {Institute of Mathematical Statistics},
pages = {486 -- 507},
keywords = {conformal inference, cross-validation, distribution-free, jackknife, leave-one-out, stability},
year = {2021},
doi = {10.1214/20-AOS1965},
URL = {https://doi.org/10.1214/20-AOS1965}
}

@inproceedings{bayle:2020,
 author = {Bayle, Pierre and Bayle, Alexandre and Janson, Lucas and Mackey, Lester},
 booktitle = {Advances in Neural Information Processing Systems},
 editor = {H. Larochelle and M. Ranzato and R. Hadsell and M.F. Balcan and H. Lin},
 pages = {16339--16350},
 publisher = {Curran Associates, Inc.},
 title = {Cross-validation Confidence Intervals for Test Error},
 url = {https://proceedings.neurips.cc/paper_files/paper/2020/file/bce9abf229ffd7e570818476ee5d7dde-Paper.pdf},
 volume = {33},
 year = {2020}
}

@article{belloni:2016,
  title={Post-selection inference for generalized linear models with many controls},
  author={Belloni, Alexandre and Chernozhukov, Victor and Wei, Ying},
  journal={Journal of Business \& Economic Statistics},
  volume={34},
  number={4},
  pages={606--619},
  year={2016},
  publisher={Taylor \& Francis}
}

@article{berk:2013,
  title={Valid post-selection inference},
  author={Berk, Richard and Brown, Lawrence and Buja, Andreas and Zhang, Kai and Zhao, Linda},
  journal={The Annals of Statistics},
  pages={802--837},
  year={2013},
  publisher={JSTOR}
}

@article{fisher:2019,
  title={All models are wrong, but many are useful: Learning a variable's importance by studying an entire class of prediction models simultaneously},
  author={Fisher, Aaron and Rudin, Cynthia and Dominici, Francesca},
  journal={Journal of Machine Learning Research},
  volume={20},
  number={177},
  pages={1--81},
  year={2019}
}

@inproceedings{byol:2020,
 author = {Kim, Byol and Xu, Chen and Barber, Rina},
 booktitle = {Advances in Neural Information Processing Systems},
 editor = {H. Larochelle and M. Ranzato and R. Hadsell and M.F. Balcan and H. Lin},
 pages = {4138--4149},
 publisher = {Curran Associates, Inc.},
 title = {Predictive inference is free with the jackknife+-after-bootstrap},
 url = {https://proceedings.neurips.cc/paper_files/paper/2020/file/2b346a0aa375a07f5a90a344a61416c4-Paper.pdf},
 volume = {33},
 year = {2020}
}

@inproceedings{jacot:2020,
  title={Implicit regularization of random feature models},
  author={Jacot, Arthur and Simsek, Berfin and Spadaro, Francesco and Hongler, Cl{\'e}ment and Gabriel, Franck},
  booktitle={International Conference on Machine Learning},
  pages={4631--4640},
  year={2020},
  organization={PMLR}
}

@article{lei:2015,
  title={Distribution-free prediction bands for nonparametric regression},
  author={Lei, Jing and Wasserman, Larry},
  journal={Quality control and applied statistics},
  volume={60},
  number={1},
  pages={109--110},
  year={2015},
  publisher={Executive Sciences Institute}
}

@article{lei:2018,
  title={Distribution-free predictive inference for regression},
  author={Lei, Jing and G’Sell, Max and Rinaldo, Alessandro and Tibshirani, Ryan J and Wasserman, Larry},
  journal={Journal of the American Statistical Association},
  volume={113},
  number={523},
  pages={1094--1111},
  year={2018},
  publisher={Taylor \& Francis}
}

@inproceedings{lejeune:2020,
  title={The implicit regularization of ordinary least squares ensembles},
  author={LeJeune, Daniel and Javadi, Hamid and Baraniuk, Richard},
  booktitle={International Conference on Artificial Intelligence and Statistics},
  pages={3525--3535},
  year={2020},
  organization={PMLR}
}

@inproceedings{louppe:2012,
  title={Ensembles on random patches},
  author={Louppe, Gilles and Geurts, Pierre},
  booktitle={Machine Learning and Knowledge Discovery in Databases: European Conference, ECML PKDD 2012, Bristol, UK, September 24-28, 2012. Proceedings, Part I 23},
  pages={346--361},
  year={2012},
  organization={Springer}
}

@article{lundberg:2018,
  title={Consistent individualized feature attribution for tree ensembles},
  author={Lundberg, Scott M and Erion, Gabriel G and Lee, Su-In},
  journal={arXiv preprint arXiv:1802.03888},
  year={2018}
}

@article{mentch:2016,
  title={Quantifying uncertainty in random forests via confidence intervals and hypothesis tests},
  author={Mentch, Lucas and Hooker, Giles},
  journal={Journal of Machine Learning Research},
  volume={17},
  number={26},
  pages={1--41},
  year={2016}
}

@article{rinaldo:2019,
author = {Alessandro Rinaldo and Larry Wasserman and Max G’Sell},
title = {{Bootstrapping and sample splitting for high-dimensional, assumption-lean inference}},
volume = {47},
journal = {The Annals of Statistics},
number = {6},
publisher = {Institute of Mathematical Statistics},
pages = {3438 -- 3469},
keywords = {assumption-lean, bootstrap, regression, sample splitting},
year = {2019},
doi = {10.1214/18-AOS1784},
URL = {https://doi.org/10.1214/18-AOS1784}
}

@article{tibshirani:2016,
  title={Exact post-selection inference for sequential regression procedures},
  author={Tibshirani, Ryan J and Taylor, Jonathan and Lockhart, Richard and Tibshirani, Robert},
  journal={Journal of the American Statistical Association},
  volume={111},
  number={514},
  pages={600--620},
  year={2016},
  publisher={Taylor \& Francis}
}

@inproceedings{toghani:2021,
  title={MP-Boost: Minipatch boosting via adaptive feature and observation sampling},
  author={Toghani, Mohammad Taha and Allen, Genevera I},
  booktitle={2021 IEEE International Conference on Big Data and Smart Computing (BigComp)},
  pages={75--78},
  year={2021},
  organization={IEEE}
}

@article{williamson:2023,
  title={A general framework for inference on algorithm-agnostic variable importance},
  author={Williamson, Brian D and Gilbert, Peter B and Simon, Noah R and Carone, Marco},
  journal={Journal of the American Statistical Association},
  volume={118},
  number={543},
  pages={1645--1658},
  year={2023},
  publisher={Taylor \& Francis}
}

@article{yao:2020,
  title={Feature selection for huge data via minipatch learning},
  author={Yao, Tianyi and Allen, Genevera I},
  journal={arXiv preprint arXiv:2010.08529},
  year={2020}
}

@inproceedings{yao:2021,
  title={Minipatch learning as implicit ridge-like regularization},
  author={Yao, Tianyi and LeJeune, Daniel and Javadi, Hamid and Baraniuk, Richard G and Allen, Genevera I},
  booktitle={2021 IEEE International Conference on Big Data and Smart Computing (BigComp)},
  pages={65--68},
  year={2021},
  organization={IEEE}
}

@article{zhang:2014,
  title={Confidence intervals for low dimensional parameters in high dimensional linear models},
  author={Zhang, Cun-Hui and Zhang, Stephanie S},
  journal={Journal of the Royal Statistical Society Series B: Statistical Methodology},
  volume={76},
  number={1},
  pages={217--242},
  year={2014},
  publisher={Oxford University Press}
}

@article{zhang:2020,
  title={Floodgate: inference for model-free variable importance},
  author={Zhang, Lu and Janson, Lucas},
  journal={arXiv preprint arXiv:2007.01283},
  year={2020}
}

@article{lei:2014,
  title={Distribution-free prediction bands for non-parametric regression},
  author={Lei, Jing and Wasserman, Larry},
  journal={Journal of the Royal Statistical Society Series B: Statistical Methodology},
  volume={76},
  number={1},
  pages={71--96},
  year={2014},
  publisher={Oxford University Press}
}


@article{gan:2022,
  title={Model-agnostic confidence intervals for feature importance: A fast and powerful approach using minipatch ensembles},
  author={Gan, Luqin and Zheng, Lili and Allen, Genevera I},
  journal={arXiv preprint arXiv:2206.02088},
  year={2022}
}

@article{altmann:2010,
  title={Permutation importance: a corrected feature importance measure},
  author={Altmann, Andr{\'e} and Tolo{\c{s}}i, Laura and Sander, Oliver and Lengauer, Thomas},
  journal={Bioinformatics},
  volume={26},
  number={10},
  pages={1340--1347},
  year={2010},
  publisher={Oxford University Press}
}

@article{fisher:2019,
  title={All models are wrong, but many are useful: Learning a variable's importance by studying an entire class of prediction models simultaneously},
  author={Fisher, Aaron and Rudin, Cynthia and Dominici, Francesca},
  journal={Journal of Machine Learning Research},
  volume={20},
  number={177},
  pages={1--81},
  year={2019}
}


@article{winter:2002,
  title={The shapley value},
  author={Winter, Eyal},
  journal={Handbook of game theory with economic applications},
  volume={3},
  pages={2025--2054},
  year={2002},
  publisher={Elsevier}
}

@article{mase:2021,
  title={Cohort shapley value for algorithmic fairness},
  author={Mase, Masayoshi and Owen, Art B and Seiler, Benjamin B},
  journal={arXiv preprint arXiv:2105.07168},
  year={2021}
}

@article{little:2023,
  title={Fair Feature Importance Scores for Interpreting Tree-Based Methods and Surrogates},
  author={Little, Camille Olivia and Lina, Debolina Halder and Allen, Genevera I},
  journal={arXiv preprint arXiv:2310.04352},
  year={2023}
}

@article{sachdev:2019,
  title={A comprehensive review of feature based methods for drug target interaction prediction},
  author={Sachdev, Kanica and Gupta, Manoj Kumar},
  journal={Journal of biomedical informatics},
  volume={93},
  pages={103159},
  year={2019},
  publisher={Elsevier}
}

@inproceedings{apel:2013,
  title={Exploring feature interactions in the wild: the new feature-interaction challenge},
  author={Apel, Sven and Kolesnikov, Sergiy and Siegmund, Norbert and K{\"a}stner, Christian and Garvin, Brady},
  booktitle={Proceedings of the 5th international workshop on feature-oriented software development},
  pages={1-8},
  year={2013}
}

@article{abdar:2021,
  title={A review of uncertainty quantification in deep learning: Techniques, applications and challenges},
  author={Abdar, Moloud and Pourpanah, Farhad and Hussain, Sadiq and Rezazadegan, Dana and Liu, Li and Ghavamzadeh, Mohammad and Fieguth, Paul and Cao, Xiaochun and Khosravi, Abbas and Acharya, U Rajendra and others},
  journal={Information fusion},
  volume={76},
  pages={243--297},
  year={2021},
  publisher={Elsevier}
}

@article{zhang:2022,
  title={Explainable machine learning in image classification models: An uncertainty quantification perspective},
  author={Zhang, Xiaoge and Chan, Felix TS and Mahadevan, Sankaran},
  journal={Knowledge-Based Systems},
  volume={243},
  pages={108418},
  year={2022},
  publisher={Elsevier}
}

@inproceedings{ribeiro:2016,
  title={" Why should i trust you?" Explaining the predictions of any classifier},
  author={Ribeiro, Marco Tulio and Singh, Sameer and Guestrin, Carlos},
  booktitle={Proceedings of the 22nd ACM SIGKDD international conference on knowledge discovery and data mining},
  pages={1135--1144},
  year={2016}
}

@article{samek:2021,
  title={Explaining deep neural networks and beyond: A review of methods and applications},
  author={Samek, Wojciech and Montavon, Gr{\'e}goire and Lapuschkin, Sebastian and Anders, Christopher J and M{\"u}ller, Klaus-Robert},
  journal={Proceedings of the IEEE},
  volume={109},
  number={3},
  pages={247--278},
  year={2021},
  publisher={IEEE}
}



@article{lipovetsky:2001,
  title={Analysis of regression in game theory approach},
  author={Lipovetsky, Stan and Conklin, Michael},
  journal={Applied stochastic models in business and industry},
  volume={17},
  number={4},
  pages={319--330},
  year={2001},
  publisher={Wiley Online Library}
}



@inproceedings{napolitano:2023,
  title={Learning Confidence Intervals for Feature Importance: A Fast Shapley-based Approach.},
  author={Napolitano, Davide and Vaiani, Lorenzo and Cagliero, Luca and others},
  booktitle={EDBT/ICDT Workshops},
  year={2023}
}

@article{hooker:2007,
  title={Generalized functional anova diagnostics for high-dimensional functions of dependent variables},
  author={Hooker, Giles},
  journal={Journal of computational and graphical statistics},
  volume={16},
  number={3},
  pages={709--732},
  year={2007},
  publisher={Taylor \& Francis}
}

@inproceedings{lengerich:2020,
  title={Purifying interaction effects with the functional anova: An efficient algorithm for recovering identifiable additive models},
  author={Lengerich, Benjamin and Tan, Sarah and Chang, Chun-Hao and Hooker, Giles and Caruana, Rich},
  booktitle={International Conference on Artificial Intelligence and Statistics},
  pages={2402--2412},
  year={2020},
  organization={PMLR}
}

@article{verdinelli:2024,
  title={Decorrelated variable importance},
  author={Verdinelli, Isabella and Wasserman, Larry},
  journal={Journal of Machine Learning Research},
  volume={25},
  number={7},
  pages={1--27},
  year={2024}
}

@misc{car_evaluation_19,
  author       = {Bohanec, Marko},
  title        = {{Car Evaluation}},
  year         = {1988},
  howpublished = {UCI Machine Learning Repository},
  note         = {{DOI}: https://doi.org/10.24432/C5JP48}
}

@article{du:2019,
  title={Techniques for interpretable machine learning},
  author={Du, Mengnan and Liu, Ninghao and Hu, Xia},
  journal={Communications of the ACM},
  volume={63},
  number={1},
  pages={68--77},
  year={2019},
  publisher={ACM New York, NY, USA}
}

@article{gromping:2009,
  title={Variable importance assessment in regression: linear regression versus random forest},
  author={Gr{\"o}mping, Ulrike},
  journal={The American Statistician},
  volume={63},
  number={4},
  pages={308--319},
  year={2009},
  publisher={Taylor \& Francis}
}

@inproceedings{williamson:2020,
  title={Efficient nonparametric statistical inference on population feature importance using Shapley values},
  author={Williamson, Brian and Feng, Jean},
  booktitle={International conference on machine learning},
  pages={10282--10291},
  year={2020},
  organization={PMLR}
}

@article{benjamini:2005,
  title={False discovery rate--adjusted multiple confidence intervals for selected parameters},
  author={Benjamini, Yoav and Yekutieli, Daniel},
  journal={Journal of the American Statistical Association},
  volume={100},
  number={469},
  pages={71--81},
  year={2005},
  publisher={Taylor \& Francis}
}

@online{cocktail:2025,
  author = {Diffords},
  title = {Difford's Guide for Discerning Drinkers},
  year = 2025,
  url = {https://www.diffordsguide.com/cocktails},
  urldate = {2025-01-30}
}

