@inproceedings{alonso2021semi,
  title={Semi-supervised semantic segmentation with pixel-level contrastive learning from a class-wise memory bank},
  author={Alonso, Inigo and Sabater, Alberto and Ferstl, David and Montesano, Luis and Murillo, Ana C},
  booktitle={Proceedings of the IEEE/CVF international conference on computer vision},
  pages={8219--8228},
  year={2021}
}

@inproceedings{das2021bvpnet,
  title={Bvpnet: Video-to-bvp signal prediction for remote heart rate estimation},
  author={Das, Abhijit and Lu, Hao and Han, Hu and Dantcheva, Antitza and Shan, Shiguang and Chen, Xilin},
  booktitle={2021 16th IEEE International Conference on Automatic Face and Gesture Recognition (FG 2021)},
  pages={01--08},
  year={2021},
  organization={IEEE}
}

@article{de2013robust,
  title={Robust pulse rate from chrominance-based rPPG},
  author={De Haan, Gerard and Jeanne, Vincent},
  journal={IEEE transactions on biomedical engineering},
  volume={60},
  number={10},
  pages={2878--2886},
  year={2013},
  publisher={IEEE}
}

@article{dong2024realistic,
  title={Realistic Pulse Waveforms Estimation via Contrastive Learning in Remote Photoplethysmography},
  author={Dong, Bowei and Liu, Yuliang and Yang, Kaifeng and Cao, Jiajian},
  journal={IEEE Transactions on Instrumentation and Measurement},
  year={2024},
  publisher={IEEE}
}

@inproceedings{du2023dual,
  title={Dual-bridging with adversarial noise generation for domain adaptive rppg estimation},
  author={Du, Jingda and Liu, Si-Qi and Zhang, Bochao and Yuen, Pong C},
  booktitle={Proceedings of the IEEE/CVF Conference on Computer Vision and Pattern Recognition},
  pages={10355--10364},
  year={2023}
}

@inproceedings{gideon2021way,
  title={The way to my heart is through contrastive learning: Remote photoplethysmography from unlabelled video},
  author={Gideon, John and Stent, Simon},
  booktitle={Proceedings of the IEEE/CVF international conference on computer vision},
  pages={3995--4004},
  year={2021}
}

@inproceedings{hasan2023srppg,
  title={SrPPG: Semi-Supervised Adversarial Learning for Remote Photoplethysmography with Noisy Data},
  author={Hasan, Zahid and Faridee, Abu Zaher Md and Ahmed, Masud and Ayyanar, Shibi and Roy, Nirmalya},
  booktitle={2023 IEEE International Conference on Smart Computing (SMARTCOMP)},
  pages={25--32},
  year={2023},
  organization={IEEE}
}

@article{he2023pseudo,
  title={Pseudo-label correction and learning for semi-supervised object detection},
  author={He, Yulin and Chen, Wei and Liang, Ke and Tan, Yusong and Liang, Zhengfa and Guo, Yulan},
  journal={arXiv preprint arXiv:2303.02998},
  year={2023}
}

@inproceedings{jing2021videossl,
  title={Videossl: Semi-supervised learning for video classification},
  author={Jing, Longlong and Parag, Toufiq and Wu, Zhe and Tian, Yingli and Wang, Hongcheng},
  booktitle={Proceedings of the IEEE/CVF winter conference on applications of computer vision},
  pages={1110--1119},
  year={2021}
}

@inproceedings{li2022rethinking,
  title={Rethinking pseudo labels for semi-supervised object detection},
  author={Li, Hengduo and Wu, Zuxuan and Shrivastava, Abhinav and Davis, Larry S},
  booktitle={Proceedings of the AAAI conference on artificial intelligence},
  volume={36},
  number={2},
  pages={1314--1322},
  year={2022}
}

@article{liu2024rppg,
  title={rPPG-MAE: Self-supervised pretraining with masked autoencoders for remote physiological measurements},
  author={Liu, Xin and Zhang, Yuting and Yu, Zitong and Lu, Hao and Yue, Huanjing and Yang, Jingyu},
  journal={IEEE Transactions on Multimedia},
  year={2024},
  publisher={IEEE}
}

@article{niu2019rhythmnet,
  title={Rhythmnet: End-to-end heart rate estimation from face via spatial-temporal representation},
  author={Niu, Xuesong and Shan, Shiguang and Han, Hu and Chen, Xilin},
  journal={IEEE Transactions on Image Processing},
  volume={29},
  pages={2409--2423},
  year={2019},
  publisher={IEEE}
}

@inproceedings{niu2020video,
  title={Video-based remote physiological measurement via cross-verified feature disentangling},
  author={Niu, Xuesong and Yu, Zitong and Han, Hu and Li, Xiaobai and Shan, Shiguang and Zhao, Guoying},
  booktitle={Computer Vision--ECCV 2020: 16th European Conference, Glasgow, UK, August 23--28, 2020, Proceedings, Part II 16},
  pages={295--310},
  year={2020},
  organization={Springer}
}

@article{park2022self,
  title={Self-supervised rgb-nir fusion video vision transformer framework for rppg estimation},
  author={Park, Soyeon and Kim, Bo-Kyeong and Dong, Suh-Yeon},
  journal={IEEE Transactions on Instrumentation and Measurement},
  volume={71},
  pages={1--10},
  year={2022},
  publisher={IEEE}
}

@article{shao2023tranphys,
  title={TranPhys: Spatiotemporal Masked Transformer Steered Remote Photoplethysmography Estimation},
  author={Shao, Hang and Luo, Lei and Qian, Jianjun and Chen, Shuo and Hu, Chuanfei and Yang, Jian},
  journal={IEEE Transactions on Circuits and Systems for Video Technology},
  year={2023},
  publisher={IEEE}
}

@article{sohn2020fixmatch,
  title={Fixmatch: Simplifying semi-supervised learning with consistency and confidence},
  author={Sohn, Kihyuk and Berthelot, David and Carlini, Nicholas and Zhang, Zizhao and Zhang, Han and Raffel, Colin A and Cubuk, Ekin Dogus and Kurakin, Alexey and Li, Chun-Liang},
  journal={Advances in neural information processing systems},
  volume={33},
  pages={596--608},
  year={2020}
}

@inproceedings{speth2023non,
  title={Non-contrastive unsupervised learning of physiological signals from video},
  author={Speth, Jeremy and Vance, Nathan and Flynn, Patrick and Czajka, Adam},
  booktitle={Proceedings of the IEEE/CVF Conference on Computer Vision and Pattern Recognition},
  pages={14464--14474},
  year={2023}
}

@inproceedings{sun2022contrast,
  title={Contrast-phys: Unsupervised video-based remote physiological measurement via spatiotemporal contrast},
  author={Sun, Zhaodong and Li, Xiaobai},
  booktitle={European Conference on Computer Vision},
  pages={492--510},
  year={2022},
  organization={Springer}
}

@article{tarvainen2017mean,
  title={Mean teachers are better role models: Weight-averaged consistency targets improve semi-supervised deep learning results},
  author={Tarvainen, Antti and Valpola, Harri},
  journal={Advances in neural information processing systems},
  volume={30},
  year={2017}
}

@article{wang2016algorithmic,
  title={Algorithmic principles of remote PPG},
  author={Wang, Wenjin and Den Brinker, Albertus C and Stuijk, Sander and De Haan, Gerard},
  journal={IEEE Transactions on Biomedical Engineering},
  volume={64},
  number={7},
  pages={1479--1491},
  year={2016},
  publisher={IEEE}
}

@inproceedings{wang2022self,
  title={Self-supervised representation learning framework for remote physiological measurement using spatiotemporal augmentation loss},
  author={Wang, Hao and Ahn, Euijoon and Kim, Jinman},
  booktitle={Proceedings of the AAAI Conference on Artificial Intelligence},
  volume={36},
  number={2},
  pages={2431--2439},
  year={2022}
}

@inproceedings{yu2019STVEN,
  title={Remote heart rate measurement from highly compressed facial videos: an end-to-end deep learning solution with video enhancement},
  author={Yu, Zitong and Peng, Wei and Li, Xiaobai and Hong, Xiaopeng and Zhao, Guoying},
  booktitle={Proceedings of the IEEE/CVF International Conference on Computer Vision},
  pages={151--160},
  year={2019}
}

@inproceedings{yu2019remote,
  title={Remote photoplethysmograph signal measurement from facial videos using spatio-temporal networks},
  author={Yu, Zitong and Li, Xiaobai and Zhao, Guoying},
  booktitle={BMVC},
  pages={277},
  year={2019}
}

@inproceedings{yu2019remote1,
  title={Remote heart rate measurement from highly compressed facial videos: an end-to-end deep learning solution with video enhancement},
  author={Yu, Zitong and Peng, Wei and Li, Xiaobai and Hong, Xiaopeng and Zhao, Guoying},
  booktitle={ICCV},
  pages={151--160},
  year={2019}
}

@inproceedings{yu2022physformer,
  title={Physformer: Facial video-based physiological measurement with temporal difference transformer},
  author={Yu, Zitong and Shen, Yuming and Shi, Jingang and Zhao, Hengshuang and Torr, Philip HS and Zhao, Guoying},
  booktitle={Proceedings of the IEEE/CVF conference on computer vision and pattern recognition},
  pages={4186--4196},
  year={2022}
}

@article{yu2023physformer++,
  title={Physformer++: Facial video-based physiological measurement with slowfast temporal difference transformer},
  author={Yu, Zitong and Shen, Yuming and Shi, Jingang and Zhao, Hengshuang and Cui, Yawen and Zhang, Jiehua and Torr, Philip and Zhao, Guoying},
  journal={International Journal of Computer Vision},
  volume={131},
  number={6},
  pages={1307--1330},
  year={2023},
  publisher={Springer}
}

@article{zhang2021flexmatch,
  title={Flexmatch: Boosting semi-supervised learning with curriculum pseudo labeling},
  author={Zhang, Bowen and Wang, Yidong and Hou, Wenxin and Wu, Hao and Wang, Jindong and Okumura, Manabu and Shinozaki, Takahiro},
  journal={Advances in Neural Information Processing Systems},
  volume={34},
  pages={18408--18419},
  year={2021}
}

@inproceedings{zhu2022celebv,
  title={CelebV-HQ: A large-scale video facial attributes dataset},
  author={Zhu, Hao and Wu, Wayne and Zhu, Wentao and Jiang, Liming and Tang, Siwei and Zhang, Li and Liu, Ziwei and Loy, Chen Change},
  booktitle={European conference on computer vision},
  pages={650--667},
  year={2022},
  organization={Springer}
}

