
@article{wu2022facial,
  title={A facial-image-based blood pressure measurement system without calibration},
  author={Wu, Bing-Fei and Wu, Bing-Jhang and Tsai, Bing-Ruei and Hsu, Chi-Po},
  journal={IEEE Transactions on Instrumentation and Measurement},
  volume={71},
  pages={1--13},
  year={2022},
  publisher={IEEE}
}

@article{liu2024rppg,
  title={rPPG-MAE: Self-supervised pretraining with masked autoencoders for remote physiological measurements},
  author={Liu, Xin and Zhang, Yuting and Yu, Zitong and Lu, Hao and Yue, Huanjing and Yang, Jingyu},
  journal={IEEE Transactions on Multimedia},
  year={2024},
  publisher={IEEE}
}

@article{yu2023physformer++,
  title={Physformer++: Facial video-based physiological measurement with slowfast temporal difference transformer},
  author={Yu, Zitong and Shen, Yuming and Shi, Jingang and Zhao, Hengshuang and Cui, Yawen and Zhang, Jiehua and Torr, Philip and Zhao, Guoying},
  journal={International Journal of Computer Vision},
  volume={131},
  number={6},
  pages={1307--1330},
  year={2023},
  publisher={Springer}
}

@article{yu2021facial,
  title={Facial-video-based physiological signal measurement: Recent advances and affective applications},
  author={Yu, Zitong and Li, Xiaobai and Zhao, Guoying},
  journal={IEEE Signal Processing Magazine},
  volume={38},
  number={6},
  pages={50--58},
  year={2021},
  publisher={IEEE}
}

@article{shi2019atrial,
  title={Atrial fibrillation detection from face videos by fusing subtle variations},
  author={Shi, Jingang and Alikhani, Iman and Li, Xiaobai and Yu, Zitong and Sepp{\"a}nen, Tapio and Zhao, Guoying},
  journal={IEEE Transactions on Circuits and Systems for Video Technology},
  volume={30},
  number={8},
  pages={2781--2795},
  year={2019},
  publisher={IEEE}
}


@inproceedings{zhu2022contactless,
  title={Contactless SpO 2 Detection from Face Using Consumer Camera},
  author={Zhu, Li and Vatanparvar, Korosh and Gwak, Migyeong and Kuang, Jilong and Gao, Alex},
  booktitle={2022 IEEE-EMBS International Conference on Wearable and Implantable Body Sensor Networks (BSN)},
  pages={1--4},
  year={2022},
  organization={IEEE}
}

@inproceedings{du2021weakly,
  title={Weakly supervised rPPG estimation for respiratory rate estimation},
  author={Du, Jingda and Liu, Si-Qi and Zhang, Bochao and Yuen, Pong C},
  booktitle={Proceedings of the IEEE/CVF International Conference on Computer Vision},
  pages={2391--2397},
  year={2021}
}

@article{wang2016algorithmic,
  title={Algorithmic principles of remote PPG},
  author={Wang, Wenjin and Den Brinker, Albertus C and Stuijk, Sander and De Haan, Gerard},
  journal={IEEE Transactions on Biomedical Engineering},
  volume={64},
  number={7},
  pages={1479--1491},
  year={2016},
  publisher={IEEE}
}




@inproceedings{tran2015robust,
  title={A robust real time system for remote heart rate measurement via camera},
  author={Tran, Duc Nhan and Lee, Hyukzae and Kim, Changick},
  booktitle={2015 IEEE International Conference on Multimedia and Expo (ICME)},
  pages={1--6},
  year={2015},
  organization={IEEE}
}

@inproceedings{yu2019remote,
  title={Remote photoplethysmograph signal measurement from facial videos using spatio-temporal networks},
  author={Yu, Zitong and Li, Xiaobai and Zhao, Guoying},
  booktitle={BMVC},
  pages={277},
  year={2019}
}

@inproceedings{yu2019remote1,
  title={Remote heart rate measurement from highly compressed facial videos: an end-to-end deep learning solution with video enhancement},
  author={Yu, Zitong and Peng, Wei and Li, Xiaobai and Hong, Xiaopeng and Zhao, Guoying},
  booktitle={ICCV},
  pages={151--160},
  year={2019}
}

@inproceedings{yu2022physformer,
  title={Physformer: Facial video-based physiological measurement with temporal difference transformer},
  author={Yu, Zitong and Shen, Yuming and Shi, Jingang and Zhao, Hengshuang and Torr, Philip HS and Zhao, Guoying},
  booktitle={Proceedings of the IEEE/CVF conference on computer vision and pattern recognition},
  pages={4186--4196},
  year={2022}
}

@article{niu2019rhythmnet,
  title={Rhythmnet: End-to-end heart rate estimation from face via spatial-temporal representation},
  author={Niu, Xuesong and Shan, Shiguang and Han, Hu and Chen, Xilin},
  journal={IEEE Transactions on Image Processing},
  volume={29},
  pages={2409--2423},
  year={2019},
  publisher={IEEE}
}

@inproceedings{niu2020video,
  title={Video-based remote physiological measurement via cross-verified feature disentangling},
  author={Niu, Xuesong and Yu, Zitong and Han, Hu and Li, Xiaobai and Shan, Shiguang and Zhao, Guoying},
  booktitle={Computer Vision--ECCV 2020: 16th European Conference, Glasgow, UK, August 23--28, 2020, Proceedings, Part II 16},
  pages={295--310},
  year={2020},
  organization={Springer}
}

@inproceedings{niu2019vipl,
  title={VIPL-HR: A multi-modal database for pulse estimation from less-constrained face video},
  author={Niu, Xuesong and Han, Hu and Shan, Shiguang and Chen, Xilin},
  booktitle={Computer Vision--ACCV 2018: 14th Asian Conference on Computer Vision, Perth, Australia, December 2--6, 2018, Revised Selected Papers, Part V 14},
  pages={562--576},
  year={2019},
  organization={Springer}
}

@inproceedings{stricker2014non,
  title={Non-contact video-based pulse rate measurement on a mobile service robot},
  author={Stricker, Ronny and M{\"u}ller, Steffen and Gross, Horst-Michael},
  booktitle={The 23rd IEEE International Symposium on Robot and Human Interactive Communication},
  pages={1056--1062},
  year={2014},
  organization={IEEE}
}

@article{bobbia2019unsupervised,
  title={Unsupervised skin tissue segmentation for remote photoplethysmography},
  author={Bobbia, Serge and Macwan, Richard and Benezeth, Yannick and Mansouri, Alamin and Dubois, Julien},
  journal={Pattern Recognition Letters},
  volume={124},
  pages={82--90},
  year={2019},
  publisher={Elsevier}
}

@article{heusch2017reproducible,
  title={A reproducible study on remote heart rate measurement},
  author={Heusch, Guillaume and Anjos, Andr{\'e} and Marcel, S{\'e}bastien},
  journal={arXiv preprint arXiv:1709.00962},
  year={2017}
}

@inproceedings{das2021bvpnet,
  title={Bvpnet: Video-to-bvp signal prediction for remote heart rate estimation},
  author={Das, Abhijit and Lu, Hao and Han, Hu and Dantcheva, Antitza and Shan, Shiguang and Chen, Xilin},
  booktitle={2021 16th IEEE International Conference on Automatic Face and Gesture Recognition (FG 2021)},
  pages={01--08},
  year={2021},
  organization={IEEE}
}

@article{shao2023tranphys,
  title={TranPhys: Spatiotemporal Masked Transformer Steered Remote Photoplethysmography Estimation},
  author={Shao, Hang and Luo, Lei and Qian, Jianjun and Chen, Shuo and Hu, Chuanfei and Yang, Jian},
  journal={IEEE Transactions on Circuits and Systems for Video Technology},
  year={2023},
  publisher={IEEE}
}

@inproceedings{yu2019STVEN,
  title={Remote heart rate measurement from highly compressed facial videos: an end-to-end deep learning solution with video enhancement},
  author={Yu, Zitong and Peng, Wei and Li, Xiaobai and Hong, Xiaopeng and Zhao, Guoying},
  booktitle={Proceedings of the IEEE/CVF International Conference on Computer Vision},
  pages={151--160},
  year={2019}
}

@inproceedings{gideon2021way,
  title={The way to my heart is through contrastive learning: Remote photoplethysmography from unlabelled video},
  author={Gideon, John and Stent, Simon},
  booktitle={Proceedings of the IEEE/CVF international conference on computer vision},
  pages={3995--4004},
  year={2021}
}

@inproceedings{speth2023non,
  title={Non-contrastive unsupervised learning of physiological signals from video},
  author={Speth, Jeremy and Vance, Nathan and Flynn, Patrick and Czajka, Adam},
  booktitle={Proceedings of the IEEE/CVF Conference on Computer Vision and Pattern Recognition},
  pages={14464--14474},
  year={2023}
}

@inproceedings{sun2022contrast,
  title={Contrast-phys: Unsupervised video-based remote physiological measurement via spatiotemporal contrast},
  author={Sun, Zhaodong and Li, Xiaobai},
  booktitle={European Conference on Computer Vision},
  pages={492--510},
  year={2022},
  organization={Springer}
}

@inproceedings{hasan2023srppg,
  title={SrPPG: Semi-Supervised Adversarial Learning for Remote Photoplethysmography with Noisy Data},
  author={Hasan, Zahid and Faridee, Abu Zaher Md and Ahmed, Masud and Ayyanar, Shibi and Roy, Nirmalya},
  booktitle={2023 IEEE International Conference on Smart Computing (SMARTCOMP)},
  pages={25--32},
  year={2023},
  organization={IEEE}
}

@inproceedings{zhu2022celebv,
  title={CelebV-HQ: A large-scale video facial attributes dataset},
  author={Zhu, Hao and Wu, Wayne and Zhu, Wentao and Jiang, Liming and Tang, Siwei and Zhang, Li and Liu, Ziwei and Loy, Chen Change},
  booktitle={European conference on computer vision},
  pages={650--667},
  year={2022},
  organization={Springer}
}

@article{zhang2021flexmatch,
  title={Flexmatch: Boosting semi-supervised learning with curriculum pseudo labeling},
  author={Zhang, Bowen and Wang, Yidong and Hou, Wenxin and Wu, Hao and Wang, Jindong and Okumura, Manabu and Shinozaki, Takahiro},
  journal={Advances in Neural Information Processing Systems},
  volume={34},
  pages={18408--18419},
  year={2021}
}

@article{sohn2020fixmatch,
  title={Fixmatch: Simplifying semi-supervised learning with consistency and confidence},
  author={Sohn, Kihyuk and Berthelot, David and Carlini, Nicholas and Zhang, Zizhao and Zhang, Han and Raffel, Colin A and Cubuk, Ekin Dogus and Kurakin, Alexey and Li, Chun-Liang},
  journal={Advances in neural information processing systems},
  volume={33},
  pages={596--608},
  year={2020}
}

@article{amini2022self,
  title={Self-training: A survey},
  author={Amini, Massih-Reza and Feofanov, Vasilii and Pauletto, Loic and Devijver, Emilie and Maximov, Yury},
  journal={arXiv preprint arXiv:2202.12040},
  year={2022}
}

@inproceedings{schrumpf2021assessment,
  title={Assessment of deep learning based blood pressure prediction from PPG and rPPG signals},
  author={Schrumpf, Fabian and Frenzel, Patrick and Aust, Christoph and Osterhoff, Georg and Fuchs, Mirco},
  booktitle={Proceedings of the IEEE/CVF Conference on Computer Vision and Pattern Recognition},
  pages={3820--3830},
  year={2021}
}

@article{alnaggar2023video,
  title={Video-based real-time monitoring for heart rate and respiration rate},
  author={Alnaggar, Mona and Siam, Ali I and Handosa, Mohamed and Medhat, Tamer and Rashad, MZ},
  journal={Expert Systems with Applications},
  volume={225},
  pages={120135},
  year={2023},
  publisher={Elsevier}
}

@article{hu2021robust,
  title={Robust heart rate estimation with spatial--temporal attention network from facial videos},
  author={Hu, Min and Qian, Fei and Wang, Xiaohua and He, Lei and Guo, Dong and Ren, Fuji},
  journal={IEEE Transactions on Cognitive and Developmental Systems},
  volume={14},
  number={2},
  pages={639--647},
  year={2021},
  publisher={IEEE}
}

@inproceedings{xiang2017joint,
  title={Joint face detection and facial expression recognition with MTCNN},
  author={Xiang, Jia and Zhu, Gengming},
  booktitle={2017 4th international conference on information science and control engineering (ICISCE)},
  pages={424--427},
  year={2017},
  organization={IEEE}
}

@inproceedings{lu2021dual,
  title={Dual-gan: Joint bvp and noise modeling for remote physiological measurement},
  author={Lu, Hao and Han, Hu and Zhou, S Kevin},
  booktitle={Proceedings of the IEEE/CVF conference on computer vision and pattern recognition},
  pages={12404--12413},
  year={2021}
}

@article{loshchilov2017decoupled,
  title={Decoupled weight decay regularization},
  author={Loshchilov, Ilya and Hutter, Frank},
  journal={arXiv preprint arXiv:1711.05101},
  year={2017}
}

@article{de2013robust,
  title={Robust pulse rate from chrominance-based rPPG},
  author={De Haan, Gerard and Jeanne, Vincent},
  journal={IEEE transactions on biomedical engineering},
  volume={60},
  number={10},
  pages={2878--2886},
  year={2013},
  publisher={IEEE}
}

@inproceedings{wang2022self,
  title={Self-supervised representation learning framework for remote physiological measurement using spatiotemporal augmentation loss},
  author={Wang, Hao and Ahn, Euijoon and Kim, Jinman},
  booktitle={Proceedings of the AAAI Conference on Artificial Intelligence},
  volume={36},
  number={2},
  pages={2431--2439},
  year={2022}
}

@inproceedings{chen2018deepphys,
  title={Deepphys: Video-based physiological measurement using convolutional attention networks},
  author={Chen, Weixuan and McDuff, Daniel},
  booktitle={Proceedings of the european conference on computer vision (ECCV)},
  pages={349--365},
  year={2018}
}

@inproceedings{du2023dual,
  title={Dual-bridging with adversarial noise generation for domain adaptive rppg estimation},
  author={Du, Jingda and Liu, Si-Qi and Zhang, Bochao and Yuen, Pong C},
  booktitle={Proceedings of the IEEE/CVF Conference on Computer Vision and Pattern Recognition},
  pages={10355--10364},
  year={2023}
}

@article{dong2024realistic,
  title={Realistic Pulse Waveforms Estimation via Contrastive Learning in Remote Photoplethysmography},
  author={Dong, Bowei and Liu, Yuliang and Yang, Kaifeng and Cao, Jiajian},
  journal={IEEE Transactions on Instrumentation and Measurement},
  year={2024},
  publisher={IEEE}
}

@article{he2023pseudo,
  title={Pseudo-label correction and learning for semi-supervised object detection},
  author={He, Yulin and Chen, Wei and Liang, Ke and Tan, Yusong and Liang, Zhengfa and Guo, Yulan},
  journal={arXiv preprint arXiv:2303.02998},
  year={2023}
}

@inproceedings{li2022rethinking,
  title={Rethinking pseudo labels for semi-supervised object detection},
  author={Li, Hengduo and Wu, Zuxuan and Shrivastava, Abhinav and Davis, Larry S},
  booktitle={Proceedings of the AAAI conference on artificial intelligence},
  volume={36},
  number={2},
  pages={1314--1322},
  year={2022}
}

@inproceedings{alonso2021semi,
  title={Semi-supervised semantic segmentation with pixel-level contrastive learning from a class-wise memory bank},
  author={Alonso, Inigo and Sabater, Alberto and Ferstl, David and Montesano, Luis and Murillo, Ana C},
  booktitle={Proceedings of the IEEE/CVF international conference on computer vision},
  pages={8219--8228},
  year={2021}
}

@inproceedings{jing2021videossl,
  title={Videossl: Semi-supervised learning for video classification},
  author={Jing, Longlong and Parag, Toufiq and Wu, Zhe and Tian, Yingli and Wang, Hongcheng},
  booktitle={Proceedings of the IEEE/CVF winter conference on applications of computer vision},
  pages={1110--1119},
  year={2021}
}

@article{tarvainen2017mean,
  title={Mean teachers are better role models: Weight-averaged consistency targets improve semi-supervised deep learning results},
  author={Tarvainen, Antti and Valpola, Harri},
  journal={Advances in neural information processing systems},
  volume={30},
  year={2017}
}

@article{wu2022camera,
  title={Camera-based blood pressure estimation via windkessel model and waveform features},
  author={Wu, Bing-Jhang and Wu, Bing-Fei and Hsu, Chi-Po},
  journal={IEEE Transactions on Instrumentation and Measurement},
  volume={72},
  pages={1--13},
  year={2022},
  publisher={IEEE}
}

@article{park2022self,
  title={Self-supervised rgb-nir fusion video vision transformer framework for rppg estimation},
  author={Park, Soyeon and Kim, Bo-Kyeong and Dong, Suh-Yeon},
  journal={IEEE Transactions on Instrumentation and Measurement},
  volume={71},
  pages={1--10},
  year={2022},
  publisher={IEEE}
}

@article{yue2021deep,
  title={Deep super-resolution network for rPPG information recovery and noncontact heart rate estimation},
  author={Yue, Zijie and Ding, Shuai and Yang, Shanlin and Yang, Hui and Li, Zhili and Zhang, Youtao and Li, Yinghui},
  journal={IEEE Transactions on Instrumentation and Measurement},
  volume={70},
  pages={1--11},
  year={2021},
  publisher={IEEE}
}

@article{das2023time,
  title={Time--frequency learning framework for rPPG signal estimation using Scalogram-based feature map of facial video data},
  author={Das, Mousumi and Bhuyan, Manas Kamal and Sharma, LN},
  journal={IEEE Transactions on Instrumentation and Measurement},
  volume={72},
  pages={1--10},
  year={2023},
  publisher={IEEE}
}

@article{hu2021eta,
  title={ETA-rPPGNet: Effective time-domain attention network for remote heart rate measurement},
  author={Hu, Min and Qian, Fei and Guo, Dong and Wang, Xiaohua and He, Lei and Ren, Fuji},
  journal={IEEE Transactions on Instrumentation and Measurement},
  volume={70},
  pages={1--12},
  year={2021},
  publisher={IEEE}
}

@article{liu2024rppg-toolbox,
  title={rppg-toolbox: Deep remote ppg toolbox},
  author={Liu, Xin and Narayanswamy, Girish and Paruchuri, Akshay and Zhang, Xiaoyu and Tang, Jiankai and Zhang, Yuzhe and Sengupta, Roni and Patel, Shwetak and Wang, Yuntao and McDuff, Daniel},
  journal={Advances in Neural Information Processing Systems},
  volume={36},
  year={2024}
}

@article{liu2020multi,
  title={Multi-task temporal shift attention networks for on-device contactless vitals measurement},
  author={Liu, Xin and Fromm, Josh and Patel, Shwetak and McDuff, Daniel},
  journal={Advances in Neural Information Processing Systems},
  volume={33},
  pages={19400--19411},
  year={2020}
}

@inproceedings{li2023contactless,
  title={Contactless Pulse Estimation Leveraging Pseudo Labels and Self-Supervision},
  author={Li, Zhihua and Yin, Lijun},
  booktitle={Proceedings of the IEEE/CVF International Conference on Computer Vision},
  pages={20588--20597},
  year={2023}
}