% Use this file for citations not found in the ACL Anthology (contained in "anthology.bib").
%legal ref
@book{kim2008statutory,
  title={Statutory interpretation: General principles and recent trends},
  author={Kim, Yule and American Law Division},
  year={2008},
  publisher={Congressional Research Service Washington, DC}
}

@article{eig2014statutory,
  title={Statutory Interpretation: General Principles and Recent Trends},
  author={Eig Larry, M},
  journal={Congressional Center for Research},
  number={s 37},
  year={2014}
}

@book{sutherland1891statutes,
  title={Statutes and Statutory Construction: Including a Discussion of Legislative Powers, Constitutional Regulations Relative to the Forms of Legislation and to Legislative Procedure, Together with an Exposition at Length of the Principles of Interpretation and Cognate Topics},
  author={Sutherland, Jabez Gridley},
  year={1891},
  publisher={Callaghan}
}

@article{pound1925jurisprudence,
  title={Jurisprudence.},
  author={Pound, Roscoe},
  year={1925},
  publisher={Alfred A. Knopf}
}

@article{watson1982legal,
  title={Legal change: sources of law and legal culture},
  author={Watson, Alan},
  journal={U. Pa. L. Rev.},
  volume={131},
  pages={1121},
  year={1982},
  publisher={HeinOnline}
}

@article{pound1932hierarchy,
  title={Hierarchy of Sources and Forms in Different Systems of Law},
  author={Pound, Roscoe},
  journal={Tul. L. Rev.},
  volume={7},
  pages={475},
  year={1932},
  publisher={HeinOnline}
}

@book{zhang2007jurisprudence,
  author    = {Wenxian Zhang and Wangsheng Zhou},
  title     = {Jurisprudence (3rd Edition)},
  editor    = {Wenxian Zhang and Wangsheng Zhou},
  publisher = {Higher Education Press},
  year      = {2007},
  month     = {2},
  isbn      = {978-7-04-020641-8},
  address   = {Beijing}
}

@book{npc2017criminal,
  author    = {National People’s Congress},
  title     = {Criminal Law of the People’s Republic of China},
  publisher = {China Legal Publishing House},
  year      = {2017}
}

@article{Shen200804003,
  author = {Shen, Yan},
  title = {How to Distinguish Violence in Robbery from Force in Theft},
  journal = {People's Judicature},
  volume = {},
  number = {04},
  pages = {14-15},
  year = {2008},
  issn = {1002-4603},
  doi = {10.19684/j.cnki.1002-4603.2008.04.003}
}

@article{Zhang2007,
  author = {Zhang, Zhihai},
  title = {On the Violent Elements of Robbery},
  journal = {Legal System and Society},
  volume = {},
  number = {1},
  pages = {222},
  year = {2007},
  issn = {},
}

@misc{Yang2010,
  author = {Yang, Kai},
  title = {On the Distinction between Violence in Robbery and Theft},
  howpublished = {\url{http://www.jsfy.gov.cn/article/78069.html}},
  year = {2010},
  month = nov,
  note = {Accessed: 2025-02-16}
}

@article{Zou2002,
  author = {Zou, Daiming},
  title = {Robbery Case No. 159: How to Qualify the Act of Confined Imprisonment for the Purpose of Robbery},
  journal = {Criminal Trial Reference},
  volume = {1},
  number = {24},
  year = {2002},
  pages = {},
  note = {Issue 1, Total Issue 24}
}


@article{Ma2021Robbery,
  author = {Ma, Yinxiang},
  title = {The Spiritualization and Limitation of the Concept of Violence in Robbery},
  journal = {Law Science},
  volume = {},
  number = {06},
  pages = {76--91},
  year = {2021},
  issn = {1000-4238},
}


@article{zhang2017judicial,
  author = {Mingkai Zhang},
  title = {The Judicial Application of the Hierarchical Theory},
  journal = {Tsinghua Law Journal},
  volume = {11},
  number = {5},
  pages = {20--39},
  year = {2017},
  issn = {1673-9280}
}

@article{li2006no_reconstruction,
  author = {Hong Li},
  title = {No Need to Reconstruct China's Crime Constitution System},
  journal = {Chinese Journal of Law},
  number = {1},
  pages = {32--51},
  year = {2006},
  issn = {1002-896X}
}

@article{gao2009rationality,
  title={On the Rationality of the Four-elements Theory of Crime Constitution and Adherence to China's Criminal Law System},
  author={Mingxuan Gao},
  journal={China Legal Sci.},
  number={2},
  pages={5--11},
  year={2009}
}

@article{chen2010crime,
  author={Xingliang Chen},
  title={Crime Constitution Theory: An Academic Historical Investigation from the Four-elements to the Three-tier Theory},
  journal={Peking University Law Journal},
  volume={22},
  number={1},
  pages={49--69},
  year={2010},
  issn={1002-4875}
}

@article{chen2017comparative,
  title={Criminal Law Hierarchical Theory: A Comparative Study between the Three-tier and Four-elements Theories},
  author={Xingliang Chen},
  journal={Tsinghua Law Journal},
  volume={5},
  year={2017}
}

@article{zhou2017debate,
  author={Guangquan Zhou},
  title={Debate on the Theory of Crime Constituent Elements and Its Long-term Impact},
  journal={Politics and Law},
  number={3},
  pages={17--34},
  year={2017},
  issn={1005-9512},
  doi={10.15984/j.cnki.1005-9512.2017.03.002}
}

@article{zhou2017hierarchical,
  author={Guangquan Zhou},
  title={The Hierarchical Theory of Crime and Its Practical Development},
  journal={Tsinghua Law Journal},
  volume={11},
  number={5},
  pages={84--104},
  year={2017},
  issn={1673-9280}
}

@article{zhang2010justification,
  author={Mingkai Zhang},
  title={Justification Grounds and the System of Crime Constitution},
  journal={The Jurist},
  number={1},
  pages={31--39, 176--177},
  year={2010},
  issn={1005-0221},
  doi={10.16094/j.cnki.1005-0221.2010.01.008}
}



@article{liang2017vicissitudes,
  title={The vicissitudes of Chinese criminal law and theory: A study in history, culture and politics},
  author={Liang, Genlin},
  journal={Peking University Law Journal},
  volume={5},
  number={1},
  pages={25--49},
  year={2017},
  publisher={Taylor \& Francis}
}

@article{cui2024chatlaw,
  title={Chatlaw: A multi-agent collaborative legal assistant with knowledge graph enhanced mixture-of-experts large language model},
  author={Cui, Jiaxi and Ning, Munan and Li, Zongjian and Chen, Bohua and Yan, Yang and Li, Hao and Ling, Bin and Tian, Yonghong and Yuan, Li},
  journal={arXiv preprint arXiv:2306.16092},
  year={2024}
}

@inproceedings{zhou2023boosting,
  title={Boosting legal case retrieval by query content selection with large language models},
  author={Zhou, Youchao and Huang, Heyan and Wu, Zhijing},
  booktitle={Proceedings of the Annual International ACM SIGIR Conference on Research and Development in Information Retrieval in the Asia Pacific Region},
  pages={176--184},
  year={2023}
}

@article{an2022charge,
  title={Do Charge Prediction Models Learn Legal Theory?},
  author={An, Zhenwei and Huang, Quzhe and Jiang, Cong and Feng, Yansong and Zhao, Dongyan},
  journal={arXiv preprint arXiv:2210.17108},
  year={2022}
}

@article{li2024graph,
  title={From Graph to Word Bag: Introducing Domain Knowledge to Confusing Charge Prediction},
  author={Li, Ang and Chen, Qiangchao and Wu, Yiquan and Cai, Ming and Zhou, Xiang and Wu, Fei and Kuang, Kun},
  journal={arXiv preprint arXiv:2403.04369},
  year={2024}
}

@article{zhao2024revolutionizing,
  title={Revolutionizing finance with llms: An overview of applications and insights},
  author={Zhao, Huaqin and Liu, Zhengliang and Wu, Zihao and Li, Yiwei and Yang, Tianze and Shu, Peng and Xu, Shaochen and Dai, Haixing and Zhao, Lin and Mai, Gengchen and others},
  journal={arXiv preprint arXiv:2401.11641},
  year={2024}
}

@article{tu2024towards,
  title={Towards generalist biomedical AI},
  author={Tu, Tao and Azizi, Shekoofeh and Driess, Danny and Schaekermann, Mike and Amin, Mohamed and Chang, Pi-Chuan and Carroll, Andrew and Lau, Charles and Tanno, Ryutaro and Ktena, Ira and others},
  journal={NEJM AI},
  volume={1},
  number={3},
  pages={AIoa2300138},
  year={2024},
  publisher={Massachusetts Medical Society}
}

@article{guha2024legalbench,
  title={Legalbench: A collaboratively built benchmark for measuring legal reasoning in large language models},
  author={Guha, Neel and Nyarko, Julian and Ho, Daniel and R{\'e}, Christopher and Chilton, Adam and Chohlas-Wood, Alex and Peters, Austin and Waldon, Brandon and Rockmore, Daniel and Zambrano, Diego and others},
  journal={Advances in Neural Information Processing Systems},
  volume={36},
  year={2024}
}

@article{servantez2024chain,
  title={Chain of Logic: Rule-Based Reasoning with Large Language Models},
  author={Servantez, Sergio and Barrow, Joe and Hammond, Kristian and Jain, Rajiv},
  journal={arXiv preprint arXiv:2402.10400},
  year={2024}
}

@inproceedings{ma2021lecard,
  title={LeCaRD: a legal case retrieval dataset for Chinese law system},
  author={Ma, Yixiao and Shao, Yunqiu and Wu, Yueyue and Liu, Yiqun and Zhang, Ruizhe and Zhang, Min and Ma, Shaoping},
  booktitle={Proceedings of the 44th international ACM SIGIR conference on research and development in information retrieval},
  pages={2342--2348},
  year={2021}
}

@inproceedings{li2024lecardv2,
  title={LeCaRDv2: A Large-Scale Chinese Legal Case Retrieval Dataset},
  author={Li, Haitao and Shao, Yunqiu and Wu, Yueyue and Ai, Qingyao and Ma, Yixiao and Liu, Yiqun},
  booktitle={Proceedings of the 47th International ACM SIGIR Conference on Research and Development in Information Retrieval},
  pages={2251--2260},
  year={2024}
}

@inproceedings{qin2024explicitly,
  title={Explicitly Integrating Judgment Prediction with Legal Document Retrieval: A Law-Guided Generative Approach},
  author={Qin, Weicong and Cao, Zelin and Yu, Weijie and Si, Zihua and Chen, Sirui and Xu, Jun},
  booktitle={Proceedings of the 47th International ACM SIGIR Conference on Research and Development in Information Retrieval},
  pages={2210--2220},
  year={2024}
}

@article{liu2021everything,
  title={Everything has a cause: Leveraging causal inference in legal text analysis},
  author={Liu, Xiao and Yin, Da and Feng, Yansong and Wu, Yuting and Zhao, Dongyan},
  journal={arXiv preprint arXiv:2104.09420},
  year={2021}
}

@article{zhai2008statistical,
  title={Statistical language models for information retrieval a critical review},
  author={Zhai, ChengXiang and others},
  journal={Foundations and Trends{\textregistered} in Information Retrieval},
  volume={2},
  number={3},
  pages={137--213},
  year={2008},
  publisher={Now Publishers, Inc.}
}

@article{robertson2009probabilistic,
  title={The probabilistic relevance framework: BM25 and beyond},
  author={Robertson, Stephen and Zaragoza, Hugo and others},
  journal={Foundations and Trends{\textregistered} in Information Retrieval},
  volume={3},
  number={4},
  pages={333--389},
  year={2009},
  publisher={Now Publishers, Inc.}
}

@article{devlin2018bert,
  title={Bert: Pre-training of deep bidirectional transformers for language understanding},
  author={Devlin, Jacob},
  journal={arXiv preprint arXiv:1810.04805},
  year={2018}
}

@article{chalkidis2020legal,
  title={LEGAL-BERT: The muppets straight out of law school},
  author={Chalkidis, Ilias and Fergadiotis, Manos and Malakasiotis, Prodromos and Aletras, Nikolaos and Androutsopoulos, Ion},
  journal={arXiv preprint arXiv:2010.02559},
  year={2020}
}

@article{xiao2021lawformer,
  title={Lawformer: A pre-trained language model for chinese legal long documents},
  author={Xiao, Chaojun and Hu, Xueyu and Liu, Zhiyuan and Tu, Cunchao and Sun, Maosong},
  journal={AI Open},
  volume={2},
  pages={79--84},
  year={2021},
  publisher={Elsevier}
}

@article{beltagy2020longformer,
  title={Longformer: The long-document transformer},
  author={Beltagy, Iz and Peters, Matthew E and Cohan, Arman},
  journal={arXiv preprint arXiv:2004.05150},
  year={2020}
}

@article{cui2023chatlaw,
  title={Chatlaw: Open-source legal large language model with integrated external knowledge bases},
  author={Cui, Jiaxi and Li, Zongjian and Yan, Yang and Chen, Bohua and Yuan, Li},
  journal={arXiv preprint arXiv:2306.16092},
  year={2023}
}

@inproceedings{li2023sailer,
  title={SAILER: structure-aware pre-trained language model for legal case retrieval},
  author={Li, Haitao and Ai, Qingyao and Chen, Jia and Dong, Qian and Wu, Yueyue and Liu, Yiqun and Chen, Chong and Tian, Qi},
  booktitle={Proceedings of the 46th International ACM SIGIR Conference on Research and Development in Information Retrieval},
  pages={1035--1044},
  year={2023}
}

@inproceedings{zhou2016attention,
  title={Attention-based bidirectional long short-term memory networks for relation classification},
  author={Zhou, Peng and Shi, Wei and Tian, Jun and Qi, Zhenyu and Li, Bingchen and Hao, Hongwei and Xu, Bo},
  booktitle={Proceedings of the 54th annual meeting of the association for computational linguistics (volume 2: Short papers)},
  pages={207--212},
  year={2016}
}

@article{yuan2024can,
  title={Can Large Language Models Grasp Legal Theories? Enhance Legal Reasoning with Insights from Multi-Agent Collaboration},
  author={Yuan, Weikang and Cao, Junjie and Jiang, Zhuoren and Kang, Yangyang and Lin, Jun and Song, Kaisong and Yan, Pengwei and Sun, Changlong and Liu, Xiaozhong and others},
  journal={arXiv preprint arXiv:2410.02507},
  year={2024}
}

@inproceedings{deng2023syllogistic,
  title={Syllogistic reasoning for legal judgment analysis},
  author={Deng, Wentao and Pei, Jiahuan and Kong, Keyi and Chen, Zhe and Wei, Furu and Li, Yujun and Ren, Zhaochun and Chen, Zhumin and Ren, Pengjie},
  booktitle={Proceedings of the 2023 Conference on Empirical Methods in Natural Language Processing},
  pages={13997--14009},
  year={2023}
}

@article{achiam2023gpt,
  title={Gpt-4 technical report},
  author={Achiam, Josh and Adler, Steven and Agarwal, Sandhini and Ahmad, Lama and Akkaya, Ilge and Aleman, Florencia Leoni and Almeida, Diogo and Altenschmidt, Janko and Altman, Sam and Anadkat, Shyamal and others},
  journal={arXiv preprint arXiv:2303.08774},
  year={2023}
}

@article{kojima2022large,
  title={Large language models are zero-shot reasoners},
  author={Kojima, Takeshi and Gu, Shixiang Shane and Reid, Machel and Matsuo, Yutaka and Iwasawa, Yusuke},
  journal={Advances in neural information processing systems},
  volume={35},
  pages={22199--22213},
  year={2022}
}

@misc{bge_m3,
  title={BGE M3-Embedding: Multi-Lingual, Multi-Functionality, Multi-Granularity Text Embeddings Through Self-Knowledge Distillation},
  author={Chen, Jianlv and Xiao, Shitao and Zhang, Peitian and Luo, Kun and Lian, Defu and Liu, Zheng},
  year={2023},
  eprint={2309.07597},
  archivePrefix={arXiv},
  primaryClass={cs.CL}
}

@inproceedings{feng2024legal,
  title={Legal Case Retrieval: A Survey of the State of the Art},
  author={Feng, Yi and Li, Chuanyi and Ng, Vincent},
  booktitle={Proceedings of the 62nd Annual Meeting of the Association for Computational Linguistics (Volume 1: Long Papers)},
  pages={6472--6485},
  year={2024}
}

@article{li2024delta,
  title={DELTA: Pre-train a Discriminative Encoder for Legal Case Retrieval via Structural Word Alignment},
  author={Li, Haitao and Ai, Qingyao and Han, Xinyan and Chen, Jia and Dong, Qian and Liu, Yiqun and Chen, Chong and Tian, Qi},
  journal={arXiv preprint arXiv:2403.18435},
  year={2024}
}

@inproceedings{yao2024lawyer,
  title={Lawyer GPT: A legal large language model with enhanced domain knowledge and reasoning capabilities},
  author={Yao, Shunyu and Ke, Qingqing and Wang, Qiwei and Li, Kangtong and Hu, Jie},
  booktitle={Proceedings of the 2024 3rd International Symposium on Robotics, Artificial Intelligence and Information Engineering},
  pages={108--112},
  year={2024}
}

@article{zhou2024lawgpt,
  title={LawGPT: A Chinese Legal Knowledge-Enhanced Large Language Model},
  author={Zhou, Zhi and Shi, Jiang-Xin and Song, Peng-Xiao and Yang, Xiao-Wen and Jin, Yi-Xuan and Guo, Lan-Zhe and Li, Yu-Feng},
  journal={arXiv preprint arXiv:2406.04614},
  year={2024}
}

@inproceedings{cheong2024not,
  title={(A) I Am Not a Lawyer, But...: Engaging Legal Experts towards Responsible LLM Policies for Legal Advice},
  author={Cheong, Inyoung and Xia, King and Feng, KJ Kevin and Chen, Quan Ze and Zhang, Amy X},
  booktitle={The 2024 ACM Conference on Fairness, Accountability, and Transparency},
  pages={2454--2469},
  year={2024}
}

@inproceedings{jiang2023legal,
  title={Legal syllogism prompting: Teaching large language models for legal judgment prediction},
  author={Jiang, Cong and Yang, Xiaolei},
  booktitle={Proceedings of the Nineteenth International Conference on Artificial Intelligence and Law},
  pages={417--421},
  year={2023}
}

@misc{ouyang1999confusing,
  title={Confusing crimes, noncrime, and boundaries between crimes},
  author={Ouyang, Tao and Wei, Kejia and Liu, Renwen},
  year={1999},
  publisher={Chinese People’s Public Security University Press}
}