@article{an2022charge,
  title={Do Charge Prediction Models Learn Legal Theory?},
  author={An, Zhenwei and Huang, Quzhe and Jiang, Cong and Feng, Yansong and Zhao, Dongyan},
  journal={arXiv preprint arXiv:2210.17108},
  year={2022}
}

@article{chen2010crime,
  author={Xingliang Chen},
  title={Crime Constitution Theory: An Academic Historical Investigation from the Four-elements to the Three-tier Theory},
  journal={Peking University Law Journal},
  volume={22},
  number={1},
  pages={49--69},
  year={2010},
  issn={1002-4875}
}

@article{chen2017comparative,
  title={Criminal Law Hierarchical Theory: A Comparative Study between the Three-tier and Four-elements Theories},
  author={Xingliang Chen},
  journal={Tsinghua Law Journal},
  volume={5},
  year={2017}
}

@inproceedings{deng2023syllogistic,
  title={Syllogistic reasoning for legal judgment analysis},
  author={Deng, Wentao and Pei, Jiahuan and Kong, Keyi and Chen, Zhe and Wei, Furu and Li, Yujun and Ren, Zhaochun and Chen, Zhumin and Ren, Pengjie},
  booktitle={Proceedings of the 2023 Conference on Empirical Methods in Natural Language Processing},
  pages={13997--14009},
  year={2023}
}

@article{gao2009rationality,
  title={On the Rationality of the Four-elements Theory of Crime Constitution and Adherence to China's Criminal Law System},
  author={Mingxuan Gao},
  journal={China Legal Sci.},
  number={2},
  pages={5--11},
  year={2009}
}

@inproceedings{jiang2023legal,
  title={Legal syllogism prompting: Teaching large language models for legal judgment prediction},
  author={Jiang, Cong and Yang, Xiaolei},
  booktitle={Proceedings of the Nineteenth International Conference on Artificial Intelligence and Law},
  pages={417--421},
  year={2023}
}

@article{li2006no_reconstruction,
  author = {Hong Li},
  title = {No Need to Reconstruct China's Crime Constitution System},
  journal = {Chinese Journal of Law},
  number = {1},
  pages = {32--51},
  year = {2006},
  issn = {1002-896X}
}

@article{liang2017vicissitudes,
  title={The vicissitudes of Chinese criminal law and theory: A study in history, culture and politics},
  author={Liang, Genlin},
  journal={Peking University Law Journal},
  volume={5},
  number={1},
  pages={25--49},
  year={2017},
  publisher={Taylor \& Francis}
}

@article{servantez2024chain,
  title={Chain of Logic: Rule-Based Reasoning with Large Language Models},
  author={Servantez, Sergio and Barrow, Joe and Hammond, Kristian and Jain, Rajiv},
  journal={arXiv preprint arXiv:2402.10400},
  year={2024}
}

@article{yuan2024can,
  title={Can Large Language Models Grasp Legal Theories? Enhance Legal Reasoning with Insights from Multi-Agent Collaboration},
  author={Yuan, Weikang and Cao, Junjie and Jiang, Zhuoren and Kang, Yangyang and Lin, Jun and Song, Kaisong and Yan, Pengwei and Sun, Changlong and Liu, Xiaozhong and others},
  journal={arXiv preprint arXiv:2410.02507},
  year={2024}
}

@article{zhang2010justification,
  author={Mingkai Zhang},
  title={Justification Grounds and the System of Crime Constitution},
  journal={The Jurist},
  number={1},
  pages={31--39, 176--177},
  year={2010},
  issn={1005-0221},
  doi={10.16094/j.cnki.1005-0221.2010.01.008}
}

@article{zhang2017judicial,
  author = {Mingkai Zhang},
  title = {The Judicial Application of the Hierarchical Theory},
  journal = {Tsinghua Law Journal},
  volume = {11},
  number = {5},
  pages = {20--39},
  year = {2017},
  issn = {1673-9280}
}

@article{zhou2017debate,
  author={Guangquan Zhou},
  title={Debate on the Theory of Crime Constituent Elements and Its Long-term Impact},
  journal={Politics and Law},
  number={3},
  pages={17--34},
  year={2017},
  issn={1005-9512},
  doi={10.15984/j.cnki.1005-9512.2017.03.002}
}

@article{zhou2017hierarchical,
  author={Guangquan Zhou},
  title={The Hierarchical Theory of Crime and Its Practical Development},
  journal={Tsinghua Law Journal},
  volume={11},
  number={5},
  pages={84--104},
  year={2017},
  issn={1673-9280}
}

