@inproceedings{akt,
author = {Ghosh, Aritra and Heffernan, Neil and Lan, Andrew S},
title = {Context-Aware Attentive Knowledge Tracing},
year = {2020},
booktitle = {Proc. ACM SIGKDD},
pages = {2330--2339}
}

@inproceedings{barnes2005q,
  title={The Q-matrix method: Mining student response data for knowledge},
  author={Barnes, Tiffany},
  booktitle={American association for artificial intelligence 2005 educational data mining workshop},
  pages={1--8},
  year={2005},
  organization={AAAI Press, Pittsburgh, PA, USA}
}

@article{bier2014approach,
  title={An approach to knowledge component/skill modeling in online courses},
  author={Bier, Norman and Lip, Sean and Strader, Ross and Thille, Candace and Zimmaro, Dawn},
  journal={Open Learning},
  pages={1--14},
  year={2014},
  publisher={Citeseer}
}

@inproceedings{codedkt,
 address = {Durham, United Kingdom},
 author = {Yang Shi and Min Chi and Tiffany Barnes and Thomas Price},
 booktitle = {Proceedings of the 15th International Conference on Educational Data Mining},
 doi = {10.5281/zenodo.6853105},
 editor = {Antonija Mitrovic and Nigel Bosch},
 isbn = {978-1-7336736-3-1},
 month = {July},
 pages = {50--61},
 publisher = {International Educational Data Mining Society},
 title = {{Code-DKT}: A Code-based Knowledge Tracing Model for Programming Tasks},
 year = {2022}
}

@article{dkt,
  title={Deep knowledge tracing},
  author={Piech, Chris and Bassen, Jonathan and Huang, Jonathan and Ganguli, Surya and Sahami, Mehran and Guibas, Leonidas J and Sohl-Dickstein, Jascha},
  journal={Advances in neural information processing systems},
  volume={28},
  year={2015}
}

@inproceedings{dkvmn,
  title={Dynamic key-value memory networks for knowledge tracing},
  author={Zhang, Jiani and Shi, Xingjian and King, Irwin and Yeung, Dit-Yan},
  booktitle={Proc. Int. Conf. World Wide Web},
  pages={765--774},
  year={2017},
  month={Apr.}
}

@inproceedings{gikt,
title={GIKT: A Graph-based Interaction Model for Knowledge Tracing},
  author={Yang, Yang and Shen, Jian and Qu, Yanru and Liu, Yunfei and Wang, Kerong and Zhu, Yaoming and Zhang, Weinan and Yu, Yong},
  booktitle={Proc. Joint Eur. Conf.  Mach. Learn. Knowl. Discovery Databases},
  year={2020}
}

@inproceedings{hoq2023sann,
  title={SANN: programming code representation using attention neural network with optimized subtree extraction},
  author={Hoq, Muntasir and Chilla, Sushanth Reddy and Ahmadi Ranjbar, Melika and Brusilovsky, Peter and Akram, Bita},
  booktitle={Proceedings of the 32nd ACM International Conference on Information and Knowledge Management},
  pages={783--792},
  year={2023}
}

@inproceedings{hoq2024towards,
  title={Towards Attention-Based Automatic Misconception Identification in Introductory Programming Courses},
  author={Hoq, Muntasir and Vandenberg, Jessica and Mott, Bradford and Lester, James and Norouzi, Narges and Akram, Bita},
  booktitle={Proceedings of the 55th ACM Technical Symposium on Computer Science Education V. 2},
  pages={1680--1681},
  year={2024}
}

@inproceedings{hosseini2013javaparser,
  title={Javaparser: A fine-grain concept indexing tool for java problems},
  author={Hosseini, Roya and Brusilovsky, Peter},
  booktitle={CEUR Workshop Proceedings},
  volume={1009},
  pages={60--63},
  year={2013},
  organization={University of Pittsburgh}
}

@inproceedings{infooirt,
 address = {Atlanta, Georgia, USA},
 author = {Nigel Fernandez and Andrew Lan},
 booktitle = {Proceedings of the 17th International Conference on Educational Data Mining},
 doi = {10.5281/zenodo.12730003},
 editor = {Benjamin PaaÃŸen and Carrie Demmans Epp},
 isbn = {978-1-7336736-5-5},
 month = {July},
 pages = {933--940},
 publisher = {International Educational Data Mining Society},
 title = {Interpreting Latent Student Knowledge Representations in Programming Assignments},
 year = {2024}
}

@article{kt,
	Author = {Corbett, Albert and Anderson, John},
	Journal = {User Model. User-adapted Interact.},
	Month = {Dec.},
	Number = {4},
	Pages = {253--278},
	Title = {Knowledge tracing: {M}odeling the acquisition of procedural knowledge},
	Volume = {4},
	Year = {1994}
}

@inproceedings{ktcomparepardos,
	Author = {Pardos, Zach A and Heffernan, Neil T},
	Booktitle = {Proc. Int. Conf. User Model. Adaptation Personalization},
	Pages = {255--266},
	Title = {Modeling individualization in a {B}ayesian networks implementation of knowledge tracing},
	Year = {2010}
}

@article{lstm,
  author    = {Sepp Hochreiter and
               J{\"{u}}rgen Schmidhuber},
  title     = {Long short-term memory},
  journal   = {Neural Comput.},
  volume    = {9},
  number    = {8},
  pages     = {1735--1780},
  year      = {1997},
  month={Nov.}
}

@inproceedings{moore2024automated,
  title={Automated generation and tagging of knowledge components from multiple-choice questions},
  author={Moore, Steven and Schmucker, Robin and Mitchell, Tom and Stamper, John}

@inproceedings{okt,
    title = "Open-ended Knowledge Tracing for Computer Science Education",
    author = "Liu, Naiming  and
      Wang, Zichao  and
      Baraniuk, Richard  and
      Lan, Andrew",
    editor = "Goldberg, Yoav  and
      Kozareva, Zornitsa  and
      Zhang, Yue",
    booktitle = "Proceedings of the 2022 Conference on Empirical Methods in Natural Language Processing",
    month = dec,
    year = "2022",
    address = "Abu Dhabi, United Arab Emirates",
    publisher = "Association for Computational Linguistics",
    url = "https://aclanthology.org/2022.emnlp-main.254",
    doi = "10.18653/v1/2022.emnlp-main.254",
    pages = "3849--3862",
}

@article{ozyurt2024automated,
  title={Automated Knowledge Concept Annotation and Question Representation Learning for Knowledge Tracing},
  author={Ozyurt, Yilmazcan and Feuerriegel, Stefan and Sachan, Mrinmaya},
  journal={arXiv preprint arXiv:2410.01727},
  year={2024}
}

@inproceedings{pkt,
author = {R. Zhu and D. Zhang and C. Han and M. Gaol and X. Lu and W. Qian and A. Zhou},
booktitle = {2022 IEEE International Conference on Data Mining Workshops (ICDMW)},
title = {Programming Knowledge Tracing: A Comprehensive Dataset and A New Model},
year = {2022},
pages = {298-307},
month = {dec}
}

@inproceedings{rivers2016learning,
  title={Learning curve analysis for programming: Which concepts do students struggle with?},
  author={Rivers, Kelly and Harpstead, Erik and Koedinger, Kenneth R},
  booktitle={ICER},
  volume={16},
  pages={143--151},
  year={2016},
  organization={ACM}
}

@inproceedings{saint+,
  title={Saint+: Integrating temporal features for ednet correctness prediction},
  author={Shin, Dongmin and Shim, Yugeun and Yu, Hangyeol and Lee, Seewoo and Kim, Byungsoo and Choi, Youngduck},
  booktitle={11th Int. Learn. Analytics Knowl. Conf.},
  pages={490--496},
  year={2021}
}

@inproceedings{sakt,
	Author = {Pandey, Shalini and Karypis, George},
	Booktitle = {Proc. Int. Conf. Educ. Data Mining},
	Title = {A self attentive model for knowledge tracing},
	month={July},
	pages={384-389},
	Year = {2019}
}

@inproceedings{scarlatos2024exploringknowledgetracingtutorstudent,
      title={Exploring Knowledge Tracing in Tutor-Student Dialogues using LLMs},
      author={Alexander Scarlatos and Ryan S. Baker and Andrew Lan},
      year={2025},
      booktitle={Proceedings of the 15th Learning Analytics and Knowledge Conference, {LAK} 2025, Dublin, Ireland, March 3-7, 2025},
      publisher={{ACM}},
}

@article{shi2023kc,
  title={KC-Finder: Automated Knowledge Component Discovery for Programming Problems.},
  author={Shi, Yang and Schmucker, Robin and Chi, Min and Barnes, Tiffany and Price, Thomas},
  journal={International Educational Data Mining Society},
  year={2023},
  publisher={ERIC}
}

@article{shi2024knowledge,
  title={The Knowledge Component Attribution Problem for Programming: Methods and Tradeoffs with Limited Labeled Data.},
  author={Shi, Yang and Schmucker, Robin and Tran, Keith and Bacher, John and Koedinger, Kenneth and Price, Thomas and Chi, Min and Barnes, Tiffany},
  journal={Journal of Educational Data Mining},
  volume={16},
  number={1},
  pages={1--33},
  year={2024},
  publisher={ERIC}
}

@inproceedings{tiktoc,
      title={Test Case-Informed Knowledge Tracing for Open-ended Coding Tasks}, 
      author={Zhangqi Duan and Nigel Fernandez and Alexander Hicks and Andrew Lan},
      year={2025},
      booktitle={Proceedings of the 15th Learning Analytics and Knowledge Conference, {LAK} 2025, Dublin, Ireland, March 3-7, 2025},
      publisher={{ACM}}
}

@inproceedings{yudelson,
  title={Individualized bayesian knowledge tracing models},
  author={Yudelson, Michael V and Koedinger, Kenneth R and Gordon, Geoffrey J},
  booktitle={Int. Conf. artif. intell. educ.},
  pages={171--180},
  year={2013},
  organization={Springer}
}

