@article{cohen1960coefficient,
  title={A coefficient of agreement for nominal scales},
  author={Cohen, Jacob},
  journal={Educational and psychological measurement},
  volume={20},
  number={1},
  pages={37--46},
  year={1960},
  publisher={Sage Publications Sage CA: Thousand Oaks, CA}
}

@inproceedings{pardos2017imputing,
  title={Imputing KCs with representations of problem content and context},
  author={Pardos, Zachary A and Dadu, Anant},
  booktitle={Proceedings of the 25th Conference on User Modeling, Adaptation and Personalization},
  pages={148--155},
  year={2017}
}

@inproceedings{huang2020general,
  title={A general multi-method approach to design-loop adaptivity in intelligent tutoring systems},
  author={Huang, Yun and Aleven, Vincent and McLaughlin, Elizabeth and Koedinger, Kenneth},
  booktitle={Artificial Intelligence in Education: 21st International Conference, AIED 2020, Ifrane, Morocco, July 6--10, 2020, Proceedings, Part II 21},
  pages={124--129},
  year={2020},
  organization={Springer}
}

@incollection{newell2013mechanisms,
  title={Mechanisms of skill acquisition and the law of practice},
  author={Newell, Allen and Rosenbloom, Paul S},
  booktitle={Cognitive skills and their acquisition},
  pages={1--55},
  year={2013},
  publisher={Psychology Press}
}

@inproceedings{barnes2005q,
  title={The Q-matrix method: Mining student response data for knowledge},
  author={Barnes, Tiffany},
  booktitle={American association for artificial intelligence 2005 educational data mining workshop},
  pages={1--8},
  year={2005},
  organization={AAAI Press, Pittsburgh, PA, USA}
}

@article{bier2014approach,
  title={An approach to knowledge component/skill modeling in online courses},
  author={Bier, Norman and Lip, Sean and Strader, Ross and Thille, Candace and Zimmaro, Dawn},
  journal={Open Learning},
  pages={1--14},
  year={2014},
  publisher={Citeseer}
}

@article{kt,
	Author = {Corbett, Albert and Anderson, John},
	Journal = {User Model. User-adapted Interact.},
	Month = {Dec.},
	Number = {4},
	Pages = {253--278},
	Title = {Knowledge tracing: {M}odeling the acquisition of procedural knowledge},
	Volume = {4},
	Year = {1994}
}

@inproceedings{pkt,
author = {R. Zhu and D. Zhang and C. Han and M. Gaol and X. Lu and W. Qian and A. Zhou},
booktitle = {2022 IEEE International Conference on Data Mining Workshops (ICDMW)},
title = {Programming Knowledge Tracing: A Comprehensive Dataset and A New Model},
year = {2022},
pages = {298-307},
month = {dec}
}

@inproceedings{hoq2023sann,
  title={SANN: programming code representation using attention neural network with optimized subtree extraction},
  author={Hoq, Muntasir and Chilla, Sushanth Reddy and Ahmadi Ranjbar, Melika and Brusilovsky, Peter and Akram, Bita},
  booktitle={Proceedings of the 32nd ACM International Conference on Information and Knowledge Management},
  pages={783--792},
  year={2023}
}

@inproceedings{sakt,
	Author = {Pandey, Shalini and Karypis, George},
	Booktitle = {Proc. Int. Conf. Educ. Data Mining},
	Title = {A self attentive model for knowledge tracing},
	month={July},
	pages={384-389},
	Year = {2019}
}

@inproceedings{akt,
author = {Ghosh, Aritra and Heffernan, Neil and Lan, Andrew S},
title = {Context-Aware Attentive Knowledge Tracing},
year = {2020},
booktitle = {Proc. ACM SIGKDD},
pages = {2330--2339}
}

@inproceedings{gikt,
title={GIKT: A Graph-based Interaction Model for Knowledge Tracing},
  author={Yang, Yang and Shen, Jian and Qu, Yanru and Liu, Yunfei and Wang, Kerong and Zhu, Yaoming and Zhang, Weinan and Yu, Yong},
  booktitle={Proc. Joint Eur. Conf.  Mach. Learn. Knowl. Discovery Databases},
  year={2020}
} 

@inproceedings{dkvmn,
  title={Dynamic key-value memory networks for knowledge tracing},
  author={Zhang, Jiani and Shi, Xingjian and King, Irwin and Yeung, Dit-Yan},
  booktitle={Proc. Int. Conf. World Wide Web},
  pages={765--774},
  year={2017},
  month={Apr.}
}

@inproceedings{saint+,
  title={Saint+: Integrating temporal features for ednet correctness prediction},
  author={Shin, Dongmin and Shim, Yugeun and Yu, Hangyeol and Lee, Seewoo and Kim, Byungsoo and Choi, Youngduck},
  booktitle={11th Int. Learn. Analytics Knowl. Conf.},
  pages={490--496},
  year={2021}
}

@inproceedings{yudelson,
  title={Individualized bayesian knowledge tracing models},
  author={Yudelson, Michael V and Koedinger, Kenneth R and Gordon, Geoffrey J},
  booktitle={Int. Conf. artif. intell. educ.},
  pages={171--180},
  year={2013},
  organization={Springer}
}

@inproceedings{ktcomparepardos,
	Author = {Pardos, Zach A and Heffernan, Neil T},
	Booktitle = {Proc. Int. Conf. User Model. Adaptation Personalization},
	Pages = {255--266},
	Title = {Modeling individualization in a {B}ayesian networks implementation of knowledge tracing},
	Year = {2010}
}

@article{jaccard1901etude,
  title={Etude de la distribution floraledansune portion des Alpeset du Jura},
  author={Jaccard, P},
  journal={Bulletin del la Societe Vaudoise des Sciences Naturelles},
  volume={37},
  pages={547--579},
  year={1901}
}

@article{everingham2010pascal,
  title={The pascal visual object classes (voc) challenge},
  author={Everingham, Mark and Van Gool, Luc and Williams, Christopher KI and Winn, John and Zisserman, Andrew},
  journal={International journal of computer vision},
  volume={88},
  pages={303--338},
  year={2010},
  publisher={Springer}
}

@inproceedings{hosseini2013javaparser,
  title={Javaparser: A fine-grain concept indexing tool for java problems},
  author={Hosseini, Roya and Brusilovsky, Peter},
  booktitle={CEUR Workshop Proceedings},
  volume={1009},
  pages={60--63},
  year={2013},
  organization={University of Pittsburgh}
}

@inproceedings{Zafar:Fairness:2017,
  title={Fairness beyond disparate treatment \& disparate impact: Learning classification without disparate mistreatment},
  author={Zafar, Muhammad Bilal and Valera, Isabel and Gomez Rodriguez, Manuel and Gummadi, Krishna P},
  booktitle={26th International Conference on World Wide Web (WWW)},
  pages={1171--1180},
  year={2017}
}

@article{snoddy1926learning,
  title={Learning and stability: a psychophysiological analysis of a case of motor learning with clinical applications.},
  author={Snoddy, George S},
  journal={Journal of Applied Psychology},
  volume={10},
  number={1},
  pages={1},
  year={1926},
  publisher={American Psychological Association}
}

@inproceedings{papineni2002bleu,
  title={Bleu: a method for automatic evaluation of machine translation},
  author={Papineni, Kishore and Roukos, Salim and Ward, Todd and Zhu, Wei-Jing},
  booktitle={Proceedings of the 40th annual meeting of the Association for Computational Linguistics},
  pages={311--318},
  year={2002}
}

@misc{codebleu,
      title={CodeBLEU: a Method for Automatic Evaluation of Code Synthesis}, 
      author={Shuo Ren and Daya Guo and Shuai Lu and Long Zhou and Shujie Liu and Duyu Tang and Neel Sundaresan and Ming Zhou and Ambrosio Blanco and Shuai Ma},
      year={2020},
      eprint={2009.10297},
      archivePrefix={arXiv},
      primaryClass={cs.SE},
      url={https://arxiv.org/abs/2009.10297}, 
}

@inproceedings{reimers-2019-sentence-bert,
  title = "Sentence-BERT: Sentence Embeddings using Siamese BERT-Networks",
  author = "Reimers, Nils and Gurevych, Iryna",
  booktitle = "Proceedings of the 2019 Conference on Empirical Methods in Natural Language Processing",
  month = "11",
  year = "2019",
  publisher = "Association for Computational Linguistics",
  url = "https://arxiv.org/abs/1908.10084",
}

@misc{gpt-4o,
    author={OpenAI},
    title={Hello GPT-4o},
    year={2024},
    url={https://openai.com/index/hello-gpt-4o/},
    urldate={2024-05-13}
}

@misc{llama3,
      title={The Llama 3 Herd of Models}, 
      author={Llama Team, AI @ Meta},
      year={2024},
      eprint={2407.21783},
      archivePrefix={arXiv},
      primaryClass={cs.AI},
      url={https://arxiv.org/abs/2407.21783}, 
}

@article{gpt2,
  title={Language models are unsupervised multitask learners},
  author={Radford, Alec and Wu, Jeffrey and Child, Rewon and Luan, David and Amodei, Dario and Sutskever, Ilya and others},
  journal={OpenAI blog},
  volume={1},
  number={8},
  pages={9},
  year={2019}
}

@inproceedings{liu2023boltforsofttokens,
  title={BOLT: Fast Energy-based Controlled Text Generation with Tunable Biases},
  author={Liu, Xin and Khalifa, Muhammad and Wang, Lu},
  booktitle={Proceedings of the 61st Annual Meeting of the Association for Computational Linguistics (Volume 2: Short Papers)},
  pages={186--200},
  year={2023}
}

@article{astnn,
  author={Zhang, Jian and Wang, Xu and Zhang, Hongyu and Sun, Hailong and Wang, Kaixuan and Liu, Xudong},
  booktitle={2019 IEEE/ACM 41st International Conference on Software Engineering (ICSE)}, 
  title={A Novel Neural Source Code Representation Based on Abstract Syntax Tree}, 
  year={2019},
  volume={},
  number={},
  pages={783-794},
  keywords={Syntactics;Cloning;Semantics;Neural networks;Task analysis;Binary trees;Natural languages;Abstract Syntax Tree, source code representation, neural network, code classification, code clone detection},
}

@article{lstm,
  author    = {Sepp Hochreiter and
               J{\"{u}}rgen Schmidhuber},
  title     = {Long short-term memory},
  journal   = {Neural Comput.},
  volume    = {9},
  number    = {8},
  pages     = {1735--1780},
  year      = {1997},
  month={Nov.}
}

@article{code2vec,
  title={code2vec: Learning distributed representations of code},
  author={Alon, Uri and Zilberstein, Meital and Levy, Omer and Yahav, Eran},
  journal={Proceedings of the ACM on Programming Languages},
  volume={3},
  number={POPL},
  pages={1--29},
  year={2019},
  publisher={ACM New York, NY, USA}
}


@article{dkt,
  title={Deep knowledge tracing},
  author={Piech, Chris and Bassen, Jonathan and Huang, Jonathan and Ganguli, Surya and Sahami, Mehran and Guibas, Leonidas J and Sohl-Dickstein, Jascha},
  journal={Advances in neural information processing systems},
  volume={28},
  year={2015}
}

@inproceedings{codedkt,
 address = {Durham, United Kingdom},
 author = {Yang Shi and Min Chi and Tiffany Barnes and Thomas Price},
 booktitle = {Proceedings of the 15th International Conference on Educational Data Mining},
 doi = {10.5281/zenodo.6853105},
 editor = {Antonija Mitrovic and Nigel Bosch},
 isbn = {978-1-7336736-3-1},
 month = {July},
 pages = {50--61},
 publisher = {International Educational Data Mining Society},
 title = {{Code-DKT}: A Code-based Knowledge Tracing Model for Programming Tasks},
 year = {2022}
}

@inproceedings{fernandez-etal-2024-divert,
    title = "{D}i{VERT}: Distractor Generation with Variational Errors Represented as Text for Math Multiple-choice Questions",
    author = "Fernandez, Nigel  and
      Scarlatos, Alexander  and
      Feng, Wanyong  and
      Woodhead, Simon  and
      Lan, Andrew",
    editor = "Al-Onaizan, Yaser  and
      Bansal, Mohit  and
      Chen, Yun-Nung",
    booktitle = "Proceedings of the 2024 Conference on Empirical Methods in Natural Language Processing",
    month = nov,
    year = "2024",
    address = "Miami, Florida, USA",
    publisher = "Association for Computational Linguistics",
    url = "https://aclanthology.org/2024.emnlp-main.512/",
    doi = "10.18653/v1/2024.emnlp-main.512",
    pages = "9063--9081"
}

@inproceedings{koutcheme2023automated,
  title={Automated Program Repair Using Generative Models for Code Infilling},
  author={Koutcheme, Charles and Sarsa, Sami and Leinonen, Juho and Hellas, Arto and Denny, Paul},
  booktitle={International Conference on Artificial Intelligence in Education (AIED)}, 
  year={2023}
}

@article{kumar2024improving,
  title={Improving Socratic Question Generation using Data Augmentation and Preference Optimization},
  author={Kumar, Nischal Ashok and Lan, Andrew},
  journal={Proceedings of the 19th Workshop on Innovative Use of NLP for Building Educational Applications (BEA)},
  year={2024}
}

@article{hints,
  title={Data-driven hint generation in vast solution spaces: a self-improving python programming tutor},
  author={Rivers, Kelly and Koedinger, Kenneth R},
  journal={International Journal of Artificial Intelligence in Education (IJAIED)},
  volume={27},
  number={1},
  year={2017},
  publisher={Springer}
}

@article{kumar2024using,
  title={Using Large Language Models for Student-Code Guided Test Case Generation in Computer Science Education},
  author={Kumar, Nischal Ashok and Lan, Andrew},
  journal={AI4ED workshop at AAAI Conference on Artificial Intelligence},
  year={2024}
}

@inproceedings{sarsa2022automatic,
  title={Automatic generation of programming exercises and code explanations using large language models},
  author={Sarsa, Sami and Denny, Paul and Hellas, Arto and Leinonen, Juho},
  booktitle={ACM Conference on International Computing Education Research (ICER)},
  year={2022}
}

@inproceedings{task_synth,
author = {Ahmed, Umair Z. and Christakis, Maria and Efremov, Aleksandr and Fernandez, Nigel and Ghosh, Ahana and Roychoudhury, Abhik and Singla, Adish},
title = {Synthesizing Tasks for Block-Based Programming},
year = {2020},
isbn = {9781713829546},
booktitle = {Advances in Neural Information Processing Systems (NeurIPS)},
articleno = {1874},
numpages = {12},
location = {Vancouver, BC, Canada}
}

@inproceedings{infooirt,
 address = {Atlanta, Georgia, USA},
 author = {Nigel Fernandez and Andrew Lan},
 booktitle = {Proceedings of the 17th International Conference on Educational Data Mining},
 doi = {10.5281/zenodo.12730003},
 editor = {Benjamin PaaÃŸen and Carrie Demmans Epp},
 isbn = {978-1-7336736-5-5},
 month = {July},
 pages = {933--940},
 publisher = {International Educational Data Mining Society},
 title = {Interpreting Latent Student Knowledge Representations in Programming Assignments},
 year = {2024}
}

@inproceedings{okt,
    title = "Open-ended Knowledge Tracing for Computer Science Education",
    author = "Liu, Naiming  and
      Wang, Zichao  and
      Baraniuk, Richard  and
      Lan, Andrew",
    editor = "Goldberg, Yoav  and
      Kozareva, Zornitsa  and
      Zhang, Yue",
    booktitle = "Proceedings of the 2022 Conference on Empirical Methods in Natural Language Processing",
    month = dec,
    year = "2022",
    address = "Abu Dhabi, United Arab Emirates",
    publisher = "Association for Computational Linguistics",
    url = "https://aclanthology.org/2022.emnlp-main.254",
    doi = "10.18653/v1/2022.emnlp-main.254",
    pages = "3849--3862",
}

@article{adish,
  title={From $\{$Solution Synthesis$\}$ to $\{$Student Attempt Synthesis$\}$ for Block-Based Visual Programming Tasks},
  author={Singla, Adish and Theodoropoulos, Nikitas},
  journal={arXiv preprint arXiv:2205.01265},
  year={2022}
}

@article{peach,
  title={Learning to Represent Student Knowledge on Programming Exercises Using Deep Learning.},
  author={Wang, Lisa and Sy, Angela and Liu, Larry and Piech, Chris},
  journal={Int. Educ. Data Mining Soc.},
  year={2017},
  publisher={ERIC}
}

@inproceedings{peaches,
  title={Autonomously generating hints by inferring problem solving policies},
  author={Piech, Chris and Sahami, Mehran and Huang, Jonathan and Guibas, Leonidas},
  booktitle={Proc. ACM conf. learn. Scale},
  pages={195--204},
  year={2015}
}

@inproceedings{rivers2016learning,
  title={Learning curve analysis for programming: Which concepts do students struggle with?},
  author={Rivers, Kelly and Harpstead, Erik and Koedinger, Kenneth R},
  booktitle={ICER},
  volume={16},
  pages={143--151},
  year={2016},
  organization={ACM}
}

@article{shi2023kc,
  title={KC-Finder: Automated Knowledge Component Discovery for Programming Problems.},
  author={Shi, Yang and Schmucker, Robin and Chi, Min and Barnes, Tiffany and Price, Thomas},
  journal={International Educational Data Mining Society},
  year={2023},
  publisher={ERIC}
}

@inproceedings{hoq2024towards,
  title={Towards Attention-Based Automatic Misconception Identification in Introductory Programming Courses},
  author={Hoq, Muntasir and Vandenberg, Jessica and Mott, Bradford and Lester, James and Norouzi, Narges and Akram, Bita},
  booktitle={Proceedings of the 55th ACM Technical Symposium on Computer Science Education V. 2},
  pages={1680--1681},
  year={2024}
}

@inproceedings{tiktoc,
      title={Test Case-Informed Knowledge Tracing for Open-ended Coding Tasks}, 
      author={Zhangqi Duan and Nigel Fernandez and Alexander Hicks and Andrew Lan},
      year={2025},
      booktitle={Proceedings of the 15th Learning Analytics and Knowledge Conference, {LAK} 2025, Dublin, Ireland, March 3-7, 2025},
      publisher={{ACM}}
}

@article{ozyurt2024automated,
  title={Automated Knowledge Concept Annotation and Question Representation Learning for Knowledge Tracing},
  author={Ozyurt, Yilmazcan and Feuerriegel, Stefan and Sachan, Mrinmaya},
  journal={arXiv preprint arXiv:2410.01727},
  year={2024}
}

@inproceedings{scarlatos2024exploringknowledgetracingtutorstudent,
      title={Exploring Knowledge Tracing in Tutor-Student Dialogues using LLMs},
      author={Alexander Scarlatos and Ryan S. Baker and Andrew Lan},
      year={2025},
      booktitle={Proceedings of the 15th Learning Analytics and Knowledge Conference, {LAK} 2025, Dublin, Ireland, March 3-7, 2025},
      publisher={{ACM}},
}

@inproceedings{moore2024automated,
  title={Automated generation and tagging of knowledge components from multiple-choice questions},
  author={Moore, Steven and Schmucker, Robin and Mitchell, Tom and Stamper, John},
  booktitle={Proceedings of the eleventh ACM conference on learning@ scale},
  pages={122--133},
  year={2024}
}

@article{shi2024knowledge,
  title={The Knowledge Component Attribution Problem for Programming: Methods and Tradeoffs with Limited Labeled Data.},
  author={Shi, Yang and Schmucker, Robin and Tran, Keith and Bacher, John and Koedinger, Kenneth and Price, Thomas and Chi, Min and Barnes, Tiffany},
  journal={Journal of Educational Data Mining},
  volume={16},
  number={1},
  pages={1--33},
  year={2024},
  publisher={ERIC}
}

@misc{codeworkout,
	Howpublished = {Online: \url{https://pslcdatashop.web.cmu.edu/Files?datasetId=3458}},
	Title = {{Dataset: CodeWorkout data Spring 2019}},
	year={2021},
	author={{DataShop@CMU}}}

@misc{csedm,
	Howpublished = {Online: \url{https://sites.google.com/ncsu.edu/csedm-dc-2021/}},
	Title = {{The 2nd CSEDM Data Challenge}},
	year={2021},
	author={{Challenge Organizers}}}

@article{mcinnes2017hdbscan,
  title={hdbscan: Hierarchical density based clustering},
  author={McInnes, Leland and Healy, John and Astels, Steve},
  journal={Journal of Open Source Software},
  volume={2},
  number={11},
  pages={205},
  year={2017},
  publisher={The Open Journal},
  doi={10.21105/joss.00205}
}

@misc{Pavlik_Koedinger, url={https://files.eric.ed.gov/fulltext/ED506305.pdf}, journal={Performance factors analysis – a new alternative to ...}, author={ Pavlik, Phil and Koedinger, Kenneth}} 

@inproceedings{
hu2022lora,
title={Lo{RA}: Low-Rank Adaptation of Large Language Models},
author={Edward J Hu and yelong shen and Phillip Wallis and Zeyuan Allen-Zhu and Yuanzhi Li and Shean Wang and Lu Wang and Weizhu Chen},
booktitle={International Conference on Learning Representations},
year={2022},
url={https://openreview.net/forum?id=nZeVKeeFYf9}
}

@inproceedings{wolf-etal-2020-transformers,
    title = "Transformers: State-of-the-Art Natural Language Processing",
    author = "Wolf, Thomas  and
      Debut, Lysandre  and
      Sanh, Victor  and
      Chaumond, Julien  and
      Delangue, Clement  and
      Moi, Anthony  and
      Cistac, Pierric  and
      Rault, Tim  and
      Louf, Remi  and
      Funtowicz, Morgan  and
      Davison, Joe  and
      Shleifer, Sam  and
      von Platen, Patrick  and
      Ma, Clara  and
      Jernite, Yacine  and
      Plu, Julien  and
      Xu, Canwen  and
      Le Scao, Teven  and
      Gugger, Sylvain  and
      Drame, Mariama  and
      Lhoest, Quentin  and
      Rush, Alexander",
    editor = "Liu, Qun  and
      Schlangen, David",
    booktitle = "Proceedings of the 2020 Conference on Empirical Methods in Natural Language Processing: System Demonstrations",
    month = oct,
    year = "2020",
    address = "Online",
    publisher = "Association for Computational Linguistics",
    url = "https://aclanthology.org/2020.emnlp-demos.6",
    doi = "10.18653/v1/2020.emnlp-demos.6",
    pages = "38--45",
}

@inproceedings{
loshchilov2018decoupled,
title={Decoupled Weight Decay Regularization},
author={Ilya Loshchilov and Frank Hutter},
booktitle={International Conference on Learning Representations},
year={2019},
}

@inproceedings{inproceedings,
author = {Maier, Cristina and Baker, Ryan and Stalzer, Steve},
year = {2021},
month = {11},
pages = {},
title = {Challenges to Applying Performance Factor Analysis to Existing Learning Systems}
}

@software{code-ast,
  author = {Cedric Richter},
  title = {Code AST},
  url ={https://github.com/cedricrupb/code_ast}
}