@article{albarella2023hybrid,
  title={A Hybrid Deep Reinforcement Learning and Optimal Control Architecture for Autonomous Highway Driving},
  author={Albarella, Nicola and Lui, Dario Giuseppe and Petrillo, Alberto and Santini, Stefania},
  journal={Energies},
  volume={16},
  number={8},
  pages={3490},
  year={2023},
  publisher={MDPI}
}

@article{aradi2020survey,
  title={Survey of deep reinforcement learning for motion planning of autonomous vehicles},
  author={Aradi, Szil{\'a}rd},
  journal={IEEE Transactions on Intelligent Transportation Systems},
  volume={23},
  number={2},
  pages={740--759},
  year={2020},
  publisher={IEEE}
}

@article{chi2023diffusion,
  title={Diffusion policy: Visuomotor policy learning via action diffusion},
  author={Chi, Cheng and Xu, Zhenjia and Feng, Siyuan and Cousineau, Eric and Du, Yilun and Burchfiel, Benjamin and Tedrake, Russ and Song, Shuran},
  journal={The International Journal of Robotics Research},
  pages={02783649241273668},
  year={2023},
  publisher={SAGE Publications Sage UK: London, England}
}

@inproceedings{fernandez2021highway,
  title={Highway On-Ramp Merging for Mixed Traffic: Recent Advances and Future Trends},
  author={Fernandez, Stephanie Alvarez and Marinho, Marco AM and Vakilzadeh, Majid and Vinel, Alexey},
  booktitle={IEEE 29th International Conference on Network Protocols (ICNP)},
  pages={1--6},
  address={Dallas, TX},
  month={Nov.~1--5,},
  year={2021},
}

@inproceedings{gupta2023interaction,
  title={Interaction-aware trajectory planning for autonomous vehicles with analytic integration of neural networks into model predictive control},
  author={Gupta, Piyush and Isele, David and Lee, Donggun and Bae, Sangjae},
  booktitle={IEEE International Conference on Robotics and Automation (ICRA)},
  pages={7794--7800},
  address={London, UK},
  month={May~29--June~2,},
  year={2023},
}

@article{ho2020denoising,
  title={Denoising diffusion probabilistic models},
  author={Ho, Jonathan and Jain, Ajay and Abbeel, Pieter},
  journal={Advances in Neural Information Processing Systems},
  volume={33},
  pages={6840--6851},
  month={Dec.~6--12,},
  year={2020}
}

@article{holley2023mr,
  title={{MR-IDM}--Merge Reactive Intelligent Driver Model: Towards Enhancing Laterally Aware Car-following Models},
  author={Holley, Dustin and D'sa, Jovin and Mahjoub, Hossein Nourkhiz and Ali, Gibran and Chalaki, Behdad and Moradi-Pari, Ehsan},
  journal={arXiv preprint arXiv:2305.12014},
  year={2023}
}

@inproceedings{hu2022active,
  title={Active uncertainty reduction for human-robot interaction: An implicit dual control approach},
  author={Hu, Haimin and Fisac, Jaime F},
  booktitle={International Workshop on the Algorithmic Foundations of Robotics},
  pages={385--401},
  address={College Park, MD},
  month={June~22--24,},
  year={2022},
  organization={Springer}
}

@article{hu2024active,
  title={Active uncertainty reduction for safe and efficient interaction planning: A shielding-aware dual control approach},
  author={Hu, Haimin and Isele, David and Bae, Sangjae and Fisac, Jaime F},
  journal={The International Journal of Robotics Research},
  volume={43},
  number={9},
  pages={1382--1408},
  year={2024},
  publisher={SAGE Publications Sage UK: London, England}
}

@article{janner2022planning,
  title={Planning with diffusion for flexible behavior synthesis},
  author={Janner, Michael and Du, Yilun and Tenenbaum, Joshua B and Levine, Sergey},
  journal={arXiv preprint arXiv:2205.09991},
  year={2022}
}

@article{kimura2022decision,
  title={Decision-Making Based on Reinforcement Learning and Model Predictive Control Considering Space Generation for Highway On-Ramp Merging},
  author={Kimura, Hikaru and Takahashi, Masaki and Nishiwaki, Kazuhiro and Iezawa, Masahiro},
  journal={IFAC-PapersOnLine},
  volume={55},
  number={27},
  pages={241--246},
  year={2022},
  publisher={Elsevier}
}

@inproceedings{knaup2024active,
  title={Active Learning with Dual Model Predictive Path-Integral Control for Interaction-Aware Autonomous Highway On-ramp Merging},
  author={Knaup, Jacob and D’sa, Jovin and Chalaki, Behdad and Naes, Tyler and Mahjoub, Hossein Nourkhiz and Moradi-Pari, Ehsan and Tsiotras, Panagiotis},
  booktitle={IEEE International Conference on Robotics and Automation (ICRA)},
  pages={14191--14197},
  address={Yokohama, Japan},
  month={May~13--17,},
  year={2024}
}

@inproceedings{le2024multi,
  title={Multi-Robot Cooperative Navigation in Crowds: A Game-Theoretic Learning-Based Model Predictive Control Approach},
  author={Le, Viet-Anh and Tadiparthi, Vaishnav and Chalaki, Behdad and Mahjoub, Hossein Nourkhiz and D’sa, Jovin and Moradi-Pari, Ehsan and Malikopoulos, Andreas A},
  booktitle={IEEE International Conference on Robotics and Automation (ICRA)},
  pages={4834--4840},
  address={Yokohama, Japan},
  month={May~13--17,},
  year={2024},
}

@article{nair2022stochastic,
  title={Stochastic {MPC} with dual control for autonomous driving with multi-modal interaction-aware predictions},
  author={Nair, Siddharth H and Govindarajan, Vijay and Lin, Theresa and Wang, Yan and Tseng, Eric H and Borrelli, Francesco},
  journal={arXiv preprint arXiv:2208.03525},
  year={2022}
}

@article{pan2024model,
  title={Model-Based Diffusion for Trajectory Optimization},
  author={Pan, Chaoyi and Yi, Zeji and Shi, Guanya and Qu, Guannan},
  journal={arXiv preprint arXiv:2407.01573},
  year={2024}
}

@article{psenka2023learning,
  title={Learning a diffusion model policy from rewards via q-score matching},
  author={Psenka, Michael and Escontrela, Alejandro and Abbeel, Pieter and Ma, Yi},
  journal={arXiv preprint arXiv:2312.11752},
  year={2023}
}

@article{rios2016survey,
  title={A survey on the coordination of connected and automated vehicles at intersections and merging at highway on-ramps},
  author={Rios-Torres, Jackeline and Malikopoulos, Andreas A},
  journal={IEEE Transactions on Intelligent Transportation Systems},
  volume={18},
  number={5},
  pages={1066--1077},
  year={2016},
  publisher={IEEE}
}

@article{song2019generative,
  title={Generative modeling by estimating gradients of the data distribution},
  author={Song, Yang and Ermon, Stefano},
  journal={Advances in Neural Information Processing Systems},
  volume={32},
  address={Vancouver, Canada},
  month={Dec.~8--14,},
  year={2019}
}

@article{song2020score,
  title={Score-based generative modeling through stochastic differential equations},
  author={Song, Yang and Sohl-Dickstein, Jascha and Kingma, Diederik P and Kumar, Abhishek and Ermon, Stefano and Poole, Ben},
  journal={arXiv preprint arXiv:2011.13456},
  year={2020}
}

@article{sun2024conformal,
  title={Conformal prediction for uncertainty-aware planning with diffusion dynamics model},
  author={Sun, Jiankai and Jiang, Yiqi and Qiu, Jianing and Nobel, Parth and Kochenderfer, Mykel J and Schwager, Mac},
  journal={Advances in Neural Information Processing Systems},
  volume={36},
  address={Vancouver, Canada},
  month={Dec.~10--15,},
  year={2024}
}

@inproceedings{wang2023active,
  title={Active Probing and Influencing Human Behaviors Via Autonomous Agents},
  author={Wang, Shuangge and Lyu, Yiwei and Dolan, John M},
  booktitle={IEEE International Conference on Robotics and Automation (ICRA)},
  pages={1514--1521},
  address={London, UK},
  month={May~29--June~2,},
  year={2023}
}

@article{williams2018information,
  title={Information-theoretic model predictive control: Theory and applications to autonomous driving},
  author={Williams, Grady and Drews, Paul and Goldfain, Brian and Rehg, James M and Theodorou, Evangelos A},
  journal={IEEE Transactions on Robotics},
  volume={34},
  number={6},
  pages={1603--1622},
  year={2018},
  publisher={IEEE}
}

@article{yang2023diffusion,
  title={Diffusion models: A comprehensive survey of methods and applications},
  author={Yang, Ling and Zhang, Zhilong and Song, Yang and Hong, Shenda and Xu, Runsheng and Zhao, Yue and Zhang, Wentao and Cui, Bin and Yang, Ming-Hsuan},
  journal={ACM Computing Surveys},
  volume={56},
  number={4},
  pages={1--39},
  year={2023},
  publisher={ACM New York, NY, USA}
}

@article{yu2021model,
  title={Model predictive control for autonomous ground vehicles: a review},
  author={Yu, Shuyou and Hirche, Matthias and Huang, Yanjun and Chen, Hong and Allg{\"o}wer, Frank},
  journal={Autonomous Intelligent Systems},
  volume={1},
  pages={1--17},
  year={2021},
  publisher={Springer}
}

