%% MIP
%  Survey on MIP in Motion Planning
@article{ioan2021mixed,
  title={Mixed-integer programming in motion planning},
  author={Ioan, Daniel and Prodan, Ionela and Olaru, Sorin and Stoican, Florin and Niculescu, Silviu-Iulian},
  journal={Annual Reviews in Control},
  volume={51},
  pages={65--87},
  year={2021},
  publisher={Elsevier}
}
@inproceedings{le2024multi,
  title={Multi-Robot Cooperative Navigation in Crowds: A Game-Theoretic Learning-Based Model Predictive Control Approach},
  author={Le, Viet-Anh and Tadiparthi, Vaishnav and Chalaki, Behdad and Mahjoub, Hossein Nourkhiz and Dâ€™sa, Jovin and Moradi-Pari, Ehsan and Malikopoulos, Andreas A},
  booktitle={IEEE International Conference on Robotics and Automation (ICRA)},
  pages={4834--4840},
  address={Yokohama, Japan},
  month={May~13--17,},
  year={2024},
}
% SDP approach for MIQP referenced by Mosek
@article{park2018semidefinite,
  title={A semidefinite programming method for integer convex quadratic minimization},
  author={Park, Jaehyun and Boyd, Stephen},
  journal={Optimization Letters},
  volume={12},
  pages={499--518},
  year={2018},
  publisher={Springer}
}
%interaction aware planners
@inproceedings{gupta2023interaction,
  title={Interaction-aware trajectory planning for autonomous vehicles with analytic integration of neural networks into model predictive control},
  author={Gupta, Piyush and Isele, David and Lee, Donggun and Bae, Sangjae},
  booktitle={IEEE International Conference on Robotics and Automation (ICRA)},
  pages={7794--7800},
  address={London, UK},
  month={May~29--June~2,},
  year={2023},
}
%mpc with lstm
@article{le2023social,
  title={Social Navigation in Crowded Environments with Model Predictive Control and Deep Learning-Based Human Trajectory Prediction},
  author={Le, Viet-Anh and Chalaki, Behdad and Tadiparthi, Vaishnav and Mahjoub, Hossein Nourkhiz and D'sa, Jovin and Moradi-Pari, Ehsan},
  journal={arXiv preprint arXiv:2309.16838},
  year={2023}
}
%MPC review
@article{yu2021model,
  title={Model predictive control for autonomous ground vehicles: a review},
  author={Yu, Shuyou and Hirche, Matthias and Huang, Yanjun and Chen, Hong and Allg{\"o}wer, Frank},
  journal={Autonomous Intelligent Systems},
  volume={1},
  pages={1--17},
  year={2021},
  publisher={Springer}
}
%MPC survey with DL
@article{aradi2020survey,
  title={Survey of deep reinforcement learning for motion planning of autonomous vehicles},
  author={Aradi, Szil{\'a}rd},
  journal={IEEE Transactions on Intelligent Transportation Systems},
  volume={23},
  number={2},
  pages={740--759},
  year={2020},
  publisher={IEEE}
}
% Convex relaxation of MIP obstacle avoidance problem using bezier curves for motion planning with binaries as prob of being in each feasible set (don't really understand how convex relaxation works)
@article{marcucci2022motion,
  title={Motion planning around obstacles with convex optimization},
  author={Marcucci, Tobia and Petersen, Mark and von Wrangel, David and Tedrake, Russ},
  journal={arXiv preprint arXiv:2205.04422},
  year={2022},
}

%% LSE
% DCL Seminar speaker on challenges learning linear systems - probabilistic bounds
@inproceedings{tsiamis2022learning,
  title={Learning to control linear systems can be hard},
  author={Tsiamis, Anastasios and Ziemann, Ingvar M and Morari, Manfred and Matni, Nikolai and Pappas, George J},
  booktitle={Conference on Learning Theory},
  pages={3820--3857},
  year={2022},
  organization={PMLR}
}

% Summary of various LSE bounds
@inproceedings{matni2019tutorial,
  title={A tutorial on concentration bounds for system identification},
  author={Matni, Nikolai and Tu, Stephen},
  booktitle={2019 IEEE 58th Conference on Decision and Control (CDC)},
  pages={3741--3749},
  year={2019},
  organization={IEEE}
}

% Some results on bounds of least squares estimation
@inproceedings{simchowitz2018learning,
  title={Learning without mixing: Towards a sharp analysis of linear system identification},
  author={Simchowitz, Max and Mania, Horia and Tu, Stephen and Jordan, Michael I and Recht, Benjamin},
  booktitle={Conference On Learning Theory},
  pages={439--473},
  year={2018},
  organization={PMLR}
}

% Very interesting error bound on  multiple consecutive finite horizon LSE
@inproceedings{oymak2019non,
  title={Non-asymptotic identification of lti systems from a single trajectory},
  author={Oymak, Samet and Ozay, Necmiye},
  booktitle={2019 American control conference (ACC)},
  pages={5655--5661},
  year={2019},
  organization={IEEE}
}

% Simultaneous state and parameter estimation for output feedback systems with convergence guarentees (go back and study convergence - very mathy)
@article{zhang2020recursive,
  title={Recursive parameter estimation and its convergence for bilinear systems},
  author={Zhang, Xiao and Ding, Feng},
  journal={IET Control Theory \& Applications},
  volume={14},
  number={5},
  pages={677--688},
  year={2020},
  publisher={Wiley Online Library}
}

%% Lane-change/Merging motion planning

% Review of Lane-change/Merging Studies
% Describes variety of approaches (mostly non-MPC)
@article{claussmann2019review,
  title={A review of motion planning for highway autonomous driving},
  author={Claussmann, Laurene and Revilloud, Marc and Gruyer, Dominique and Glaser, S{\'e}bastien},
  journal={IEEE Transactions on Intelligent Transportation Systems},
  volume={21},
  number={5},
  pages={1826--1848},
  year={2019},
  publisher={IEEE}
}

% TV Lane-change Prediction
% Very high-level (systems) approach with abstract/vague mention of model-learning and ML/NN
@article{song2021surrounding,
  title={Surrounding vehicles' lane change maneuver prediction and detection for intelligent vehicles: A comprehensive review},
  author={Song, Ruitao and Li, Bin},
  journal={IEEE Transactions on Intelligent Transportation Systems},
  year={2021},
  volume={23},
  number={7},
  pages={6046-6062},
  publisher={IEEE}
}

% Very high-level review of on-ramp merging studies (systems/civil engineering perspective)
@inproceedings{fernandez2021highway,
  title={Highway On-Ramp Merging for Mixed Traffic: Recent Advances and Future Trends},
  author={Fernandez, Stephanie Alvarez and Marinho, Marco AM and Vakilzadeh, Majid and Vinel, Alexey},
  booktitle={IEEE 29th International Conference on Network Protocols (ICNP)},
  pages={1--6},
  address={Dallas, TX},
  month={Nov.~1--5,},
  year={2021},
}



% Highway driving with uncertain TV lane changes modeled as markov jump system (with unknown prob of transition)
% Notes: assumes mode (reference lane) is known, learns transition probabilities (somehow), formulates scenario tree, represents collisions as average value at risk, solves nonconvex using NLP solver
@article{schuurmans2023safe,
  title={Safe, learning-based {MPC} for highway driving under lane-change uncertainty: A distributionally robust approach},
  author={Schuurmans, Mathijs and Katriniok, Alexander and Meissen, Christopher and Tseng, H Eric and Patrinos, Panagiotis},
  journal={Artificial Intelligence},
  volume={320},
  pages={103920},
  year={2023},
  publisher={Elsevier}
}

% Hierarchical approach where Reinforcement Learning provides reward (cost) to MPC
@article{kimura2022decision,
  title={Decision-Making Based on Reinforcement Learning and Model Predictive Control Considering Space Generation for Highway On-Ramp Merging},
  author={Kimura, Hikaru and Takahashi, Masaki and Nishiwaki, Kazuhiro and Iezawa, Masahiro},
  journal={IFAC-PapersOnLine},
  volume={55},
  number={27},
  pages={241--246},
  year={2022},
  publisher={Elsevier}
}

% Deep Reinforcement (End-to-End) Approach to Highway On-ramp Merging
@article{wang2021deep,
  title={A deep reinforcement learning-based approach for autonomous driving in highway on-ramp merge},
  author={Wang, Huanjie and Yuan, Shihua and Guo, Mengyu and Li, Xueyuan and Lan, Wei},
  journal={Proceedings of the Institution of Mechanical Engineers, Part D: Journal of Automobile Engineering},
  volume={235},
  number={10-11},
  pages={2726--2739},
  year={2021},
  publisher={SAGE Publications Sage UK: London, England}
}

% Hierarchical Approach to Highway Driving with Deep RL for strategy and N-MPC for trajectory-planning
@article{albarella2023hybrid,
  title={A Hybrid Deep Reinforcement Learning and Optimal Control Architecture for Autonomous Highway Driving},
  author={Albarella, Nicola and Lui, Dario Giuseppe and Petrillo, Alberto and Santini, Stefania},
  journal={Energies},
  volume={16},
  number={8},
  pages={3490},
  year={2023},
  publisher={MDPI}
}

% Game-theory approach to highway driving with online learning
@inproceedings{evens2022learning,
  title={Learning {MPC} for interaction-aware autonomous driving: A game-theoretic approach},
  author={Evens, Brecht and Schuurmans, Mathijs and Patrinos, Panagiotis},
  booktitle={European Control Conference (ECC)},
  pages={34--39},
  address={London, UK},
  month={July~12--15,},
  year={2022},
}

% Hierarchical Lane-change prediction - FOR MAHDI
@article{sharma2022highway,
  title={Highway Lane-Changing Prediction Using a Hierarchical Software Architecture based on Support Vector Machine and Continuous Hidden Markov Model},
  author={Sharma, Omveer and Sahoo, NC and Puhan, NB},
  journal={International Journal of Intelligent Transportation Systems Research},
  volume={20},
  number={2},
  pages={519--539},
  year={2022},
  publisher={Springer}
}

% Hidden Markov Models and Gaussian Mixture Models for modeling Merge Situations
@article{wang2021uncovering,
  title={Uncovering interpretable internal states of merging tasks at highway on-ramps for autonomous driving decision-making},
  author={Wang, Huanjie and Wang, Wenshuo and Yuan, Shihua and Li, Xueyuan},
  journal={IEEE Transactions on Automation Science and Engineering},
  volume={19},
  number={4},
  pages={2825--2836},
  year={2021},
  publisher={IEEE}
}

% MPC utilizing Gaussian Processes for overtaking
@inproceedings{liu2022gaussian,
  title={Gaussian Process based Model Predictive Control for Overtaking Scenarios at Highway Curves},
  author={Liu, Wenjun and Zhai, Yulin and Chen, Guang and Knoll, Alois},
  booktitle={IEEE Intelligent Vehicles Symposium (IV)},
  pages={1161--1167},
  address={Aachen, Germany},
  month={June~5--9,},
  year={2022},
}

% Compares RL and MPC for merging - MPC more robust, RL more comfortable, ultimately proposes hybrid approach
@inproceedings{lubars2021combining,
  title={Combining reinforcement learning with model predictive control for on-ramp merging},
  author={Lubars, Joseph and Gupta, Harsh and Chinchali, Sandeep and Li, Liyun and Raja, Adnan and Srikant, R and Wu, Xinzhou},
  booktitle={IEEE International Intelligent Transportation Systems Conference (ITSC)},
  pages={942--947},
  address={Indianapolis, IN},
month={Sept~19--22,},
  year={2021},
}


%% MPC and other stories

% Information Theoretic (original) MPPI
@inproceedings{williams2017information,
  title={Information theoretic {MPC} for model-based reinforcement learning},
  author={Williams, Grady and Wagener, Nolan and Goldfain, Brian and Drews, Paul and Rehg, James M and Boots, Byron and Theodorou, Evangelos A},
  booktitle={IEEE International Conference on Robotics and Automation (ICRA)},
  pages={1714--1721},
  address={Singapore},
  month={May~29--June~3,},
  year={2017},
}

% Nice MPPI Derivation
@article{williams2018information,
  title={Information-theoretic model predictive control: Theory and applications to autonomous driving},
  author={Williams, Grady and Drews, Paul and Goldfain, Brian and Rehg, James M and Theodorou, Evangelos A},
  journal={IEEE Transactions on Robotics},
  volume={34},
  number={6},
  pages={1603--1622},
  year={2018},
  publisher={IEEE}
}

% Stochastic (Ensemble) MPPI
@article{abraham2020model,
  title={Model-based generalization under parameter uncertainty using path integral control},
  author={Abraham, Ian and Handa, Ankur and Ratliff, Nathan and Lowrey, Kendall and Murphey, Todd D and Fox, Dieter},
  journal={IEEE Robotics and Automation Letters},
  volume={5},
  number={2},
  pages={2864--2871},
  year={2020},
  publisher={IEEE}
}

% Smooth MPPI - might want to implement this smooth technique
@article{kim2022smooth,
  title={Smooth model predictive path integral control without smoothing},
  author={Kim, Taekyung and Park, Gyuhyun and Kwak, Kiho and Bae, Jihwan and Lee, Wonsuk},
  journal={IEEE Robotics and Automation Letters},
  volume={7},
  number={4},
  pages={10406--10413},
  year={2022},
}

% Risk-aware MPPI Ji
@inproceedings{yin2023risk,
  title={Risk-aware model predictive path integral control using conditional value-at-risk},
  author={Yin, Ji and Zhang, Zhiyuan and Tsiotras, Panagiotis},
  booktitle={2023 IEEE International Conference on Robotics and Automation (ICRA)},
  pages={7937--7943},
  address={London, UK},
  month={May~29--June~2,},
  year={2023},
}

% Uncertainty Averse MPPI
@inproceedings{arruda2017uncertainty,
  title={Uncertainty averse pushing with model predictive path integral control},
  author={Arruda, Ermano and Mathew, Michael J and Kopicki, Marek and Mistry, Michael and Azad, Morteza and Wyatt, Jeremy L},
  booktitle={IEEE-RAS 17th International Conference on Humanoid Robotics (Humanoids)},
  pages={497--502},
  address={Birmingham, UK},
  month={Nov.~15--17,},
  year={2017},
}

% Particle MPC using Sequential Convex Programming
@inproceedings{dyro2021particle,
  title={Particle {MPC} for uncertain and learning-based control},
  author={Dyro, Robert and Harrison, James and Sharma, Apoorva and Pavone, Marco},
  booktitle={2021 IEEE/RSJ International Conference on Intelligent Robots and Systems (IROS)},
  pages={7127--7134},
  year={2021},
  organization={IEEE}
}

% Bounded probability of failure for lane-change using stochastic control barrier functions - READ THIS MORE CAREFULLY
@article{yaghoubi2020risk,
  title={Risk-bounded control using stochastic barrier functions},
  author={Yaghoubi, Shakiba and Majd, Keyvan and Fainekos, Georgios and Yamaguchi, Tomoya and Prokhorov, Danil and Hoxha, Bardh},
  journal={IEEE Control Systems Letters},
  volume={5},
  number={5},
  pages={1831--1836},
  year={2020},
  publisher={IEEE}
}

% Particle Propagation for Stochastic Deep Models (PETS)
@article{chua2018deep,
  title={Deep reinforcement learning in a handful of trials using probabilistic dynamics models},
  author={Chua, Kurtland and Calandra, Roberto and McAllister, Rowan and Levine, Sergey},
  journal={Advances in Neural Information Processing Systems},
  volume={31},
  year={2018}
}

% Data efficient online learning with Gaussian Processes
@inproceedings{kamthe2018data,
  title={Data-efficient reinforcement learning with probabilistic model predictive control},
  author={Kamthe, Sanket and Deisenroth, Marc},
  booktitle={International conference on artificial intelligence and statistics},
  pages={1701--1710},
  year={2018},
  organization={PMLR}
}

% SMPC review
@article{mesbah2016stochastic,
  title={Stochastic model predictive control: An overview and perspectives for future research},
  author={Mesbah, Ali},
  journal={IEEE Control Systems Magazine},
  volume={36},
  number={6},
  pages={30--44},
  year={2016},
  publisher={IEEE}
}


%% Active Learning / Dual Control / Probing

% Human Model, defines and verifies DC property
@inproceedings{hu2022active,
  title={Active uncertainty reduction for human-robot interaction: An implicit dual control approach},
  author={Hu, Haimin and Fisac, Jaime F},
  booktitle={International Workshop on the Algorithmic Foundations of Robotics},
  pages={385--401},
  address={College Park, MD},
  month={June~22--24,},
  year={2022},
  organization={Springer}
}

@article{hu2024active,
  title={Active uncertainty reduction for safe and efficient interaction planning: A shielding-aware dual control approach},
  author={Hu, Haimin and Isele, David and Bae, Sangjae and Fisac, Jaime F},
  journal={The International Journal of Robotics Research},
  volume={43},
  number={9},
  pages={1382--1408},
  year={2024},
  publisher={SAGE Publications Sage UK: London, England}
}

% Borrelli multi-modal DC EV-TV 
@article{nair2022stochastic,
  title={Stochastic {MPC} with dual control for autonomous driving with multi-modal interaction-aware predictions},
  author={Nair, Siddharth H and Govindarajan, Vijay and Lin, Theresa and Wang, Yan and Tseng, Eric H and Borrelli, Francesco},
  journal={arXiv preprint arXiv:2208.03525},
  year={2022}
}

% AV active probing
@inproceedings{wang2023active,
  title={Active Probing and Influencing Human Behaviors Via Autonomous Agents},
  author={Wang, Shuangge and Lyu, Yiwei and Dolan, John M},
  booktitle={IEEE International Conference on Robotics and Automation (ICRA)},
  pages={1514--1521},
  address={London, UK},
  month={May~29--June~2,},
  year={2023}
}

% highway merging problem
@article{zgonnikov2020should,
  title={Should {I} stay or should {I} go? {E}vidence accumulation drives decision making in human drivers},
  author={Zgonnikov, Arkady and Abbink, David and Markkula, Gustav},
  year={2020},
  journal={PsyArXiv},
  note={doi: \href{https://doi.org/10.31234/osf.io/p8dxn}{10.31234/osf.io/p8dxn}},
}

% highway merging problem1
@article{rios2016survey,
  title={A survey on the coordination of connected and automated vehicles at intersections and merging at highway on-ramps},
  author={Rios-Torres, Jackeline and Malikopoulos, Andreas A},
  journal={IEEE Transactions on Intelligent Transportation Systems},
  volume={18},
  number={5},
  pages={1066--1077},
  year={2016},
  publisher={IEEE}
}

%% Diffusion Models

% one of the first papers to use diffusion for decision-making
@article{janner2022planning,
  title={Planning with diffusion for flexible behavior synthesis},
  author={Janner, Michael and Du, Yilun and Tenenbaum, Joshua B and Levine, Sergey},
  journal={arXiv preprint arXiv:2205.09991},
  year={2022}
}

% policy-learning and more advanced features
@article{chi2023diffusion,
  title={Diffusion policy: Visuomotor policy learning via action diffusion},
  author={Chi, Cheng and Xu, Zhenjia and Feng, Siyuan and Cousineau, Eric and Du, Yilun and Burchfiel, Benjamin and Tedrake, Russ and Song, Shuran},
  journal={The International Journal of Robotics Research},
  pages={02783649241273668},
  year={2023},
  publisher={SAGE Publications Sage UK: London, England}
}

% a way to incorporate uncertainty
@article{sun2024conformal,
  title={Conformal prediction for uncertainty-aware planning with diffusion dynamics model},
  author={Sun, Jiankai and Jiang, Yiqi and Qiu, Jianing and Nobel, Parth and Kochenderfer, Mykel J and Schwager, Mac},
  journal={Advances in Neural Information Processing Systems},
  volume={36},
  address={Vancouver, Canada},
  month={Dec.~10--15,},
  year={2024}
}

@article{psenka2023learning,
  title={Learning a diffusion model policy from rewards via q-score matching},
  author={Psenka, Michael and Escontrela, Alejandro and Abbeel, Pieter and Ma, Yi},
  journal={arXiv preprint arXiv:2312.11752},
  year={2023}
}

%% Miscelaneous

% MR-IDM paper
@article{holley2023mr,
  title={{MR-IDM}--Merge Reactive Intelligent Driver Model: Towards Enhancing Laterally Aware Car-following Models},
  author={Holley, Dustin and D'sa, Jovin and Mahjoub, Hossein Nourkhiz and Ali, Gibran and Chalaki, Behdad and Moradi-Pari, Ehsan},
  journal={arXiv preprint arXiv:2305.12014},
  year={2023}
}

% Original IDM
@article{treiber2000congested,
  title={Congested traffic states in empirical observations and microscopic simulations},
  author={Treiber, Martin and Hennecke, Ansgar and Helbing, Dirk},
  journal={Physical review E},
  volume={62},
  number={2},
  pages={1805},
  year={2000},
  publisher={APS}
}

% Carmaker
@article{carmaker2021reference,
  title={Reference Manual Version 9.0. 1},
  author={CarMaker IPG},
  journal={IPG Automotive GmbH: Karlsruhe, Germany},
  year={2021}
}

% Jax
@software{jax2018github,
  author = {James Bradbury and Roy Frostig and Peter Hawkins and Matthew James Johnson and Chris Leary and Dougal Maclaurin and George Necula and Adam Paszke and Jake Vander{P}las and Skye Wanderman-{M}ilne and Qiao Zhang},
  title = {{JAX}: composable transformations of {P}ython+{N}um{P}y programs},
  url = {http://github.com/google/jax},
  version = {0.3.13},
  year = {2018},
}

@article{wang2021social,
  title={On social interactions of merging behaviors at highway on-ramps in congested traffic},
  author={Wang, Huanjie and Wang, Wenshuo and Yuan, Shihua and Li, Xueyuan and Sun, Lijun},
  journal={IEEE Transactions on Intelligent Transportation Systems},
  volume={23},
  number={8},
  pages={11237--11248},
  year={2021},
  publisher={IEEE}
}

% Particle Filter
@article{speekenbrink2016tutorial,
  title={A tutorial on particle filters},
  author={Speekenbrink, Maarten},
  journal={Journal of Mathematical Psychology},
  volume={73},
  pages={140--152},
  year={2016},
  publisher={Elsevier}
}

% comfort stanbdards
@article{de2023standards,
  title={Standards for passenger comfort in automated vehicles: Acceleration and jerk},
  author={de Winkel, Ksander N and Irmak, Tugrul and Happee, Riender and Shyrokau, Barys},
  journal={Applied Ergonomics},
  volume={106},
  pages={103881},
  year={2023},
  publisher={Elsevier}
}

% our Dual MPPI paper :D
@inproceedings{knaup2024active,
  title={Active Learning with Dual Model Predictive Path-Integral Control for Interaction-Aware Autonomous Highway On-ramp Merging},
  author={Knaup, Jacob and Dâ€™sa, Jovin and Chalaki, Behdad and Naes, Tyler and Mahjoub, Hossein Nourkhiz and Moradi-Pari, Ehsan and Tsiotras, Panagiotis},
  booktitle={IEEE International Conference on Robotics and Automation (ICRA)},
  pages={14191--14197},
  address={Yokohama, Japan},
  month={May~13--17,},
  year={2024}
}

% Model-based Diffusion
@article{pan2024model,
  title={Model-Based Diffusion for Trajectory Optimization},
  author={Pan, Chaoyi and Yi, Zeji and Shi, Guanya and Qu, Guannan},
  journal={arXiv preprint arXiv:2407.01573},
  year={2024}
}

% Diffusion Review
@article{yang2023diffusion,
  title={Diffusion models: A comprehensive survey of methods and applications},
  author={Yang, Ling and Zhang, Zhilong and Song, Yang and Hong, Shenda and Xu, Runsheng and Zhao, Yue and Zhang, Wentao and Cui, Bin and Yang, Ming-Hsuan},
  journal={ACM Computing Surveys},
  volume={56},
  number={4},
  pages={1--39},
  year={2023},
  publisher={ACM New York, NY, USA}
}

% Detailed derivations for Score SDE Diffusion Models
@article{song2020score,
  title={Score-based generative modeling through stochastic differential equations},
  author={Song, Yang and Sohl-Dickstein, Jascha and Kingma, Diederik P and Kumar, Abhishek and Ermon, Stefano and Poole, Ben},
  journal={arXiv preprint arXiv:2011.13456},
  year={2020}
}

%diffusion paper
@article{ho2020denoising,
  title={Denoising diffusion probabilistic models},
  author={Ho, Jonathan and Jain, Ajay and Abbeel, Pieter},
  journal={Advances in Neural Information Processing Systems},
  volume={33},
  pages={6840--6851},
  month={Dec.~6--12,},
  year={2020}
}

@article{song2019generative,
  title={Generative modeling by estimating gradients of the data distribution},
  author={Song, Yang and Ermon, Stefano},
  journal={Advances in Neural Information Processing Systems},
  volume={32},
  address={Vancouver, Canada},
  month={Dec.~8--14,},
  year={2019}
}

% Kinematic bicycle model
@inproceedings{kong2015kinematic,
  title={Kinematic and dynamic vehicle models for autonomous driving control design},
  author={Kong, Jason and Pfeiffer, Mark and Schildbach, Georg and Borrelli, Francesco},
  booktitle={IEEE Intelligent Vehicles Symposium (IV)},
  pages={1094--1099},
  address={Seoul, South Korea},
  month={June~28--July~1,},
  year={2015}
}
