@article{alexa2017optimal,
  title={Optimal discrete slicing},
  author={Alexa, Marc and Hildebrand, Kristian and Lefebvre, Sylvain},
  journal={ACM Transactions on Graphics (TOG)},
  volume={36},
  number={1},
  pages={1--16},
  year={2017},
  publisher={ACM New York, NY, USA}
}

@article{alexander1998part,
  title={Part orientation and build cost determination in layered manufacturing},
  author={Alexander, Paul and Allen, Seth and Dutta, Debasish},
  journal={Computer-Aided Design},
  volume={30},
  number={5},
  pages={343--356},
  year={1998},
  publisher={Elsevier}
}

@article{bruno2009you,
  title={What you seam is what you get},
  author={Bruno, Vallet and L{\'e}vy, Bruno},
  year={2009}
}

@article{canellidis2006pre,
  title={Pre-processing methodology for optimizing stereolithography apparatus build performance},
  author={Canellidis, Vassilios and Dedoussis, Vassilis and Mantzouratos, N and Sofianopoulou, Stella},
  journal={Computers in industry},
  volume={57},
  number={5},
  pages={424--436},
  year={2006},
  publisher={Elsevier}
}

@article{delfs2016optimized,
  title={Optimized build orientation of additive manufactured parts for improved surface quality and build time},
  author={Delfs, Patrick and Tows, Marcel and Schmid, H-J},
  journal={Additive Manufacturing},
  volume={12},
  pages={314--320},
  year={2016},
  publisher={Elsevier}
}

@inproceedings{elber1993tool,
  title={Tool path generation for freeform surface models},
  author={Elber, Gershon and Cohen, Elaine},
  booktitle={Proceedings on the second ACM symposium on Solid modeling and applications},
  pages={419--428},
  year={1993}
}

@article{elber19975,
  title={5-axis freeform surface milling using piecewise ruled surface approximation},
  author={Elber, Gershon and Fish, Russ},
  year={1997}
}

@article{jin2017optimization,
  title={An optimization approach for path planning of high-quality and uniform additive manufacturing},
  author={Jin, Yuan and Du, Jianke and Ma, Zhiyong and Liu, Anbang and He, Yong},
  journal={The International Journal of Advanced Manufacturing Technology},
  volume={92},
  pages={651--662},
  year={2017},
  publisher={Springer}
}

@article{kim2015precise,
  title={Precise gouging-free tool orientations for 5-axis CNC machining},
  author={Kim, Yong-Joon and Elber, Gershon and Barto{\v{n}}, Michael and Pottmann, Helmut},
  journal={Computer-Aided Design},
  volume={58},
  pages={220--229},
  year={2015},
  publisher={Elsevier}
}

@article{kwok2015styling,
  title={Styling evolution for tight-fitting garments},
  author={Kwok, Tsz-Ho and Zhang, Yan-Qiu and Wang, Charlie CL and Liu, Yong-Jin and Tang, Kai},
  journal={IEEE transactions on visualization and computer graphics},
  volume={22},
  number={5},
  pages={1580--1591},
  year={2015},
  publisher={IEEE}
}

@article{luo2012chopper,
  title={Chopper: Partitioning models into 3D-printable parts},
  author={Luo, Linjie and Baran, Ilya and Rusinkiewicz, Szymon and Matusik, Wojciech},
  journal={ACM Transactions on Graphics (TOG)},
  volume={31},
  number={6},
  pages={1--9},
  year={2012},
  publisher={ACM New York, NY, USA}
}

@article{masood2000part,
  title={Part build orientations based on volumetric error in fused deposition modelling},
  author={Masood, Syed H and Rattanawong, Wuttinut and Iovenitti, Pio},
  journal={The International Journal of Advanced Manufacturing Technology},
  volume={16},
  number={3},
  pages={162--168},
  year={2000},
  publisher={Springer-Verlag London Ltd}
}

@article{meng2012flexible,
  title={Flexible shape control for automatic resizing of apparel products},
  author={Meng, Yuwei and Wang, Charlie CL and Jin, Xiaogang},
  journal={Computer-aided design},
  volume={44},
  number={1},
  pages={68--76},
  year={2012},
  publisher={Elsevier}
}

@article{montes2020computational,
  title={Computational design of skintight clothing},
  author={Montes, Juan and Thomaszewski, Bernhard and Mudur, Sudhir and Popa, Tiberiu},
  journal={ACM Transactions on Graphics (TOG)},
  volume={39},
  number={4},
  pages={105--1},
  year={2020},
  publisher={ACM New York, NY, USA}
}

@article{nee1986designing,
  title={Designing algorithm for nesting irregular shapes with and without boundary constraints},
  author={Nee, AYC and Seow, KW and Long, SL and Venkatesh, VC},
  journal={CIRP Annals},
  volume={35},
  number={1},
  pages={107--110},
  year={1986},
  publisher={Elsevier}
}

@article{pietroni2022computational,
  title={Computational pattern making from 3D garment models.},
  author={Pietroni, Nico and Dumery, Corentin and Falque, Raphael and Liu, Mark and Vidal-Calleja, Teresa A and Sorkine-Hornung, Olga},
  journal={ACM Trans. Graph.},
  volume={41},
  number={4},
  pages={157--1},
  year={2022}
}

@article{poranne2017autocuts,
  title={Autocuts: simultaneous distortion and cut optimization for UV mapping},
  author={Poranne, Roi and Tarini, Marco and Huber, Sandro and Panozzo, Daniele and Sorkine-Hornung, Olga},
  journal={ACM Transactions on Graphics (TOG)},
  volume={36},
  number={6},
  pages={1--11},
  year={2017},
  publisher={ACM New York, NY, USA}
}

@article{pottmann1999approximation,
  title={Approximation algorithms for developable surfaces},
  author={Pottmann, Helmut and Wallner, Johannes},
  journal={Computer Aided Geometric Design},
  volume={16},
  number={6},
  pages={539--556},
  year={1999},
  publisher={Elsevier}
}

@article{ren2019thermo,
  title={Thermo-mechanical analyses for optimized path planning in laser aided additive manufacturing processes},
  author={Ren, K and Chew, Y and Fuh, JYH and Zhang, YF and Bi, GJ},
  journal={Materials \& Design},
  volume={162},
  pages={80--93},
  year={2019},
  publisher={Elsevier}
}

@article{smith2002optimal,
  title={Optimal slicing of free-form surfaces},
  author={Smith, Tait S and Farouki, Rida T and Al-Kandari, Mohammad and Pottmann, Helmut},
  journal={Computer Aided Geometric Design},
  volume={19},
  number={1},
  pages={43--64},
  year={2002},
  publisher={Elsevier}
}

@inproceedings{subag2006piecewise,
  title={Piecewise developable surface approximation of general NURBS surfaces, with global error bounds},
  author={Subag, Jacob and Elber, Gershon},
  booktitle={International conference on geometric modeling and processing},
  pages={143--156},
  year={2006},
  organization={Springer}
}

@article{thrimurthulu2004optimum,
  title={Optimum part deposition orientation in fused deposition modeling},
  author={Thrimurthulu, KPPM and Pandey, Pulak M and Reddy, N Venkata},
  journal={International Journal of Machine Tools and Manufacture},
  volume={44},
  number={6},
  pages={585--594},
  year={2004},
  publisher={Elsevier}
}

@article{tura2022characterization,
  title={Characterization and parametric optimization of additive manufacturing process for enhancing mechanical properties},
  author={Tura, Amanuel Diriba and Mamo, Hana Beyene},
  journal={Heliyon},
  volume={8},
  number={7},
  year={2022},
  publisher={Elsevier}
}

@article{wang2002surface,
  title={Surface flattening based on energy model},
  author={Wang, Charlie CL and Smith, Shana SF and Yuen, Matthew MF},
  journal={Computer-Aided Design},
  volume={34},
  number={11},
  pages={823--833},
  year={2002},
  publisher={Elsevier}
}

@inproceedings{wolff2023designing,
  title={Designing personalized garments with body movement},
  author={Wolff, Katja and Herholz, Philipp and Ziegler, Verena and Link, Frauke and Br{\"u}gel, Nico and Sorkine-Hornung, Olga},
  booktitle={Computer Graphics Forum},
  volume={42},
  number={1},
  pages={180--194},
  year={2023},
  organization={Wiley Online Library}
}

