
@article{rubino_marine_2020,
	title = {Marine application of fiber reinforced composites: {A} review},
	volume = {8},
	shorttitle = {Marine application of fiber reinforced composites},
	number = {1},
	journal = {Journal of Marine Science and Engineering},
	author = {Rubino, Felice and Nisticò, Antonio and Tucci, Fausto and Carlone, Pierpaolo},
	year = {2020},
	note = {Publisher: MDPI},
	pages = {26},
}

@article{deve_continuous-fiber_1995,
	title = {Continuous-fiber reinforced composites: {A} new generation},
	volume = {47},
	issn = {1047-4838, 1543-1851},
	shorttitle = {Continuous-fiber reinforced composites},
	doi = {10.1007/BF03221227},
	language = {en},
	number = {7},
	journal = {JOM},
	author = {Deve, Herve E. and McCullough, Colin},
	month = jul,
	year = {1995},
	pages = {33--37},
}

@article{yang_recent_2019,
	title = {Recent progresses of fabrication and characterization of fibers-reinforced composites: {A} review},
	volume = {14},
	shorttitle = {Recent progresses of fabrication and characterization of fibers-reinforced composites},
	journal = {Composites Communications},
	author = {Yang, Guijun and Park, Mira and Park, Soo-Jin},
	year = {2019},
	note = {Publisher: Elsevier},
	pages = {34--42},
}

@article{wang_load-dependent_2021,
	title = {Load-dependent path planning method for {3D} printing of continuous fiber reinforced plastics},
	volume = {140},
	journal = {Composites Part A: Applied Science and Manufacturing},
	author = {Wang, Ting and Li, Nanya and Link, Guido and Jelonnek, John and Fleischer, Jürgen and Dittus, Jörg and Kupzik, Daniel},
	year = {2021},
	pages = {106181},
}

@article{frketic_automated_2017,
	title = {Automated manufacturing and processing of fiber-reinforced polymer ({FRP}) composites: {An} additive review of contemporary and modern techniques for advanced materials manufacturing},
	volume = {14},
	shorttitle = {Automated manufacturing and processing of fiber-reinforced polymer ({FRP}) composites},
	journal = {Additive Manufacturing},
	author = {Frketic, Jolie and Dickens, Tarik and Ramakrishnan, Subramanian},
	year = {2017},
	note = {Publisher: Elsevier},
	pages = {69--86},
}

@phdthesis{brasington_integration_2021,
	type = {{PhD} {Thesis}},
	title = {Integration of {Process} {Planning} into the {Automated} {Fiber} {Placement} {Design} for {Manufacturing} {Cycle}},
	school = {University of South Carolina},
	author = {Brasington, Alex},
	year = {2021},
}

@article{eckrich_structural_2022,
	title = {Structural topology optimization and path planning for composites manufactured by fiber placement technologies},
	volume = {289},
	journal = {Composite Structures},
	author = {Eckrich, Maximilian and Arrabiyeh, Peter A. and Dlugaj, Anna M. and May, David},
	year = {2022},
	note = {Publisher: Elsevier},
	pages = {115488},
}

@article{scheirer_fiber_2021,
	title = {Fiber {Layup} {Generation} on {Curved} {Composite} {Structures}},
	volume = {136},
	issn = {0010-4485},
	doi = {10.1016/j.cad.2021.103031},
	journal = {Computer-Aided Design},
	author = {Scheirer, Nathan and Holland, Stephen D. and Krishnamurthy, Adarsh},
	month = jul,
	year = {2021},
	keywords = {Approximate geodesics, Fiber layup, Fiber-reinforced composites, Strain energy optimization},
	pages = {103031},
}

@phdthesis{gao_optimal_2018,
	type = {phdthesis},
	title = {Optimal motion planning in redundant robotic systems for automated composite lay-up process},
	language = {en},
	school = {École centrale de Nantes},
	author = {Gao, Jiuchun},
	month = jun,
	year = {2018},
}

@book{chawla_composite_2012,
	address = {New York, NY},
	title = {Composite {Materials}},
	isbn = {978-0-387-74364-6 978-0-387-74365-3},
	language = {en},
	publisher = {Springer},
	author = {Chawla, Krishan K.},
	year = {2012},
	doi = {10.1007/978-0-387-74365-3},
	keywords = {Composites, Laminated composites, Micromechanics, Carbon/carbon composites, Ceramic matrix composites, Creep of composites, Design of composites, Fatigue of composites, Fibers, Metal matrix composites, Polymer matrix composites, Superconducting composites},
}

@book{nicolais_composite_2011,
	address = {London},
	title = {Composite {Materials}: {A} {Vision} for the {Future}},
	isbn = {978-0-85729-165-3 978-0-85729-166-0},
	shorttitle = {Composite {Materials}},
	language = {en},
	publisher = {Springer},
	editor = {Nicolais, Luigi and Meo, Michele and Milella, Eva},
	year = {2011},
	doi = {10.1007/978-0-85729-166-0},
	keywords = {Aerospace Materials, Composite Materials, Composites Sciences, Composites Technologies, Nanoreinforced Materials},
}

@book{chung_composite_2010,
	address = {London},
	series = {Engineering {Materials} and {Processes}},
	title = {Composite {Materials}},
	isbn = {978-1-84882-830-8 978-1-84882-831-5},
	publisher = {Springer},
	author = {Chung, Deborah D.L.},
	year = {2010},
	doi = {10.1007/978-1-84882-831-5},
}

@article{elkington_hand_2015,
	title = {Hand layup: understanding the manual process},
	volume = {1},
	issn = {2055-0340},
	shorttitle = {Hand layup},
	doi = {10.1080/20550340.2015.1114801},
	number = {3},
	journal = {Advanced Manufacturing: Polymer \& Composites Science},
	author = {Elkington, M. and Bloom, D. and Ward, C. and Chatzimichali, A. and Potter, K.},
	month = jul,
	year = {2015},
	keywords = {Drape, Ergonomics, Hand layup, Observation, Technique},
	pages = {138--151},
}

@inproceedings{lindback_new_2012,
	title = {New {Automated} {Composite} {Manufacturing} {Process}: : {Is} it possible to find a cost effective manufacturing method with the use of robotic equipment?},
	shorttitle = {New {Automated} {Composite} {Manufacturing} {Process}},
	author = {Lindbäck, J. and Björnsson, Andreas and Johansen, K.},
	year = {2012},
}

@article{lukaszewicz_engineering_2012,
	title = {The engineering aspects of automated prepreg layup: {History}, present and future},
	volume = {43},
	issn = {1359-8368},
	shorttitle = {The engineering aspects of automated prepreg layup},
	number = {3},
	journal = {Composites Part B: Engineering},
	author = {Lukaszewicz, Dirk H. -J. A. and Ward, Carwyn and Potter, Kevin D.},
	month = apr,
	year = {2012},
	keywords = {A. Laminates, A. Prepreg, E. Automation, E. Lay-up},
	pages = {997--1009},
}

@article{rousseau_automated_2019,
	title = {Automated {Fiber} {Placement} {Path} {Planning}: {A} state-of-the-art review},
	volume = {16},
	shorttitle = {Automated {Fiber} {Placement} {Path} {Planning}},
	journal = {Computer-Aided Design and Applications},
	author = {Rousseau, Guillaume and Wehbe, Roudy and Halbritter, Joshua and Harik, Ramy},
	year = {2019},
	pages = {172--203},
}

@article{shimoda_shape_2023,
	title = {Shape and topology optimization method for fiber placement design of {CFRP} plate and shell structures},
	volume = {309},
	journal = {Composite Structures},
	author = {Shimoda, Masatoshi and Umemura, Motoki and Al Ali, Musaddiq and Tsukihara, Ryosuke},
	year = {2023},
	note = {Publisher: Elsevier},
	pages = {116729},
}

@article{chandrasekhar_frc-tounn_2023,
	title = {Frc-tounn: {Topology} optimization of continuous fiber reinforced composites using neural network},
	volume = {156},
	shorttitle = {Frc-tounn},
	journal = {Computer-Aided Design},
	author = {Chandrasekhar, Aaditya and Mirzendehdel, Amir and Behandish, Morad and Suresh, Krishnan},
	year = {2023},
	note = {Publisher: Elsevier},
	pages = {103449},
}

@article{kundu_stress-based_2023,
	title = {Stress-based topology optimization for fiber composites with improved stiffness and strength: {Integrating} anisotropic and isotropic materials},
	volume = {320},
	shorttitle = {Stress-based topology optimization for fiber composites with improved stiffness and strength},
	journal = {Composite Structures},
	author = {Kundu, Rahul Dev and Zhang, Xiaojia Shelly},
	year = {2023},
	note = {Publisher: Elsevier},
	pages = {117041},
}

@article{da_silva_topology_2023,
	title = {Topology {Optimization} of fiber reinforced structures considering stress constraint and optimized penalization},
	volume = {316},
	journal = {Composite Structures},
	author = {da Silva, Andre Luis Ferreira and Salas, Ruben Andres and Silva, Emilio Carlos Nelli},
	year = {2023},
	note = {Publisher: Elsevier},
	pages = {117006},
}

@article{nelon_intersection_2022,
	title = {The intersection of damage evaluation of fiber-reinforced composite materials with machine learning: {A} review},
	volume = {56},
	issn = {0021-9983, 1530-793X},
	shorttitle = {The intersection of damage evaluation of fiber-reinforced composite materials with machine learning},
	doi = {10.1177/00219983211037048},
	language = {en},
	number = {9},
	journal = {Journal of Composite Materials},
	author = {Nelon, Christopher and Myers, Oliver and Hall, Asha},
	month = apr,
	year = {2022},
	pages = {1417--1452},
}

@article{sacco_machine_2020,
	title = {Machine learning in composites manufacturing: {A} case study of {Automated} {Fiber} {Placement} inspection},
	volume = {250},
	shorttitle = {Machine learning in composites manufacturing},
	journal = {Composite Structures},
	author = {Sacco, Christopher and Radwan, Anis Baz and Anderson, Andrew and Harik, Ramy and Gregory, Elizabeth},
	year = {2020},
	note = {Publisher: Elsevier},
	pages = {112514},
}

@article{yin_machine_2021,
	title = {Machine learning and materials informatics approaches for evaluating the interfacial properties of fiber-reinforced composites},
	volume = {273},
	journal = {Composite Structures},
	author = {Yin, B. B. and Liew, K. M.},
	year = {2021},
	note = {Publisher: Elsevier},
	pages = {114328},
}

@article{mulenga_techniques_2021,
	title = {Techniques for modelling and optimizing the mechanical properties of natural fiber composites: {A} review},
	volume = {9},
	shorttitle = {Techniques for modelling and optimizing the mechanical properties of natural fiber composites},
	journal = {Fibers},
	author = {Mulenga, Timothy K. and Ude, Albert U. and Vivekanandhan, Chinnasamy},
	year = {2021},
	note = {Publisher: MDPI},
	pages = {6},
}

@article{biermann_planning_2015,
	title = {Planning and optimisation of manufacturing process chains for functionally graded components—part 2: case study on self-reinforced thermoplastic composites},
	volume = {9},
	issn = {0944-6524, 1863-7353},
	shorttitle = {Planning and optimisation of manufacturing process chains for functionally graded components—part 2},
	doi = {10.1007/s11740-015-0610-2},
	language = {en},
	number = {3},
	journal = {Production Engineering},
	author = {Biermann, Dirk and Gausemeier, Jürgen and Heim, Hans-Peter and Hess, Stefan and Petersen, Marcus and Ries, Angela and Wagner, Tobias},
	month = aug,
	year = {2015},
	pages = {405--416},
}

@article{karjust_technology_2010,
	title = {Technology {Route} {Planning} of {Large} {Composite} {Parts}},
	volume = {3},
	issn = {1960-6206, 1960-6214},
	doi = {10.1007/s12289-010-0849-2},
	language = {en},
	number = {S1},
	journal = {International Journal of Material Forming},
	author = {Karjust, K. and Pohlak, M. and Majak, J.},
	month = apr,
	year = {2010},
	pages = {631--634},
}

@inproceedings{hindle_simul8-planner_2006,
	title = {Simul8-planner for composites manufacturing},
	booktitle = {Proceedings of the 2006 {Winter} {Simulation} {Conference}},
	publisher = {IEEE},
	author = {Hindle, Kim and Duffin, Matt},
	year = {2006},
	pages = {1779--1784},
}

@article{hueber_production_2019,
	title = {Production planning optimisation for composite aerospace manufacturing},
	volume = {57},
	issn = {0020-7543, 1366-588X},
	doi = {10.1080/00207543.2018.1554918},
	language = {en},
	number = {18},
	journal = {International Journal of Production Research},
	author = {Hueber, Christian and Fischer, Gudrun and Schwingshandl, Nikolaus and Schledjewski, Ralf},
	month = sep,
	year = {2019},
	pages = {5857--5873},
}

@inproceedings{harik_automated_2019,
	title = {Automated fiber placement of composite wind tunnel blades: process planning and manufacturing},
	shorttitle = {Automated fiber placement of composite wind tunnel blades},
	booktitle = {Society for {Advancement} of {Material} and {Process} {Engineering} ({SAMPE}) 2019 {Conference}},
	author = {Harik, Ramy and Halbritter, Joshua and Jegley, Dawn and Grenoble, Ray and Mason, Brian},
	year = {2019},
	note = {Issue: NF1676L-31791},
}

@article{harik_advancing_2020,
	title = {{ADVANCING} {COMPOSITES} {MANUFACTURING}: {neXt} {Automated} {Fiber} {Placement}: {Advancing} {Composites} {Manufacturing} {Towards} a {New} {Paradigm}.},
	volume = {56},
	shorttitle = {{ADVANCING} {COMPOSITES} {MANUFACTURING}},
	number = {6},
	journal = {SAMPE Journal},
	author = {Harik, Ramy},
	year = {2020},
}

@article{shirinzadeh_robotic_2000,
	title = {Robotic fibre placement process planning and control},
	volume = {20},
	number = {4},
	journal = {Assembly Automation},
	author = {Shirinzadeh, Bijan and Wei Foong, Chee and Hui Tan, Boon},
	year = {2000},
	note = {Publisher: MCB UP Ltd},
	pages = {313--320},
}

@article{wong_additive_2023,
	title = {Additive manufacturing of fiber-reinforced polymer composites: {A} technical review and status of design methodologies},
	shorttitle = {Additive manufacturing of fiber-reinforced polymer composites},
	journal = {Composites Part B: Engineering},
	author = {Wong, Janet and Altassan, Abdulmajeed and Rosen, David W.},
	year = {2023},
	note = {Publisher: Elsevier},
	pages = {110603},
}

@article{chandrasekhar_build_2020,
	title = {Build optimization of fiber-reinforced additively manufactured components},
	volume = {61},
	issn = {1615-147X, 1615-1488},
	doi = {10.1007/s00158-019-02346-z},
	language = {en},
	number = {1},
	journal = {Structural and Multidisciplinary Optimization},
	author = {Chandrasekhar, Aaditya and Kumar, Tej and Suresh, Krishnan},
	month = jan,
	year = {2020},
	pages = {77--90},
}

@article{mirzendehdel_strength-based_2018,
	title = {Strength-based topology optimization for anisotropic parts},
	volume = {19},
	journal = {Additive Manufacturing},
	author = {Mirzendehdel, Amir M. and Rankouhi, Behzad and Suresh, Krishnan},
	year = {2018},
	note = {Publisher: Elsevier},
	pages = {104--113},
}

@misc{noauthor_simcenter_nodate,
	title = {Simcenter {Femap}},
	abstract = {Simcenter Femap is an advanced simulation application for creating, editing and inspecting finite element models of complex products or systems.},
	language = {en},
	journal = {Siemens Digital Industries Software},
    url = {https://plm.sw.siemens.com/en-US/simcenter/mechanical-simulation/femap/}
}

@incollection{giurgiutiu_structural_2020,
	title = {Structural health monitoring ({SHM}) of aerospace composites},
	booktitle = {Polymer composites in the aerospace industry},
	publisher = {Elsevier},
	author = {Giurgiutiu, Victor},
	year = {2020},
	pages = {491--558},
}

@article{guemes_structural_2020,
	title = {Structural health monitoring for advanced composite structures: {A} review},
	volume = {4},
	shorttitle = {Structural health monitoring for advanced composite structures},
	journal = {Journal of Composites Science},
	author = {Güemes, Alfredo and Fernandez-Lopez, Antonio and Pozo, Angel Renato and Sierra-Pérez, Julián},
	year = {2020},
	note = {Publisher: MDPI},
	pages = {13},
}

@article{de_luca_guided_2020,
	title = {Guided wave {SHM} system for damage detection in complex composite structure},
	volume = {105},
	journal = {Theoretical and Applied Fracture Mechanics},
	author = {De Luca, A. and Perfetto, D. and De Fenza, A. and Petrone, G. and Caputo, F.},
	year = {2020},
	note = {Publisher: Elsevier},
	pages = {102408},
}

@misc{noauthor_catia_2023,
	title = {{CATIA} {V5}},
	url = {https://www.3ds.com/products/catia/catia-v5},
	abstract = {An Industry Standard in Various Sectors},
	language = {en},
	journal = {Dassault Systemes},
	month = may,
	year = {2023},
}

@misc{noauthor_compression_nodate,
	title = {Compression {Molding} {Presses} {\textbar} {Composite} {Forming} {Presses} {\textbar} {Beckwood} {Press}},
	language = {en-US},
	journal = {Beckwood},
}

@article{zhu2023heterostructured,
  title={Heterostructured materials},
  author={Zhu, Yuntian and Wu, Xiaolei},
  journal={Progress in Materials Science},
  volume={131},
  pages={101019},
  year={2023},
  publisher={Elsevier}
}

@book{staab2015laminar,
  title={Laminar composites},
  author={Staab, George},
  year={2015},
  publisher={Butterworth-Heinemann}
}

@article{bannister2001challenges,
  title={Challenges for composites into the next millennium—a reinforcement perspective},
  author={Bannister, Michael},
  journal={Composites Part A: Applied Science and Manufacturing},
  volume={32},
  number={7},
  pages={901--910},
  year={2001},
  publisher={Elsevier}
}

@article{brasington2021automated,
  title={Automated fiber placement: A review of history, current technologies, and future paths forward},
  author={Brasington, Alex and Sacco, Christopher and Halbritter, Joshua and Wehbe, Roudy and Harik, Ramy},
  journal={Composites Part C: Open Access},
  volume={6},
  pages={100182},
  year={2021},
  publisher={Elsevier}
}

@article{grimshaw2001automated,
  title={Automated tape laying},
  author={Grimshaw, Michael N},
  year={2001}
}

@article{rousseau2019automated,
  title={Automated Fiber Placement Path Planning: A state-of-the-art review},
  author={Rousseau, Guillaume and Wehbe, Roudy and Halbritter, Joshua and Harik, Ramy},
  journal={Computer-Aided Design and Applications},
  volume={16},
  number={2},
  pages={172--203},
  year={2019}
}

@article{kim2012continuous,
  title={Continuous tow shearing for manufacturing variable angle tow composites},
  author={Kim, Byung Chul and Potter, Kevin and Weaver, Paul M},
  journal={Composites Part A: Applied Science and Manufacturing},
  volume={43},
  number={8},
  pages={1347--1356},
  year={2012},
  publisher={Elsevier}
}

@misc{JEC_Observer_2022, 
    title={Overview of the global composites market, 2021-2026}, 
    journal={jeccomposites.com}, 
    publisher={JEC Group and Estin&Co}, 
    author={JEC Observer},
    year={2022}, 
    month={Mar}
} 

@misc{fibersim_siemens,
  title = {Fibersim for Composite Design and Manufacturing},
  author = {Siemens Digital Industries Software},
  howpublished = {\url{https://plm.sw.siemens.com/en-US/nx/products/fibersim-composites/}},
  year = {2024},
}

@book{sivanandam2008genetic,
  title={Genetic algorithms},
  author={Sivanandam, SN and Deepa, SN and Sivanandam, SN and Deepa, SN},
  year={2008},
  publisher={Springer}
}

@article{morrison2016branch,
  title={Branch-and-bound algorithms: A survey of recent advances in searching, branching, and pruning},
  author={Morrison, David R and Jacobson, Sheldon H and Sauppe, Jason J and Sewell, Edward C},
  journal={Discrete Optimization},
  volume={19},
  pages={79--102},
  year={2016},
  publisher={Elsevier}
}

@article{nocedal2006quadratic,
  title={Quadratic programming},
  author={Nocedal, Jorge and Wright, Stephen J},
  journal={Numerical optimization},
  pages={448--492},
  year={2006},
  publisher={Springer}
}


@article{sencer2008feed,
  title={Feed optimization for five-axis CNC machine tools with drive constraints},
  author={Sencer, B and Altintas, Y and Croft, E},
  journal={International Journal of Machine Tools and Manufacture},
  volume={48},
  number={7-8},
  pages={733--745},
  year={2008},
  publisher={Elsevier}
}

@article{lim2001optimizing,
  title={Optimizing tool selection},
  author={Lim, T and Corney, J and Ritchie, JM and Clark, DER},
  journal={International Journal of Production Research},
  volume={39},
  number={6},
  pages={1239--1256},
  year={2001},
  publisher={Taylor \& Francis}
}

@inproceedings{ivanov2019parametric,
  title={Parametric optimization of fixtures for multiaxis machining of parts},
  author={Ivanov, Vitalii and Dehtiarov, Ivan and Pavlenko, Ivan and Liaposhchenko, Oleksandr and Zaloga, Viliam},
  booktitle={Advances in Manufacturing II: Volume 2-Production Engineering and Management},
  pages={335--347},
  year={2019},
  organization={Springer}
}

@article{campatelli2015optimal,
  title={Optimal workpiece orientation to reduce the energy consumption of a milling process},
  author={Campatelli, Gianni and Scippa, Antonio and Lorenzini, Lorenzo and Sato, Ryuta},
  journal={International Journal of Precision Engineering and Manufacturing-Green Technology},
  volume={2},
  pages={5--13},
  year={2015},
  publisher={Springer}
}

@article{zhang2014feature,
  title={Feature recognition from CNC part programs for milling operations},
  author={Zhang, Xianzhi and Nassehi, Aydin and Newman, Stephen T},
  journal={The International Journal of Advanced Manufacturing Technology},
  volume={70},
  pages={397--412},
  year={2014},
  publisher={Springer}
}

@article{tang2014algorithms,
  title={Algorithms for collision detection and avoidance for five-axis NC machining: a state of the art review},
  author={Tang, Tran Duc},
  journal={Computer-Aided Design},
  volume={51},
  pages={1--17},
  year={2014},
  publisher={Elsevier}
}

@article{t,
  title={Tool-path generation for five-axis machining of free-form surfaces based on accessibility analysis},
  author={Xu, XJ and Bradley, C and Zhang, YF and Loh, HT and Wong, YS},
  journal={International Journal of Production Research},
  volume={40},
  number={14},
  pages={3253--3274},
  year={2002},
  publisher={Taylor \& Francis}
}

@article{luo2012chopper,
  title={Chopper: Partitioning models into 3D-printable parts},
  author={Luo, Linjie and Baran, Ilya and Rusinkiewicz, Szymon and Matusik, Wojciech},
  journal={ACM Transactions on Graphics (TOG)},
  volume={31},
  number={6},
  pages={1--9},
  year={2012},
  publisher={ACM New York, NY, USA}
}

@article{masood2000part,
  title={Part build orientations based on volumetric error in fused deposition modelling},
  author={Masood, Syed H and Rattanawong, Wuttinut and Iovenitti, Pio},
  journal={The International Journal of Advanced Manufacturing Technology},
  volume={16},
  number={3},
  pages={162--168},
  year={2000},
  publisher={Springer-Verlag London Ltd}
}

@article{alexander1998part,
  title={Part orientation and build cost determination in layered manufacturing},
  author={Alexander, Paul and Allen, Seth and Dutta, Debasish},
  journal={Computer-Aided Design},
  volume={30},
  number={5},
  pages={343--356},
  year={1998},
  publisher={Elsevier}
}

@article{thrimurthulu2004optimum,
  title={Optimum part deposition orientation in fused deposition modeling},
  author={Thrimurthulu, KPPM and Pandey, Pulak M and Reddy, N Venkata},
  journal={International Journal of Machine Tools and Manufacture},
  volume={44},
  number={6},
  pages={585--594},
  year={2004},
  publisher={Elsevier}
}

@article{canellidis2006pre,
  title={Pre-processing methodology for optimizing stereolithography apparatus build performance},
  author={Canellidis, Vassilios and Dedoussis, Vassilis and Mantzouratos, N and Sofianopoulou, Stella},
  journal={Computers in industry},
  volume={57},
  number={5},
  pages={424--436},
  year={2006},
  publisher={Elsevier}
}

@article{smith2002optimal,
  title={Optimal slicing of free-form surfaces},
  author={Smith, Tait S and Farouki, Rida T and Al-Kandari, Mohammad and Pottmann, Helmut},
  journal={Computer Aided Geometric Design},
  volume={19},
  number={1},
  pages={43--64},
  year={2002},
  publisher={Elsevier}
}

@article{alexa2017optimal,
  title={Optimal discrete slicing},
  author={Alexa, Marc and Hildebrand, Kristian and Lefebvre, Sylvain},
  journal={ACM Transactions on Graphics (TOG)},
  volume={36},
  number={1},
  pages={1--16},
  year={2017},
  publisher={ACM New York, NY, USA}
}

@article{ren2019thermo,
  title={Thermo-mechanical analyses for optimized path planning in laser aided additive manufacturing processes},
  author={Ren, K and Chew, Y and Fuh, JYH and Zhang, YF and Bi, GJ},
  journal={Materials \& Design},
  volume={162},
  pages={80--93},
  year={2019},
  publisher={Elsevier}
}

@article{tura2022characterization,
  title={Characterization and parametric optimization of additive manufacturing process for enhancing mechanical properties},
  author={Tura, Amanuel Diriba and Mamo, Hana Beyene},
  journal={Heliyon},
  volume={8},
  number={7},
  year={2022},
  publisher={Elsevier}
}

@article{delfs2016optimized,
  title={Optimized build orientation of additive manufactured parts for improved surface quality and build time},
  author={Delfs, Patrick and Tows, Marcel and Schmid, H-J},
  journal={Additive Manufacturing},
  volume={12},
  pages={314--320},
  year={2016},
  publisher={Elsevier}
}

@article{jin2017optimization,
  title={An optimization approach for path planning of high-quality and uniform additive manufacturing},
  author={Jin, Yuan and Du, Jianke and Ma, Zhiyong and Liu, Anbang and He, Yong},
  journal={The International Journal of Advanced Manufacturing Technology},
  volume={92},
  pages={651--662},
  year={2017},
  publisher={Springer}
}

@article{wang2002surface,
  title={Surface flattening based on energy model},
  author={Wang, Charlie CL and Smith, Shana SF and Yuen, Matthew MF},
  journal={Computer-Aided Design},
  volume={34},
  number={11},
  pages={823--833},
  year={2002},
  publisher={Elsevier}
}

@article{poranne2017autocuts,
  title={Autocuts: simultaneous distortion and cut optimization for UV mapping},
  author={Poranne, Roi and Tarini, Marco and Huber, Sandro and Panozzo, Daniele and Sorkine-Hornung, Olga},
  journal={ACM Transactions on Graphics (TOG)},
  volume={36},
  number={6},
  pages={1--11},
  year={2017},
  publisher={ACM New York, NY, USA}
}

@inproceedings{wolff2023designing,
  title={Designing personalized garments with body movement},
  author={Wolff, Katja and Herholz, Philipp and Ziegler, Verena and Link, Frauke and Br{\"u}gel, Nico and Sorkine-Hornung, Olga},
  booktitle={Computer Graphics Forum},
  volume={42},
  number={1},
  pages={180--194},
  year={2023},
  organization={Wiley Online Library}
}

@article{meng2012flexible,
  title={Flexible shape control for automatic resizing of apparel products},
  author={Meng, Yuwei and Wang, Charlie CL and Jin, Xiaogang},
  journal={Computer-aided design},
  volume={44},
  number={1},
  pages={68--76},
  year={2012},
  publisher={Elsevier}
}

@article{montes2020computational,
  title={Computational design of skintight clothing},
  author={Montes, Juan and Thomaszewski, Bernhard and Mudur, Sudhir and Popa, Tiberiu},
  journal={ACM Transactions on Graphics (TOG)},
  volume={39},
  number={4},
  pages={105--1},
  year={2020},
  publisher={ACM New York, NY, USA}
}

@article{kwok2015styling,
  title={Styling evolution for tight-fitting garments},
  author={Kwok, Tsz-Ho and Zhang, Yan-Qiu and Wang, Charlie CL and Liu, Yong-Jin and Tang, Kai},
  journal={IEEE transactions on visualization and computer graphics},
  volume={22},
  number={5},
  pages={1580--1591},
  year={2015},
  publisher={IEEE}
}

@article{pietroni2022computational,
  title={Computational pattern making from 3D garment models.},
  author={Pietroni, Nico and Dumery, Corentin and Falque, Raphael and Liu, Mark and Vidal-Calleja, Teresa A and Sorkine-Hornung, Olga},
  journal={ACM Trans. Graph.},
  volume={41},
  number={4},
  pages={157--1},
  year={2022}
}

@misc{Grand_View_Research_2024,
    url={https://www.grandviewresearch.com/industry-analysis/laminar-composites-market-report},
    journal={Grand View Research}, 
    publisher={Grand View Research}, 
    year={2024}} 

@article{shamir1987efficiency,
  title={The efficiency of the simplex method: a survey},
  author={Shamir, Ron},
  journal={Management science},
  volume={33},
  number={3},
  pages={301--334},
  year={1987},
  publisher={INFORMS}
}

@article{meister2020best,
  title={Best-first beam search},
  author={Meister, Clara and Vieira, Tim and Cotterell, Ryan},
  journal={Transactions of the Association for Computational Linguistics},
  volume={8},
  pages={795--809},
  year={2020},
  publisher={MIT Press One Rogers Street, Cambridge, MA 02142-1209, USA}
}

@book{strong2008fundamentals,
  title={Fundamentals of composites manufacturing: materials, methods and applications},
  author={Strong, A Brent},
  year={2008},
  publisher={Society of manufacturing engineers}
}

@article{pottmann1999approximation,
  title={Approximation algorithms for developable surfaces},
  author={Pottmann, Helmut and Wallner, Johannes},
  journal={Computer Aided Geometric Design},
  volume={16},
  number={6},
  pages={539--556},
  year={1999},
  publisher={Elsevier}
}

@article{elber19975,
  title={5-axis freeform surface milling using piecewise ruled surface approximation},
  author={Elber, Gershon and Fish, Russ},
  year={1997}
}

@inproceedings{subag2006piecewise,
  title={Piecewise developable surface approximation of general NURBS surfaces, with global error bounds},
  author={Subag, Jacob and Elber, Gershon},
  booktitle={International conference on geometric modeling and processing},
  pages={143--156},
  year={2006},
  organization={Springer}
}

@inproceedings{elber1993tool,
  title={Tool path generation for freeform surface models},
  author={Elber, Gershon and Cohen, Elaine},
  booktitle={Proceedings on the second ACM symposium on Solid modeling and applications},
  pages={419--428},
  year={1993}
}

@article{kim2015precise,
  title={Precise gouging-free tool orientations for 5-axis CNC machining},
  author={Kim, Yong-Joon and Elber, Gershon and Barto{\v{n}}, Michael and Pottmann, Helmut},
  journal={Computer-Aided Design},
  volume={58},
  pages={220--229},
  year={2015},
  publisher={Elsevier}
}

@article{bruno2009you,
  title={What you seam is what you get},
  author={Bruno, Vallet and L{\'e}vy, Bruno},
  year={2009}
}

@article{nee1986designing,
  title={Designing algorithm for nesting irregular shapes with and without boundary constraints},
  author={Nee, AYC and Seow, KW and Long, SL and Venkatesh, VC},
  journal={CIRP Annals},
  volume={35},
  number={1},
  pages={107--110},
  year={1986},
  publisher={Elsevier}
}

@book{megiddo1986complexity,
  title={On the complexity of linear programming},
  author={Megiddo, Nimrod and others},
  year={1986},
  publisher={Citeseer}
}

@article{mehdikhani2019voids,
  title={Voids in fiber-reinforced polymer composites: A review on their formation, characteristics, and effects on mechanical performance},
  author={Mehdikhani, Mahoor and Gorbatikh, Larissa and Verpoest, Ignaas and Lomov, Stepan V},
  journal={Journal of Composite Materials},
  volume={53},
  number={12},
  pages={1579--1669},
  year={2019},
  publisher={Sage Publications Sage UK: London, England}
}
@book{cormen2022introduction,
  title={Introduction to algorithms},
  author={Cormen, Thomas H and Leiserson, Charles E and Rivest, Ronald L and Stein, Clifford},
  year={2022},
  publisher={MIT press}
}

@book{ficken2015simplex,
  title={The simplex method of linear programming},
  author={Ficken, Frederick Arthur},
  year={2015},
  publisher={Courier Dover Publications}
}