@inproceedings{agostinelli-etal-2024-simul,
    title = "Simul-{LLM}: A Framework for Exploring High-Quality Simultaneous Translation with Large Language Models",
    author = "Agostinelli, Victor  and
      Wild, Max  and
      Raffel, Matthew  and
      Fuad, Kazi  and
      Chen, Lizhong",
    editor = "Ku, Lun-Wei  and
      Martins, Andre  and
      Srikumar, Vivek",
    booktitle = "Proceedings of the 62nd Annual Meeting of the Association for Computational Linguistics (Volume 1: Long Papers)",
    year = "2024",
    publisher = "Association for Computational Linguistics",
}

@article{bai2022training,
  title={Training a helpful and harmless assistant with reinforcement learning from human feedback},
  author={Bai, Yuntao and Jones, Andy and Ndousse, Kamal and Askell, Amanda and Chen, Anna and DasSarma, Nova and Drain, Dawn and Fort, Stanislav and Ganguli, Deep and Henighan, Tom and others},
  journal={arXiv preprint arXiv:2204.05862},
  year={2022}
}

@article{chen2020improving,
  title={Improving simultaneous translation by incorporating pseudo-references with fewer reorderings},
  author={Chen, Junkun and Zheng, Renjie and Kita, Atsuhito and Ma, Mingbo and Huang, Liang},
  journal={arXiv preprint arXiv:2010.11247},
  year={2020}
}

@article{elbayad2020efficient,
  title={Efficient wait-k models for simultaneous machine translation},
  author={Elbayad, Maha and Besacier, Laurent and Verbeek, Jakob},
  journal={arXiv preprint arXiv:2005.08595},
  year={2020}
}

@article{ethayarajh2024kto,
  title={Kto: Model alignment as prospect theoretic optimization},
  author={Ethayarajh, Kawin and Xu, Winnie and Muennighoff, Niklas and Jurafsky, Dan and Kiela, Douwe},
  journal={arXiv preprint arXiv:2402.01306},
  year={2024}
}

@article{guo2023simultaneous,
  title={Simultaneous machine translation with tailored reference},
  author={Guo, Shoutao and Zhang, Shaolei and Feng, Yang},
  journal={arXiv preprint arXiv:2310.13588},
  year={2023}
}

@article{he2024improving,
  title={Improving machine translation with human feedback: An exploration of quality estimation as a reward model},
  author={He, Zhiwei and Wang, Xing and Jiao, Wenxiang and Zhang, Zhuosheng and Wang, Rui and Shi, Shuming and Tu, Zhaopeng},
  journal={arXiv preprint arXiv:2401.12873},
  year={2024}
}

@inproceedings{liu2021cross,
  title={Cross attention augmented transducer networks for simultaneous translation},
  author={Liu, Dan and Du, Mengge and Li, Xiaoxi and Li, Ya and Chen, Enhong},
  booktitle={Proceedings of the 2021 Conference on Empirical Methods in Natural Language Processing},
  pages={39--55},
  year={2021}
}

@inproceedings{ma2019stacl,
  title={STACL: Simultaneous Translation with Implicit Anticipation and Controllable Latency using Prefix-to-Prefix Framework},
  author={Ma, Mingbo and Huang, Liang and Xiong, Hao and Zheng, Renjie and Liu, Kaibo and Zheng, Baigong and Zhang, Chuanqiang and He, Zhongjun and Liu, Hairong and Li, Xing and others},
  booktitle={Proceedings of the 57th Annual Meeting of the Association for Computational Linguistics},
  pages={3025--3036},
  year={2019}
}

@inproceedings{mamonotonic,
  title={Monotonic Multihead Attention},
  author={Ma, Xutai and Pino, Juan Miguel and Cross, James and Puzon, Liezl and Gu, Jiatao},
  booktitle={International Conference on Learning Representations},
  year={2020}
}

@article{ouyang2022training,
  title={Training language models to follow instructions with human feedback},
  author={Ouyang, Long and Wu, Jeffrey and Jiang, Xu and Almeida, Diogo and Wainwright, Carroll and Mishkin, Pamela and Zhang, Chong and Agarwal, Sandhini and Slama, Katarina and Ray, Alex and others},
  journal={Advances in neural information processing systems},
  volume={35},
  pages={27730--27744},
  year={2022}
}

@article{rafailov2024direct,
  title={Direct preference optimization: Your language model is secretly a reward model},
  author={Rafailov, Rafael and Sharma, Archit and Mitchell, Eric and Manning, Christopher D and Ermon, Stefano and Finn, Chelsea},
  journal={Advances in Neural Information Processing Systems},
  volume={36},
  year={2024}
}

@article{stiennon2020learning,
  title={Learning to summarize with human feedback},
  author={Stiennon, Nisan and Ouyang, Long and Wu, Jeffrey and Ziegler, Daniel and Lowe, Ryan and Voss, Chelsea and Radford, Alec and Amodei, Dario and Christiano, Paul F},
  journal={Advances in Neural Information Processing Systems},
  volume={33},
  pages={3008--3021},
  year={2020}
}

@inproceedings{wang2023better,
  title={Better simultaneous translation with monotonic knowledge distillation},
  author={Wang, Shushu and Wu, Jing and Fan, Kai and Luo, Wei and Xiao, Jun and Huang, Zhongqiang},
  booktitle={Proceedings of the 61st Annual Meeting of the Association for Computational Linguistics (Volume 1: Long Papers)},
  pages={2334--2349},
  year={2023}
}

@article{wang2023simultaneous,
  title={Simultaneous machine translation with large language models},
  author={Wang, Minghan and Zhao, Jinming and Vu, Thuy-Trang and Shiri, Fatemeh and Shareghi, Ehsan and Haffari, Gholamreza},
  journal={arXiv preprint arXiv:2309.06706},
  year={2023}
}

@article{wang2024conversational,
  title={Conversational simulmt: Efficient simultaneous translation with large language models},
  author={Wang, Minghan and Vu, Thuy-Trang and Shareghi, Ehsan and Haffari, Gholamreza},
  journal={arXiv preprint arXiv:2402.10552},
  year={2024}
}

@article{xu2024advancing,
  title={Advancing Translation Preference Modeling with RLHF: A Step Towards Cost-Effective Solution},
  author={Xu, Nuo and Zhao, Jun and Zu, Can and Gui, Tao and Zhang, Qi and Huang, Xuanjing},
  journal={arXiv preprint arXiv:2402.11525},
  year={2024}
}

@article{xu2024contrastive,
  title={Contrastive preference optimization: Pushing the boundaries of llm performance in machine translation},
  author={Xu, Haoran and Sharaf, Amr and Chen, Yunmo and Tan, Weiting and Shen, Lingfeng and Van Durme, Benjamin and Murray, Kenton and Kim, Young Jin},
  journal={arXiv preprint arXiv:2401.08417},
  year={2024}
}

@inproceedings{yu-etal-2024-self,
    title = "Self-Modifying State Modeling for Simultaneous Machine Translation",
    author = "Yu, Donglei  and
      Kang, Xiaomian  and
      Liu, Yuchen  and
      Zhou, Yu  and
      Zong, Chengqing",
    editor = "Ku, Lun-Wei  and
      Martins, Andre  and
      Srikumar, Vivek",
    booktitle = "Proceedings of the 62nd Annual Meeting of the Association for Computational Linguistics (Volume 1: Long Papers)",
    month = aug,
    year = "2024",
    pages = "9781--9795"
}

@article{yuan2023rrhf,
  title={Rrhf: Rank responses to align language models with human feedback without tears},
  author={Yuan, Zheng and Yuan, Hongyi and Tan, Chuanqi and Wang, Wei and Huang, Songfang and Huang, Fei},
  journal={arXiv preprint arXiv:2304.05302},
  year={2023}
}

@inproceedings{zhang-feng-2022-information,
    title = "Information-Transport-based Policy for Simultaneous Translation",
    author = "Zhang, Shaolei  and
      Feng, Yang",
    booktitle = "Proceedings of the 2022 Conference on Empirical Methods in Natural Language Processing",
    month = dec,
    year = "2022",
    address = "Abu Dhabi, United Arab Emirates",
    publisher = "Association for Computational Linguistics",
    url = "https://aclanthology.org/2022.emnlp-main.65",
    pages = "992--1013",
}

@article{zhang2023hidden,
  title={Hidden markov transformer for simultaneous machine translation},
  author={Zhang, Shaolei and Feng, Yang},
  journal={arXiv preprint arXiv:2303.00257},
  year={2023}
}

