@inproceedings{grissom2014don,
  title={Don’t until the final verb wait: Reinforcement learning for simultaneous machine translation},
  author={Grissom II, Alvin and He, He and Boyd-Graber, Jordan and Morgan, John and Daum{\'e} III, Hal},
  booktitle={Proceedings of the 2014 Conference on empirical methods in natural language processing (EMNLP)},
  pages={1342--1352},
  year={2014}
}
@inproceedings{gu2017learning,
  title={Learning to Translate in Real-time with Neural Machine Translation},
  author={Gu, Jiatao and Neubig, Graham and Cho, Kyunghyun and Li, Victor OK},
  booktitle={Proceedings of the 15th Conference of the European Chapter of the Association for Computational Linguistics: Volume 1, Long Papers},
  pages={1053--1062},
  year={2017}
}
@inproceedings{ma2019stacl,
  title={STACL: Simultaneous Translation with Implicit Anticipation and Controllable Latency using Prefix-to-Prefix Framework},
  author={Ma, Mingbo and Huang, Liang and Xiong, Hao and Zheng, Renjie and Liu, Kaibo and Zheng, Baigong and Zhang, Chuanqiang and He, Zhongjun and Liu, Hairong and Li, Xing and others},
  booktitle={Proceedings of the 57th Annual Meeting of the Association for Computational Linguistics},
  pages={3025--3036},
  year={2019}
}
@inproceedings{mamonotonic,
  title={Monotonic Multihead Attention},
  author={Ma, Xutai and Pino, Juan Miguel and Cross, James and Puzon, Liezl and Gu, Jiatao},
  booktitle={International Conference on Learning Representations},
  year={2020}
}
@inproceedings{zhang-feng-2022-information,
    title = "Information-Transport-based Policy for Simultaneous Translation",
    author = "Zhang, Shaolei  and
      Feng, Yang",
    booktitle = "Proceedings of the 2022 Conference on Empirical Methods in Natural Language Processing",
    month = dec,
    year = "2022",
    address = "Abu Dhabi, United Arab Emirates",
    publisher = "Association for Computational Linguistics",
    url = "https://aclanthology.org/2022.emnlp-main.65",
    pages = "992--1013",
}
@inproceedings{alinejad2021translation,
  title={Translation-based supervision for policy generation in simultaneous neural machine translation},
  author={Alinejad, Ashkan and Shavarani, Hassan S and Sarkar, Anoop},
  booktitle={Proceedings of the 2021 Conference on Empirical Methods in Natural Language Processing},
  pages={1734--1744},
  year={2021}
}
@article{kurz2001conference,
  title={Conference interpreting: Quality in the ears of the user},
  author={Kurz, Ingrid},
  journal={Meta},
  volume={46},
  number={2},
  pages={394--409},
  year={2001},
  publisher={{\'E}rudit}
}
@article{zwischenberger2010quality,
  title={Quality criteria in simultaneous interpreting: An international vs. a national view},
  author={Zwischenberger, Cornelia},
  year={2010},
  publisher={EUT Edizioni Universit{\`a} di Trieste}
}
@article{amini2013quality,
  title={Quality of interpreting from users’ perspectives},
  author={Amini, Mansour and Ibrahim-Gonz{\'a}lez, Noraini and Ayob, Leelany and Amini, Davoud},
  journal={International Journal of Language and Education},
  volume={2},
  number={1},
  pages={2013},
  year={2013}
}
@article{moser1996expectations,
  title={Expectations of users of conference interpretation},
  author={Moser, Peter},
  journal={Interpreting},
  volume={1},
  number={2},
  pages={145--178},
  year={1996},
  publisher={John Benjamins}
}
@inproceedings{sridhar2013corpus,
  title={Corpus analysis of simultaneous interpretation data for improving real time speech translation.},
  author={Sridhar, Vivek Kumar Rangarajan and Chen, John and Bangalore, Srinivas},
  booktitle={INTERSPEECH},
  pages={3468--3472},
  year={2013}
}
@article{dayter2020strategies,
  title={Strategies in a corpus of simultaneous interpreting. Effects of directionality, phraseological richness, and position in speech event},
  author={Dayter, Daria},
  journal={Meta},
  volume={65},
  number={3},
  pages={594--617},
  year={2020},
  publisher={{\'E}rudit}
}
@article{chen2020improving,
  title={Improving simultaneous translation by incorporating pseudo-references with fewer reorderings},
  author={Chen, Junkun and Zheng, Renjie and Kita, Atsuhito and Ma, Mingbo and Huang, Liang},
  journal={arXiv preprint arXiv:2010.11247},
  year={2020}
}
@article{guo2023simultaneous,
  title={Simultaneous machine translation with tailored reference},
  author={Guo, Shoutao and Zhang, Shaolei and Feng, Yang},
  journal={arXiv preprint arXiv:2310.13588},
  year={2023}
}
@article{rafailov2024direct,
  title={Direct preference optimization: Your language model is secretly a reward model},
  author={Rafailov, Rafael and Sharma, Archit and Mitchell, Eric and Manning, Christopher D and Ermon, Stefano and Finn, Chelsea},
  journal={Advances in Neural Information Processing Systems},
  volume={36},
  year={2024}
}
@article{xu2024contrastive,
  title={Contrastive preference optimization: Pushing the boundaries of llm performance in machine translation},
  author={Xu, Haoran and Sharaf, Amr and Chen, Yunmo and Tan, Weiting and Shen, Lingfeng and Van Durme, Benjamin and Murray, Kenton and Kim, Young Jin},
  journal={arXiv preprint arXiv:2401.08417},
  year={2024}
}
@article{ethayarajh2024kto,
  title={Kto: Model alignment as prospect theoretic optimization},
  author={Ethayarajh, Kawin and Xu, Winnie and Muennighoff, Niklas and Jurafsky, Dan and Kiela, Douwe},
  journal={arXiv preprint arXiv:2402.01306},
  year={2024}
}
@article{elbayad2020efficient,
  title={Efficient wait-k models for simultaneous machine translation},
  author={Elbayad, Maha and Besacier, Laurent and Verbeek, Jakob},
  journal={arXiv preprint arXiv:2005.08595},
  year={2020}
}
\@inproceedings{liu2021cross,
  title={Cross attention augmented transducer networks for simultaneous translation},
  author={Liu, Dan and Du, Mengge and Li, Xiaoxi and Li, Ya and Chen, Enhong},
  booktitle={Proceedings of the 2021 Conference on Empirical Methods in Natural Language Processing},
  pages={39--55},
  year={2021}
}
@article{zhang2023hidden,
  title={Hidden markov transformer for simultaneous machine translation},
  author={Zhang, Shaolei and Feng, Yang},
  journal={arXiv preprint arXiv:2303.00257},
  year={2023}
}
@inproceedings{yu-etal-2024-self,
    title = "Self-Modifying State Modeling for Simultaneous Machine Translation",
    author = "Yu, Donglei  and
      Kang, Xiaomian  and
      Liu, Yuchen  and
      Zhou, Yu  and
      Zong, Chengqing",
    editor = "Ku, Lun-Wei  and
      Martins, Andre  and
      Srikumar, Vivek",
    booktitle = "Proceedings of the 62nd Annual Meeting of the Association for Computational Linguistics (Volume 1: Long Papers)",
    month = aug,
    year = "2024",
    pages = "9781--9795"
}
@article{wang2023simultaneous,
  title={Simultaneous machine translation with large language models},
  author={Wang, Minghan and Zhao, Jinming and Vu, Thuy-Trang and Shiri, Fatemeh and Shareghi, Ehsan and Haffari, Gholamreza},
  journal={arXiv preprint arXiv:2309.06706},
  year={2023}
}
@article{wang2024conversational,
  title={Conversational simulmt: Efficient simultaneous translation with large language models},
  author={Wang, Minghan and Vu, Thuy-Trang and Shareghi, Ehsan and Haffari, Gholamreza},
  journal={arXiv preprint arXiv:2402.10552},
  year={2024}
}
@article{koshkin2024transllama,
  title={Transllama: Llm-based simultaneous translation system},
  author={Koshkin, Roman and Sudoh, Katsuhito and Nakamura, Satoshi},
  journal={arXiv preprint arXiv:2402.04636},
  year={2024}
}
@inproceedings{agostinelli-etal-2024-simul,
    title = "Simul-{LLM}: A Framework for Exploring High-Quality Simultaneous Translation with Large Language Models",
    author = "Agostinelli, Victor  and
      Wild, Max  and
      Raffel, Matthew  and
      Fuad, Kazi  and
      Chen, Lizhong",
    editor = "Ku, Lun-Wei  and
      Martins, Andre  and
      Srikumar, Vivek",
    booktitle = "Proceedings of the 62nd Annual Meeting of the Association for Computational Linguistics (Volume 1: Long Papers)",
    year = "2024",
    publisher = "Association for Computational Linguistics",
}
@inproceedings{wang2023better,
  title={Better simultaneous translation with monotonic knowledge distillation},
  author={Wang, Shushu and Wu, Jing and Fan, Kai and Luo, Wei and Xiao, Jun and Huang, Zhongqiang},
  booktitle={Proceedings of the 61st Annual Meeting of the Association for Computational Linguistics (Volume 1: Long Papers)},
  pages={2334--2349},
  year={2023}
}
@article{xu2024advancing,
  title={Advancing Translation Preference Modeling with RLHF: A Step Towards Cost-Effective Solution},
  author={Xu, Nuo and Zhao, Jun and Zu, Can and Gui, Tao and Zhang, Qi and Huang, Xuanjing},
  journal={arXiv preprint arXiv:2402.11525},
  year={2024}
}
@article{he2024improving,
  title={Improving machine translation with human feedback: An exploration of quality estimation as a reward model},
  author={He, Zhiwei and Wang, Xing and Jiao, Wenxiang and Zhang, Zhuosheng and Wang, Rui and Shi, Shuming and Tu, Zhaopeng},
  journal={arXiv preprint arXiv:2401.12873},
  year={2024}
}
@article{ouyang2022training,
  title={Training language models to follow instructions with human feedback},
  author={Ouyang, Long and Wu, Jeffrey and Jiang, Xu and Almeida, Diogo and Wainwright, Carroll and Mishkin, Pamela and Zhang, Chong and Agarwal, Sandhini and Slama, Katarina and Ray, Alex and others},
  journal={Advances in neural information processing systems},
  volume={35},
  pages={27730--27744},
  year={2022}
}
@article{bai2022training,
  title={Training a helpful and harmless assistant with reinforcement learning from human feedback},
  author={Bai, Yuntao and Jones, Andy and Ndousse, Kamal and Askell, Amanda and Chen, Anna and DasSarma, Nova and Drain, Dawn and Fort, Stanislav and Ganguli, Deep and Henighan, Tom and others},
  journal={arXiv preprint arXiv:2204.05862},
  year={2022}
}
@article{yuan2023rrhf,
  title={Rrhf: Rank responses to align language models with human feedback without tears},
  author={Yuan, Zheng and Yuan, Hongyi and Tan, Chuanqi and Wang, Wei and Huang, Songfang and Huang, Fei},
  journal={arXiv preprint arXiv:2304.05302},
  year={2023}
}
@article{bradley1952rank,
  title={Rank analysis of incomplete block designs: I. The method of paired comparisons},
  author={Bradley, Ralph Allan and Terry, Milton E},
  journal={Biometrika},
  volume={39},
  number={3/4},
  pages={324--345},
  year={1952},
  publisher={JSTOR}
}
@article{christiano2017deep,
  title={Deep reinforcement learning from human preferences},
  author={Christiano, Paul F and Leike, Jan and Brown, Tom and Martic, Miljan and Legg, Shane and Amodei, Dario},
  journal={Advances in neural information processing systems},
  volume={30},
  year={2017}
}
@article{stiennon2020learning,
  title={Learning to summarize with human feedback},
  author={Stiennon, Nisan and Ouyang, Long and Wu, Jeffrey and Ziegler, Daniel and Lowe, Ryan and Voss, Chelsea and Radford, Alec and Amodei, Dario and Christiano, Paul F},
  journal={Advances in Neural Information Processing Systems},
  volume={33},
  pages={3008--3021},
  year={2020}
}
@article{kim2023preference,
  title={Preference transformer: Modeling human preferences using transformers for rl},
  author={Kim, Changyeon and Park, Jongjin and Shin, Jinwoo and Lee, Honglak and Abbeel, Pieter and Lee, Kimin},
  journal={arXiv preprint arXiv:2303.00957},
  year={2023}
}
@article{arivazhagan2020re,
  title={Re-translation versus Streaming for Simultaneous Translation},
  author={Arivazhagan, Naveen and Cherry, Colin and Macherey, Wolfgang and Foster, George},
  journal={IWSLT 2020},
  pages={220},
  year={2020}
}
@article{post2018call,
  title={A Call for Clarity in Reporting BLEU Scores},
  author={Post, Matt},
  journal={WMT 2018},
  pages={186},
  year={2018}
}
@article{touvron2023llama,
  title={Llama 2: Open foundation and fine-tuned chat models},
  author={Touvron, Hugo and Martin, Louis and Stone, Kevin and Albert, Peter and Almahairi, Amjad and Babaei, Yasmine and Bashlykov, Nikolay and Batra, Soumya and Bhargava, Prajjwal and Bhosale, Shruti and others},
  journal={arXiv preprint arXiv:2307.09288},
  year={2023}
}
@article{achiam2023gpt,
  title={Gpt-4 technical report},
  author={Achiam, Josh and Adler, Steven and Agarwal, Sandhini and Ahmad, Lama and Akkaya, Ilge and Aleman, Florencia Leoni and Almeida, Diogo and Altenschmidt, Janko and Altman, Sam and Anadkat, Shyamal and others},
  journal={arXiv preprint arXiv:2303.08774},
  year={2023}
}
@inproceedings{papi2022over,
  title={Over-Generation Cannot Be Rewarded: Length-Adaptive Average Lagging for Simultaneous Speech Translation},
  author={Papi, Sara and Gaido, Marco and Negri, Matteo and Turchi, Marco},
  booktitle={Proceedings of the Third Workshop on Automatic Simultaneous Translation},
  pages={12--17},
  year={2022}
}
@inproceedings{miao2021generative,
  title={A generative framework for simultaneous machine translation},
  author={Miao, Yishu and Blunsom, Phil and Specia, Lucia},
  booktitle={Proceedings of the 2021 Conference on Empirical Methods in Natural Language Processing},
  pages={6697--6706},
  year={2021}
}
@article{yang2023impacts,
  title={Impacts of Directionality on Disfluency of English-Chinese Two-Way Sight Translation},
  author={Yang, Fan and Gao, Fen and Zhang, Kexin},
  journal={International Journal of Translation, Interpretation, and Applied Linguistics (IJTIAL)},
  volume={5},
  number={1},
  pages={1--15},
  year={2023},
  publisher={IGI Global}
}
@article{macias2006probing,
  title={Probing quality criteria in simultaneous interpreting: The role of silent pauses in fluency},
  author={Mac{\'\i}as, Macarena Pradas},
  journal={Interpreting},
  volume={8},
  number={1},
  pages={25--43},
  year={2006},
  publisher={John Benjamins}
}
@inproceedings{he2016interpretese,
  title={Interpretese vs. translationese: The uniqueness of human strategies in simultaneous interpretation},
  author={He, He and Boyd-Graber, Jordan and Daum{\'e} III, Hal},
  booktitle={Proceedings of the 2016 Conference of the North American Chapter of the Association for Computational Linguistics: Human Language Technologies},
  pages={971--976},
  year={2016}
}
@article{rennert2010impact,
  title={The impact of fluency on the subjective assessment of interpreting quality},
  author={Rennert, Sylvi},
  year={2010},
  publisher={EUT Edizioni Universit{\`a} di Trieste}
}
@article{cho2016can,
  title={Can neural machine translation do simultaneous translation?},
  author={Cho, K},
  journal={arXiv Preprint, CoRR, arXiv: abs/1606.02012},
  year={2016}
}
@inproceedings{ott2019fairseq,
  title = {fairseq: A Fast, Extensible Toolkit for Sequence Modeling},
  author = {Myle Ott and Sergey Edunov and Alexei Baevski and Angela Fan and Sam Gross and Nathan Ng and David Grangier and Michael Auli},
  booktitle = {Proceedings of NAACL-HLT 2019: Demonstrations},
  year = {2019},
}
@inproceedings{simuleval2020,
  title = {Simuleval: An evaluation toolkit for simultaneous translation},
  author = {Xutai Ma and Mohammad Javad Dousti and Changhan Wang and Jiatao Gu and Juan Pino},
  booktitle = {Proceedings of the EMNLP},
  year = {2020},
}
@inproceedings{dou2021word,
  title={Word Alignment by Fine-tuning Embeddings on Parallel Corpora},
  author={Dou, Zi-Yi and Neubig, Graham},
  booktitle={Conference of the European Chapter of the Association for Computational Linguistics (EACL)},
  year={2021}
}
@article{mannila1985measures,
  title={Measures of presortedness and optimal sorting algorithms},
  author={Mannila, Heikki},
  journal={IEEE transactions on computers},
  volume={100},
  number={4},
  pages={318--325},
  year={1985},
  publisher={IEEE}
}
@inproceedings{qi2020stanza,
    title={Stanza: A {Python} Natural Language Processing Toolkit for Many Human Languages},
    author={Qi, Peng and Zhang, Yuhao and Zhang, Yuhui and Bolton, Jason and Manning, Christopher D.},
    booktitle = "Proceedings of the 58th Annual Meeting of the Association for Computational Linguistics: System Demonstrations",
    year={2020}
}
@inproceedings{kocmi-etal-2022-findings,
    title = "Findings of the 2022 Conference on Machine Translation ({WMT}22)",
    author = "Kocmi, Tom  and
      Bawden, Rachel  and
      Bojar, Ond{\v{r}}ej  and
      Dvorkovich, Anton  and
      Federmann, Christian  and
      Fishel, Mark  and
      Gowda, Thamme  and
      Graham, Yvette  and
      Grundkiewicz, Roman  and
      Haddow, Barry  and
      Knowles, Rebecca  and
      Koehn, Philipp  and
      Monz, Christof  and
      Morishita, Makoto  and
      Nagata, Masaaki  and
      Nakazawa, Toshiaki  and
      Nov{\'a}k, Michal  and
      Popel, Martin  and
      Popovi{\'c}, Maja",
    editor = {Koehn, Philipp  and
      Barrault, Lo{\"\i}c  and
      Bojar, Ond{\v{r}}ej  and
      Bougares, Fethi  and
      Chatterjee, Rajen  and
      Costa-juss{\`a}, Marta R.  and
      Federmann, Christian  and
      Fishel, Mark  and
      Fraser, Alexander  and
      Freitag, Markus  and
      Graham, Yvette  and
      Grundkiewicz, Roman  and
      Guzman, Paco  and
      Haddow, Barry  and
      Huck, Matthias  and
      Jimeno Yepes, Antonio  and
      Kocmi, Tom  and
      Martins, Andr{\'e}  and
      Morishita, Makoto  and
      Monz, Christof  and
      Nagata, Masaaki  and
      Nakazawa, Toshiaki  and
      Negri, Matteo  and
      N{\'e}v{\'e}ol, Aur{\'e}lie  and
      Neves, Mariana  and
      Popel, Martin  and
      Turchi, Marco  and
      Zampieri, Marcos},
    booktitle = "Proceedings of the Seventh Conference on Machine Translation (WMT)",
    month = dec,
    year = "2022",
    address = "Abu Dhabi, United Arab Emirates (Hybrid)",
    publisher = "Association for Computational Linguistics",
    url = "https://aclanthology.org/2022.wmt-1.1",
    pages = "1--45",
}
@article{park2024disentangling,
  title={Disentangling length from quality in direct preference optimization},
  author={Park, Ryan and Rafailov, Rafael and Ermon, Stefano and Finn, Chelsea},
  journal={arXiv preprint arXiv:2403.19159},
  year={2024}
}
@article{chen2024livemind,
  title={LiveMind: Low-latency Large Language Models with Simultaneous Inference},
  author={Chen, Chuangtao and Zhang, Grace Li and Yin, Xunzhao and Zhuo, Cheng and Schlichtmann, Ulf and Li, Bing},
  journal={arXiv preprint arXiv:2406.14319},
  year={2024}
}