
@inproceedings{MPS23a,
	author = {T. Masa{\v r}{\'\i}k and G. Pierczy{\'n}ski and P. Skowron},
	booktitle = proc # {25th} # acmec,
	title = {A Generalised Theory of Proportionality in Collective Decision Making},
        pages={734--754},
	year = {2024}}


@inproceedings{elkind2024temporal,
  author       = {Edith Elkind and
                  Svetlana Obraztsova and
                  Nicholas Teh},
  title        = {Temporal Fairness in Multiwinner Voting},
booktitle = proc # {38th} # aaai,
    year      = {2024},
    pages     = {22633--22640},
}

@inproceedings{zech2024multiwinnerchange,
    author = {Valentin Zech and Niclas Boehmer and Edith Elkind and Nicholas Teh},
    title = {Multiwinner Temporal Voting with Aversion to Change},
    year = {2024},
    booktitle = proc # {27th} # ecai,
    pages        = {3236--3243},
}

@inproceedings{alouf2022better,
  title     = {Better Collective Decisions via Uncertainty Reduction},
  author    = {Alouf-Heffetz, Shiri and Bulteau, Laurent and Elkind, Edith and Talmon, Nimrod and Teh, Nicholas},
  booktitle = {Proceedings of the 31st International Joint Conference on
               Artificial Intelligence (IJCAI)},
  pages     = {24--30},
  year      = {2022}
}

@inproceedings{elkind2024temporalelections,
    author = {Edith Elkind and Tzeh Yuan Neoh and Nicholas Teh},
    title = {Temporal Elections: Welfare, Strategyproofness, and Proportionality},
    year = {2024},
    booktitle = proc # {27th} # ecai,
    pages = {3292--3299},
}


@inproceedings{chandak23,
    author      = {Nikhil Chandak and Shashwat Goel and Dominik Peters},
    title       = {Proportional Aggregation of Preferences
for Sequential Decision Making},
    booktitle = proc # {38th} # aaai,
    year      = {2024},
    pages = {9573-9581},
}

@book{schrijver,
  title={Combinatorial Optimization: Polyhedra and Efficiency},
  author={Schrijver, Alexander},
  year={2003},
  publisher={Springer}
}

@article{frances2007code,
  title={On Covering Problems of Codes},
  author={Moti Frances and Ami Litman},
  journal={Theory of Computing Systems},
  year={2007},
  volume={30},
  pages={113--119}
}

@article{edmonds2007blossom, 
    title={Paths, Trees, and Flowers}, 
    volume={17}, 
    journal={Canadian Journal of Mathematics}, 
    publisher={Cambridge University Press}, 
    author={Edmonds, Jack}, 
    year={1965}, 
    pages={449--467}
}

@article{lanctot2003string, 
    title={Distinguishing String Selection Problems}, 
    volume={185}, 
    number={1},
    journal={Information and Computation}, 
    author={Kevin Lanctot and Ming Li and Bin Ma and Shaojiu Wang and Louxin Zhang}, 
    year={2003}, 
    pages={41--55}
}

@inproceedings{elkind2020friends,
  title     = {Keeping Your Friends Close: Land Allocation with Friends},
  author    = {Elkind, Edith and Patel, Neel and Tsang, Alan and Zick, Yair},
  booktitle = proc # {29th} # ijcai,
  pages     = {318--324},
  year      = {2020},
}

@inproceedings{lackner2021longtermpb,
  author={Martin Lackner and Jan Maly and Simon Rey},
  title     = {Fairness in Long-Term Participatory Budgeting},
  booktitle = proc # {30th} # ijcai,
  pages     = {299--305},
  year      = {2021},
}

@inproceedings{lackner2020perpetual,
  author    = {Martin Lackner},
  title     = {Perpetual Voting: {F}airness in Long-Term Decision Making},
  booktitle = proc # {34th} # aaai,
  year      = {2020},
  pages     = {2103--2110},
}

@inproceedings{sf2017pjr,
  author    = {S\'{a}nchez-Fern\'{a}ndez, Luis and Elkind, Edith and Lackner, Martin and Fern\'{a}ndez, Norberto and Fisteus, Jes\'{u}s and Basanta Val, Pablo and Skowron, Piotr},
  title     = {Proportional Justified Representation},
  booktitle = proc # {31st} # aaai,
  year      = {2017},
  pages     = {670--676},
}

@inproceedings{aziz2018complexityepjr,
  author    = {Aziz, Haris and Elkind, Edith and Huang, Shenwei and Lackner, Martin and S\'{a}nchez-Fern\'{a}ndez, Luis and Skowron, Piotr},
  title     = {On the Complexity of Extended and Proportional Justified Representation},
  booktitle = proc # {32nd} # aaai,
  year      = {2018},
  pages     = {902--909},
}

@inproceedings{aziz2015jr,
    author = {Aziz, Haris and Brill, Markus and Conitzer, Vincent and Elkind, Edith and Freeman, Rupert and Walsh, Toby},
    title = {Justified Representation in Approval-Based Committee Voting},
    year = {2015},
    booktitle = proc # {29th} # aaai, 
    pages = {784--790}
}
@book{cygan2015parameterized,
  title={Parameterized algorithms},
  author={Cygan, Marek and Fomin, Fedor V and Kowalik, {\L}ukasz and Lokshtanov, Daniel and Marx, D{\'a}niel and Pilipczuk, Marcin and Pilipczuk, Micha{\l} and Saurabh, Saket},
  volume={5},
  number={4},
  year={2015},
  publisher={Springer}
}
@inproceedings{conitzerF0V19,
  author    = {Vincent Conitzer and
               Rupert Freeman and
               Nisarg Shah and
               Jennifer Wortman Vaughan},
  title     = {Group Fairness for the Allocation of Indivisible Goods},
  booktitle = proc # {33rd} # aaai, 
  pages     = {1853--1860},
  year      = {2019},
}

@inproceedings{scarlett2021fairness,
    author="Jonathan Scarlett and Nicholas Teh and Yair Zick",
    title="For One and All: Individual and Group Fairness in the Allocation of Indivisible Goods",
    booktitle= proc # {8th} # comsoc,
    year="2021"
}

@article{suksompong2022mwnw,
    title = {On Maximum Weighted {N}ash Welfare for Binary Valuations},
    journal = {Mathematical Social Sciences},
    year = {2022},
    volume = {117},
    pages = {101--108},
    author = {Warut Suksompong and Nicholas Teh},
}

@inproceedings{schaefer1978sat,
    author = {Schaefer, Thomas J.},
    title = {The Complexity of Satisfiability Problems},
    year = {1978},
    booktitle = proc # {10th} # stoc,
    pages = {216--226},
}

@inproceedings{freeman2017dynamic,
    author = {Freeman, Rupert and Zahedi, Seyed Majid and Conitzer, Vincent},
    title = {Fair and Efficient Social Choice in Dynamic Settings},
    year = {2017},
    booktitle = proc # {26th} # ijcai,
    pages = {4580--4587}
}

@article{freeman2018dynamicproportional,
    author = {Freeman, Rupert and Zahedi, Seyed Majid and Conitzer, Vincent and Lee, Benjamin C.},
    title = {Dynamic Proportional Sharing: A Game-Theoretic Approach},
    year = {2018},
    volume = {2},
    number = {1},
    journal = {Proceedings of the ACM on Measurement and Analysis of Computing Systems},
    articleno = {3},
    pages = {1--36}
}

@article{garey1976npcompletegraphs,
title = {Some simplified NP-complete graph problems},
journal = {Theoretical Computer Science},
volume = {1},
number = {3},
pages = {237-267},
year = {1976},
author = {Michael Randolph Garey and David Stifler Johnson and Larry Joseph Stockmeyer},}

@inproceedings{bampis2018fairtime,
    author = {Bampis, Evripidis and Escoffier, Bruno and Mladenovic, Sasa},
    title = {Fair Resource Allocation Over Time},
    year = {2018},
    booktitle = proc # {17th} # aamas,
    pages = {766--773},
}

@article{brill2024partyapportionment,
    author      = {Markus Brill and Paul GÃ¶lz and Dominik Peters and Ulrike Schmidt-Kraepelin and Kai Wilker},
    title       = {Approval-based apportionment},
    year        = {2024},
    journal     = {Mathematical Programming},
    volume      = {203},
    pages       = {77--105},
}

@InProceedings{delemazure2022spelection,
  author    = {Th\'eo Delemazure and Tom Demeulemeester and Manuel Eberl and Jonas Israel and Patrick Lederer},
  title     = {Strategyproofness and Proportionality in Party-Approval Multiwinner Elections},
  booktitle = proc # {37th} # aaai,
  year      = {2023},
  pages     = {5591--5599},
}

@article{lodi2022dynamichealthcare,
    author      = {Andrea Lodi and Philippe Olivier and Gilles Pesant and Sriram Sankaranarayanan},
    title       = {Fairness Over Time in Dynamic Resource Allocation with an Application in Healthcare},
    year        = {2022},
    journal     = {arXiv preprint arXiv:2101.03716},
    pages       = {},
}

@InProceedings{elkind2024temporalfairdivision,
  author    = {Edith Elkind and Alexander Lam and Mohamad Latifian and Tzeh Yuan Neoh and Nicholas Teh},
  title     = {Temporal Fair Division of Indivisible Items},
  booktitle = proc # {24th} # aamas,
  year      = {2025},
}


@article{perarnau2011rainbow,
    author      = {Perarnau, Guillem and Serra, Oriol},
    title       = {Rainbow Matchings: Existence and Counting},
    year        = {2011},
    journal     = {arXiv preprint arXiv:1104.2702},
    pages       = {},
}

@book{brams1996fairdivision,
    title={Fair Division: From Cake-Cutting to Dispute Resolution}, publisher={Cambridge University Press}, 
    author={Brams, Steven and Taylor, Alan}, 
    year={1996}
}

@book{motwani1995randomized,
  title={Randomized algorithms},
  author={Motwani, Rajeev and Raghavan, Prabhakar},
  year={1995},
  publisher={Cambridge university press}
}

@misc{ukgovt2022schoolmeals,
  title = {School meals -- Healthy Eating Standards},
  howpublished = {\url{https://www.gov.uk/school-meals-healthy-eating-standards}},
  note = {Accessed: 2022-05-15}
}

@misc{ukgovt2022standards,
  title = {Standards for School Food in England},
  howpublished = {\url{https://www.gov.uk/government/publications/standards-for-school-food-in-england}},
  note = {Accessed: 2022-05-15}
}

@article{zippel1990interpolating,
  title={Interpolating polynomials from their values},
  author={Zippel, Richard},
  journal={Journal of Symbolic Computation},
  volume={9},
  number={3},
  pages={375--403},
  year={1990},
  publisher={Elsevier}
}

@article{gasca2000polynomial,
  title={Polynomial interpolation in several variables},
  author={Gasca, Mariano and Sauer, Thomas},
  journal={Advances in Computational Mathematics},
  volume={12},
  number={4},
  pages={377--410},
  year={2000},
  publisher={Springer}
}

@article{schwarzenberg1995matrix,
  title={On matrix factorization and efficient least squares solution.},
  author={Schwarzenberg-Czerny, Alex},
  journal={Astronomy and Astrophysics Supplement Series},
  volume={110},
  pages={405},
  year={1995}
}
@article{bunch1974triangular,
  title={Triangular factorization and inversion by fast matrix multiplication},
  author={Bunch, James R and Hopcroft, John E},
  journal={Mathematics of Computation},
  volume={28},
  number={125},
  pages={231--236},
  year={1974}
}



@article{krom1967sat2-1,
author = {Krom, Melven},
title = {The Decision Problem for a Class of First-Order Formulas in Which all Disjunctions are Binary},
journal = {Mathematical Logic Quarterly},
volume = {13},
number = {1--2},
pages = {15--20},
year = {1967}
}

@article{aspvall1979sat2-2,
  title={A Linear-Time Algorithm for Testing the Truth of Certain Quantified Boolean Formulas},
  author={Bengt Aspvall and Michael Plass and Robert Tarjan},
  journal={Information Processing Letters},
  year={1979},
  volume={8},
  pages={121--123}
}

@inproceedings{even1975sat2-3,
  author={Even, Shimon and Itai, Alon and Shamir, Adi},
  booktitle= proc # {16th} # focs, 
  title={On the complexity of time table and multi-commodity flow problems}, 
  year={1975},
  pages={184-193},
}

@book{brandt2016handbook,
    author      = {Felix Brandt and Vincent Conitzer and Ulle Endriss and J\'{e}r\^{o}me Lang and Ariel Procaccia},
    title       = {Handbook of Computational Social Choice},
    year        = {2016},
    publisher   = {Cambridge University Press},
}

@article{aharoni2017conjecturerainbow,
  title={On a Conjecture of {S}tein},
  author={Ron Aharoni and Eli Berger and Dani Kotlar and Ran Ziv},
  journal={Abhandlungen aus dem Mathematischen Seminar der Universit\"{a}t Hamburg },
  year={2017},
  volume={87},
  pages={203--211}
}

@article{tutte1947factorization,
  title={The factorization of linear graphs},
  author={Tutte, William T},
  journal={Journal of the London Mathematical Society},
  volume={1},
  number={2},
  pages={107--111},
  year={1947},
  publisher={Wiley Online Library}
}

@article{cayley1849determinants,
  title={Sur les d{\'e}terminants gauches.(Suite du M{\'e}moire T. XXXII. p. 119).},
  journal={Band 38},
  author={Cayley, Arthur},
  year={1849},
  publisher={Walter de Gruyter, Berlin/New York Berlin, New York}
}

@article{farhadi19,
  author    = {Alireza Farhadi and
               Mohammad Ghodsi and
               Mohammad Taghi Hajiaghayi and
               S{\'{e}}bastien Lahaie and
               David M. Pennock and
               Masoud Seddighin and
               Saeed Seddighin and
               Hadi Yami},
  title     = {Fair Allocation of Indivisible Goods to Asymmetric Agents},
  journal   = {Journal of Artificial Intelligence Research},
  volume    = {64},
  pages     = {1--20},
  year      = {2019},
}

@article{ChakrabortyIgSu21,
  author    = {Mithun Chakraborty and Ayumi Igarashi and Warut Suksompong and Yair Zick},
  title     = {Weighted Envy-freeness in Indivisible Item Allocation},
  journal   = {ACM Transactions on Economics and Computation},
  volume     = {9},
  number     = {3},
  year = 2021,
  pages = {18:1--18:39}
}

%%%%%%%%%%%%%%%%%%%%%%%

@article{bulteau2021jrperpetual,
  title={Justified Representation for Perpetual Voting},
  author={Laurent Bulteau and Noam Hazon and Rutvik Page and Ariel Rosenfeld and Nimrod Talmon},
  journal={IEEE Access},
  year={2021},
  volume={9},
  pages={96598--96612}
}

@inproceedings{elkind2022temporalslot,
  title     = {Fairness in Temporal Slot Assignment},
  author    = {Edith Elkind and Sonja Kraiczy and Nicholas Teh},
  booktitle = proc # {15th} # sagt,
  pages     = {490--507},
  year      = {2022}
}


@inproceedings{bredereck2022committeechange,
  title     = {When Votes Change and Committees Should (Not)},
  author    = {Bredereck, Robert and Fluschnik, Till and Kaczmarczyk, Andrzej},
  booktitle = proc # {31st} # ijcai,
  pages     = {144--150},
  year      = {2022}
}

@inproceedings{bredereck2020successivecommittee,
  title     = {Electing Successive Committees: Complexity and Algorithms},
  author    = {Bredereck, Robert and Kaczmarczyk, Andrzej and Niedermeier, Rolf},
  booktitle = proc # {34th} # aaai,
  pages     = {1846--1853},
  year      = {2020}
}

@inproceedings{neoh2025strategicchores,
  title     = {Strategic Manipulation in Temporal Voting with Undesirable Candidates (Student Abstract)},
  author    = {Tzeh Yuan Neoh and Nicholas Teh},
  booktitle = proc # {39th} # aaai,
  year      = {2025}
}

@inproceedings{parkes2013dynamicsocialchoice,
  title     = {Dynamic Social Choice with Evolving Preferences},
  author    = {Parkes, David and Procaccia, Ariel},
  booktitle = proc # {27th} # aaai,
  pages     = {767--773},
  year      = {2013}
}

@inproceedings{freeman2017dynamicsocialchoice,
  author    = {Rupert Freeman and Seyed Majid Zahedi and Vincent Conitzer},
  title     = {Fair and Efficient Social Choice in Dynamic Settings},
  booktitle = proc # {26th} # ijcai,
  pages     = {4580--4587},
  year      = {2017}
}

@inproceedings{conitzer2017fairpublic,
  title     = {Fair Public Decision Making},
  author    = {Vincent Conitzer and Rupert Freeman and Nisarg Shah},
  booktitle = proc # {18th} # ec,
  pages     = {629--646},
  year      = {2017}
}

@inproceedings{Brill023,
  author       = {Markus Brill and
                  Jannik Peters},
  title        = {Robust and Verifiable Proportionality Axioms for Multiwinner Voting},
  booktitle    = proc # {24th} # ec,
  pages        = {301},
  year         = {2023},
}
@InProceedings{lackner2023proportionalPV,
  author    = {Martin Lackner and Jan Maly},
  title     = {Proportional Decisions in Perpetual Voting},
  booktitle = proc # {37th} # aaai,
  year      = {2023},
  pages     = {5722--5729},
}

@inproceedings{do2022onlinecommittee,
  title     = {Online Approval Committee Elections},
  author    = {Do, Virginie and Hervouin, Matthieu and Lang, J\'er\^ome and Skowron, Piotr},
  booktitle = proc # {31st} # ijcai,
  pages     = {251--257},
  year      = {2022}
}

@inproceedings{fain2018publicgoods,
    author = {Fain, Brandon and Munagala, Kamesh and Shah, Nisarg},
    title = {Fair Allocation of Indivisible Public Goods},
    year = {2018},
    booktitle = proc # {19th} # ec,
    pages = {575--592}
}

@inproceedings{wada2018dynamicfacility,
    author = {Wada, Yuho and Ono, Tomohiro and Todo, Taiki and Yokoo, Makoto},
    title = {Facility Location with Variable and Dynamic Populations},
    year = {2018},
    booktitle = proc # {17th} # aamas,
    pages = {336--344}
}

@inproceedings{xu2020activityscheduling,
    author = {Xu, Xinping and Li, Minming and Duan, Lingjie},
    title = {Strategyproof Mechanisms for Activity Scheduling},
    year = {2020},
    booktitle = proc # {19th} # aamas,
    pages = {1539--1547}
}

@inproceedings{israel2021dynamicproprankings,
  title     = {Dynamic Proportional Rankings},
  author    = {Israel, Jonas and Brill, Markus},
  booktitle = proc # {30th} # ijcai,
  pages     = {261--267},
  year      = {2021}
}

@inproceedings{patro2022virtualconf,
    author = {Patro, Gourab K. and Jana, Prithwish and Chakraborty, Abhijnan and Gummadi, Krishna P. and Ganguly, Niloy},
    title = {Scheduling Virtual Conferences Fairly: Achieving Equitable Participant and Speaker Satisfaction},
    year = {2022},
    booktitle = {Proceedings of the ACM Web Conference (WWW) 2022},
    pages = {2646--2656}
}

@inproceedings{allouah2023fairallocationtime,
author = {Allouah, Amine and Kroer, Christian and Zhang, Xuan and Avadhanula, Vashist and Bohanon, Nona and Dania, Anil and Gocmen, Caner and Pupyrev, Sergey and Shah, Parikshit and Stier-Moses, Nicolas and Taarup, Ken Rodr\'{\i}guez},
title = {Fair Allocation Over Time, with Applications to Content Moderation},
year = {2023},
booktitle = {Proceedings of the 29th ACM SIGKDD Conference on Knowledge Discovery and Data Mining (KDD)},
pages = {25--35}
}

@inproceedings{igarashi2023repeatedfairallocation,
    title      = {Repeated Fair Allocation of Indivisible Items},
    author       = {Ayumi Igarashi and Martin Lackner and Oliviero Nardi and Arianna Novaro},
    year        = {2024},
    booktitle     = {Proceedings of the 38th AAAI Conference on Artificial Intelligence (AAAI)},
    pages       = {9781--9789},
}

@inproceedings{lackner2023freeriding,
    author = {Martin Lackner and Jan Maly and Oliviero Nardi},
    title = {Free-Riding in Multi-Issue Decisions},
    year = {2023},
    booktitle = proc # {22nd} # aamas,
    pages = {2040--2048},
}

@book{lackner2022abc,
      title={Multi-Winner Voting with Approval Preferences}, 
      author={Martin Lackner and Piotr Skowron},
      year={2023},
      publisher={Springer}
}

@inproceedings{caragiannis2022metricmwv,
    author={Caragiannis, Ioannis and Shah, Nisarg and Voudouris, Alexandros},
    title={The Metric Distortion of Multiwinner Voting}, 
    year = {2022},
    booktitle = proc # {36th} # aaai,
    pages = {4900--4907}
}

@inproceedings{goel2018metricmwv,
    author = {Goel, Ashish and Hulett, Reyna and Krishnaswamy, Anilesh K.},
    title = {Relating Metric Distortion and Fairness of Social Choice Rules},
    year = {2018},
    booktitle = {Proceedings of the 13th Workshop on Economics of Networks, Systems and Computation (NetEcon)},
}

@inproceedings{chen2020metricmwv,
    author={Chen, Xujin and Li, Minming and Wang, Chenhao},
    title={Favorite-Candidate Voting for Eliminating the Least Popular Candidate in a Metric Space}, 
    year = {2020},
    booktitle = proc # {34th} # aaai,
    pages = {1894--1901}
}

@article{elkind2022portioning,
    author      = {Edith Elkind and Warut Suksompong and Nicholas Teh},
    title       = {Settling the Score: Portioning with Cardinal Preferences},
    year        = {2022},
    journal     = {Working Paper},
    pages       = {},
}

@article{suksompong2022weightednash,
  title={On Maximum Weighted {N}ash Welfare for Binary Valuations},
  author={Warut Suksompong and Nicholas Teh},
  journal={Mathematical Social Sciences},
  volume={117},
  pages={101--108},
  year={2022}
}

@article{montanari2022wefsubmodular,
    author      = {Luisa Montanari and Ulrike Schmidt-Kraepelin and Warut Suksompong and Nicholas Teh},
    title       = {Weighted Envy-Freeness for Submodular Valuations},
    year        = {2022},
    journal     = {arXiv preprint arXiv:2209.06437},
    pages       = {},
}

@inproceedings{chakraborty2020wef,
    author        = {Mithun Chakraborty and Ayumi Igarashi and Warut Suksompong and Yair Zick},
    title         = {Weighted Envy-Freeness in Indivisible Item Allocation},
    booktitle     = proc # {19th} # aamas,
    year          = {2020},
    pages         = {231--239}
}

@incollection{faliszewski2017mwv,
  title={Multiwinner Voting: A New Challenge for Social Choice Theory},
  author={Piotr Faliszewski and Piotr Skowron and Arkadii Slinko and Nimrod Talmon},
  booktitle={Trends in Computational Social Choice},
  chapter={2},
  pages={27--47},
  year={2017}
}

@article{aziz2020expanding,
  title={The expanding approvals rule: Improving proportional representation and monotonicity},
  author={Aziz, Haris and Lee, Barton E},
  journal={Social Choice and Welfare},
  volume={54},
  number={1},
  pages={1--45},
  year={2020},
  publisher={Springer}
}

@article{aziz2017jr,
  title={Justified Representation in Approval-Based Committee Voting},
  author={Haris Aziz and Markus Brill and Vincent Conitzer and Edith Elkind and Rupert Freeman and Toby Walsh},
  journal={Social Choice and Welfare},
  year={2017},
  volume={48},
  pages={461--485}
}

@article{brams2014sav,
  title={Satisfaction Approval Voting},
  author={Steven Brams and D. Marc Kilgour},
  journal={Voting Power and Procedures},
  year={2014},
  volume={127},
  pages={323--346}
}

@article{thiele1895pav,
  title={Om Flerfoldsvalg},
  author={Thorvald Thiele},
  journal={Oversigt Over Det Kongelige Danske Videnskabernes Selskabs Forhandlinger},
  year={1895},
  pages={415--441}
}

@article{chamberlin1983borda,
  title={Representative Deliberations and Representative Decisions: Proportional Representation and the Borda Rule},
  author={John Chamberlin and Paul Courant},
  journal={American Political Science Review},
  year={1983},
  volume={77},
  number={3},
  pages={718--733}
}

@article{fishburn1981majoritycom,
  title={Majority Committees},
  author={Peter Fishburn},
  journal={Journal of Economic Theory},
  year={1981},
  volume={25},
  number={2},
  pages={255--268}
}

@article{fishburn1981voting,
  title={An Analysis of Simple Voting Systems for Electing Committees},
  author={Peter Fishburn},
  journal={SIAM Journal on Applied Mathematics},
  year={1981},
  volume={41},
  number={3},
  pages={499--502}
}

@article{darmann2013condorcet,
    title = {How Hard is it to tell which is a Condorcet committee?},
    journal = {Mathematical Social Sciences},
    year = {2013},
    volume = {66},
    number = {3},
    pages = {282--292},
    author = {Andreas Darmann},
}

@InProceedings{skowron2022proppublic,
  author    = {Piotr Skowron and Adrian G\'{o}recki},
  title     = {Proportional Public Decisions},
  booktitle = proc # {36th} # aaai,
  year      = {2022},
  pages     = {5191--5198},
}

@article{skowron2016shortlist,
    title = {Finding a collective set of items: From proportional multirepresentation to group recommendation},
    journal = {Artificial Intelligence},
    volume = {241},
    pages = {191--216},
    year = {2016},
    author = {Piotr Skowron and Piotr Faliszewski and JÃ©rÃ´me Lang},
}

@inproceedings{lackner2021shortlisting,
    author = {Martin Lackner and Jan Maly},
    title = {Approval-Based Shortlisting},
    year = {2021},
    booktitle = proc # {20th} # aamas,
    pages = {737--745}
}

@InProceedings{bredereck2018diversity,
  author    = {Robert Bredereck and Piotr Faliszewski and Ayumi Igarashi and Martin Lackner and Piotr Skowron},
  title     = {Multiwinner Elections with Diversity Constraints},
  booktitle = proc # {32th} # aaai,
  year      = {2018},
  pages     = {933--940},
}

@inproceedings{relia2022diversity,
  title     = {DiRe Committee: Diversity and Representation Constraints in Multiwinner Elections},
  author    = {Relia, Kunal},
  booktitle = proc # {31st} # ijcai,
  pages     = {5143--5149},
  year      = {2022},
}


@inproceedings{celis2018fairness,
  title     = {Multiwinner Voting with Fairness Constraints},
  author    = {L. Elisa Celis and Lingxiao Huang and Nisheeth K. Vishnoi},
  booktitle = proc # {27th} # ijcai,
  pages     = {144--151},
  year      = {2018},
}

@Inbook{kilgour2010approval,
    author="Kilgour, D. Marc",
    title="Approval Balloting for Multi-winner Elections",
    bookTitle="Handbook on Approval Voting",
    year="2010",
    pages="105--124",
}

@article{elkind2017propertiesmwv,
  title={Properties of multiwinner voting rules},
  author={Edith Elkind and Piotr Faliszewski and Piotr Skowron and Arkadii Slinko},
  journal={Social Choice and Welfare},
  year={2017},
  volume={48},
  pages={599--632}
}

@inproceedings{peters2021fjr,
    author = {Peters, Dominik and Pierczy\'{n}ski, Grzegorz and Skowron, Piotr},
    booktitle = {Advances in Neural Information Processing Systems (NeurIPS)},
    pages = {12726--12737},
    title = {Proportional Participatory Budgeting with Additive Utilities},
    volume = {34},
    year = {2021}
}

@article{peeters,
title = {The maximum edge biclique problem is {NP}-complete},
journal = {Discrete Applied Mathematics},
volume = {131},
number = {3},
pages = {651--654},
year = {2003},
author = {Ren\'e Peeters},
}

@inproceedings{peters2020proportionality,
  title={Proportionality and the limits of welfarism},
  author={Peters, Dominik and Skowron, Piotr},
  booktitle={Proceedings of the 21st ACM Conference on Economics and Computation (EC)},
  pages={793--794},
  year={2020}
}

@article{page2021electing,
    author      = {Rutvik Page and Ehud Shapiro and Nimrod Talmon},
    title       = {Electing the Executive Branch},
    year        = {2022},
    journal     = {arXiv preprint arXiv:2009.09734},
    pages       = {},
}


@inproceedings{aziz2021pbordinal,
    author={Aziz, Haris and Lee, Barton}, 
    title={Proportionally Representative Participatory Budgeting with Ordinal Preferences}, 
  booktitle = proc # {35th} # aaai,
  year      = {2021},
  pages     = {5110--5118},
}

@inproceedings{bredereckF0N19,
  author       = {Robert Bredereck and
                  Piotr Faliszewski and
                  Andrzej Kaczmarczyk and
                  Rolf Niedermeier},
  title        = {An Experimental View on Committees Providing Justified Representation},
  booktitle    = proc # {28th} # ijcai, 
  pages        = {109--115},
  year         = {2019},
}

@article{lenstra1983integer,
  title={Integer programming with a fixed number of variables},
  author={Lenstra Jr, Hendrik W},
  journal={Mathematics of Operations Research},
  volume={8},
  number={4},
  pages={538--548},
  year={1983},
  publisher={INFORMS}
}