@inproceedings{accarcciccek2020filtering,
  title={Filtering noisy parallel corpus using transformers with proxy task learning},
  author={A{\c{c}}ar{\c{c}}i{\c{c}}ek, Haluk and {\c{C}}olako{\u{g}}lu, Talha and Hatipo{\u{g}}lu, P{\i}nar Ece Aktan and Huang, Chong Hsuan and Peng, Wei},
  booktitle={Proceedings of the Fifth Conference on Machine Translation},
  pages={940--946},
  year={2020}
}

@article{artetxe2019massively,
  title={Massively Multilingual Sentence Embeddings for Zero-Shot Cross-Lingual Transfer and Beyond},
  author={Artetxe, Mikel and Schwenk, Holger},
  journal={Transactions of the Association for Computational Linguistics},
  volume={7},
  pages={597--610},
  year={2019}
}

@inproceedings{bane2022comparison,
  title={A comparison of data filtering methods for neural machine translation},
  author={Bane, Fred and Uguet, Celia Soler and Stribi{\.z}ew, Wiktor and Zaretskaya, Anna},
  booktitle={Proceedings of the 15th Biennial Conference of the Association for Machine Translation in the Americas (Volume 2: Users and Providers Track and Government Track)},
  pages={313--325},
  year={2022}
}

@inproceedings{banon2020paracrawl,
  title={ParaCrawl: Web-Scale Acquisition of Parallel Corpora},
  author={Ba{\~n}{\'o}n, Marta and Chen, Pinzhen and Haddow, Barry and Heafield, Kenneth and Hoang, Hieu and Espl{\`a}-Gomis, Miquel and Forcada, Mikel L and Kamran, Amir and Kirefu, Faheem and Koehn, Philipp and others},
  booktitle={Proceedings of the 58th Annual Meeting of the Association for Computational Linguistics},
  pages={4555--4567},
  year={2020}
}

@article{chaudhary2019low,
  title={Low-Resource Corpus Filtering using Multilingual Sentence Embeddings},
  author={Chaudhary, Vishrav and Tang, Yuqing and Guzm{\'a}n, Francisco and Schwenk, Holger and Koehn, Philipp},
  journal={WMT 2019},
  pages={261},
  year={2019}
}

@article{costa2022nllb,
  title={No language left behind: Scaling human-centered machine translation},
  author={Costa-juss{\`a}, Marta R and Cross, James and {\c{C}}elebi, Onur and Elbayad, Maha and Heafield, Kenneth and Heffernan, Kevin and Kalbassi, Elahe and Lam, Janice and Licht, Daniel and Maillard, Jean and others},
  journal={arXiv preprint arXiv:2207.04672},
  year={2022}
}

@inproceedings{feng2022language,
  title={Language-agnostic BERT Sentence Embedding},
  author={Feng, Fangxiaoyu and Yang, Yinfei and Cer, Daniel and Arivazhagan, Naveen and Wang, Wei},
  booktitle={Proceedings of the 60th Annual Meeting of the Association for Computational Linguistics (Volume 1: Long Papers)},
  pages={878--891},
  year={2022}
}

@article{gala2023indictrans2,
  title={Indictrans2: Towards high-quality and accessible machine translation models for all 22 scheduled indian languages},
  author={Gala, Jay and Chitale, Pranjal A and AK, Raghavan and Gumma, Varun and Doddapaneni, Sumanth and Kumar, Aswanth and Nawale, Janki and Sujatha, Anupama and Puduppully, Ratish and Raghavan, Vivek and others},
  journal={arXiv preprint arXiv:2305.16307},
  year={2023}
}

@inproceedings{haddad2023proceedings,
  title={Proceedings of the Workshop on Computational Terminology in NLP and Translation Studies (ConTeNTS) Incorporating the 16th Workshop on Building and Using Comparable Corpora (BUCC)},
  author={Haddad, Amal Haddad and Terryn, Ayla Rigouts and Mitkov, Ruslan and Rapp, Reinhard and Zweigenbaum, Pierre and Sharoff, Serge},
  booktitle={Proceedings of the Workshop on Computational Terminology in NLP and Translation Studies (ConTeNTS) Incorporating the 16th Workshop on Building and Using Comparable Corpora (BUCC)},
  year={2023}
}

@inproceedings{herold2022detecting,
  title={Detecting various types of noise for neural machine translation},
  author={Herold, Christian and Rosendahl, Jan and Vanvinckenroye, Joris and Ney, Hermann},
  booktitle={Findings of the Association for Computational Linguistics: ACL 2022},
  pages={2542--2551},
  year={2022}
}

@inproceedings{junczys2018dual,
  title={Dual Conditional Cross-Entropy Filtering of Noisy Parallel Corpora},
  author={Junczys-Dowmunt, Marcin},
  booktitle={Proceedings of the Third Conference on Machine Translation: Shared Task Papers},
  pages={888--895},
  year={2018}
}

@inproceedings{khayrallah2018impact,
  title={On the Impact of Various Types of Noise on Neural Machine Translation},
  author={Khayrallah, Huda and Koehn, Philipp},
  booktitle={Proceedings of the 2nd Workshop on Neural Machine Translation and Generation},
  pages={74--83},
  year={2018}
}

@inproceedings{koehn2005europarl,
  title={Europarl: A parallel corpus for statistical machine translation},
  author={Koehn, Philipp},
  booktitle={Proceedings of machine translation summit x: papers},
  pages={79--86},
  year={2005}
}

@inproceedings{koehn2020findings,
  title={Findings of the WMT 2020 shared task on parallel corpus filtering and alignment},
  author={Koehn, Philipp and Chaudhary, Vishrav and El-Kishky, Ahmed and Goyal, Naman and Chen, Peng-Jen and Guzm{\'a}n, Francisco},
  booktitle={Proceedings of the Fifth Conference on Machine Translation},
  pages={726--742},
  year={2020}
}

@article{kreutzer2022quality,
  title={Quality at a Glance: An Audit of Web-Crawled Multilingual Datasets},
  author={Kreutzer, Julia and Caswell, Isaac and Wang, Lisa and Wahab, Ahsan and van Esch, Daan and Ulzii-Orshikh, Nasanbayar and Tapo, Allahsera Auguste and Subramani, Nishant and Sokolov, Artem and Sikasote, Claytone and others},
  journal={Transactions of the Association for Computational Linguistics},
  volume={10},
  pages={50--72},
  year={2022}
}

@inproceedings{lu2020alibaba,
  title={Alibaba submission to the WMT20 parallel corpus filtering task},
  author={Lu, Jun and Ge, Xin and Shi, Yangbin and Zhang, Yuqi},
  booktitle={Proceedings of the Fifth Conference on Machine Translation},
  pages={979--984},
  year={2020}
}

@inproceedings{minh2023fast,
  title={A fast method to filter noisy parallel data wmt2023 shared task on parallel data curation},
  author={Minh-Cong, Nguyen-Hoang and Van-Vinh, Nguyen and Le-Minh, Nguyen},
  booktitle={Proceedings of the Eighth Conference on Machine Translation},
  pages={359--365},
  year={2023}
}

@article{moon2023doubts,
  title={Doubts on the reliability of parallel corpus filtering},
  author={Moon, Hyeonseok and Park, Chanjun and Koo, Seonmin and Lee, Jungseob and Lee, Seungjun and Seo, Jaehyung and Eo, Sugyeong and Jang, Yoonna and Kim, Hyunjoong and Lee, Hyoung-gyu and others},
  journal={Expert Systems with Applications},
  volume={233},
  pages={120962},
  year={2023},
  publisher={Elsevier}
}

@inproceedings{ranathunga2024quality,
  title={Quality Does Matter: A Detailed Look at the Quality and Utility of Web-Mined Parallel Corpora},
  author={Ranathunga, Surangika and De Silva, Nisansa and Menan, Velayuthan and Fernando, Aloka and Rathnayake, Charitha},
  booktitle={Proceedings of the 18th Conference of the European Chapter of the Association for Computational Linguistics (Volume 1: Long Papers)},
  pages={860--880},
  year={2024}
}

@inproceedings{schwenk2021ccmatrix,
  title={CCMatrix: Mining Billions of High-Quality Parallel Sentences on the Web},
  author={Schwenk, Holger and Wenzek, Guillaume and Edunov, Sergey and Grave, {\'E}douard and Joulin, Armand and Fan, Angela},
  booktitle={Proceedings of the 59th Annual Meeting of the Association for Computational Linguistics and the 11th International Joint Conference on Natural Language Processing (Volume 1: Long Papers)},
  pages={6490--6500},
  year={2021}
}

@inproceedings{sloto2023findings,
  title={Findings of the WMT 2023 shared task on parallel data curation},
  author={Sloto, Steve and Thompson, Brian and Khayrallah, Huda and Domhan, Tobias and Gowda, Thamme and Koehn, Philipp},
  booktitle={Proceedings of the Eighth Conference on Machine Translation},
  pages={95--102},
  year={2023}
}

@inproceedings{steingrimsson2023filtering,
  title={Filtering matters: Experiments in filtering training sets for machine translation},
  author={Steingr{\'\i}msson, Stein{\th}{\'o}r and Loftsson, Hrafn and Way, Andy},
  booktitle={Proceedings of the 24th Nordic Conference on Computational Linguistics (NoDaLiDa)},
  pages={588--600},
  year={2023}
}

@inproceedings{steingrimsson2023sentence,
  title={A sentence alignment approach to document alignment and multi-faceted filtering for curating parallel sentence pairs from web-crawled data},
  author={Steingr{\'\i}msson, Stein{\th}{\'o}r},
  booktitle={Proceedings of the Eighth Conference on Machine Translation},
  pages={366--374},
  year={2023}
}

