%%============================================================
%%             Introduction
%%============================================================
@inproceedings{ranathunga2022some,
  title={Some Languages are More Equal than Others: Probing Deeper into the Linguistic Disparity in the NLP World},
  author={Ranathunga, Surangika and De Silva, Nisansa},
  booktitle={Proceedings of the 2nd Conference of the Asia-Pacific Chapter of the Association for Computational Linguistics and the 12th International Joint Conference on Natural Language Processing (Volume 1: Long Papers)},
  pages={823--848},
  year={2022}
}

@article{ranathunga2023neural,
  title={Neural machine translation for low-resource languages: A survey},
  author={Ranathunga, Surangika and Lee, En-Shiun Annie and Prifti Skenduli, Marjana and Shekhar, Ravi and Alam, Mehreen and Kaur, Rishemjit},
  journal={ACM Computing Surveys},
  volume={55},
  number={11},
  pages={1--37},
  year={2023},
  publisher={ACM New York, NY}
}

@article{haddow2022survey,
  title={Survey of Low-Resource Machine Translation},
  author={Haddow, Barry and Bawden, Rachel and Miceli-Barone, Antonio Valerio and Helcl, Jind{\v{r}}ich and Birch, Alexandra},
  journal={Computational Linguistics},
  volume={48},
  number={3},
  pages={673--732},
  year={2022}
}

@article{costa2022nllb,
  title={No language left behind: Scaling human-centered machine translation},
  author={Costa-juss{\`a}, Marta R and Cross, James and {\c{C}}elebi, Onur and Elbayad, Maha and Heafield, Kenneth and Heffernan, Kevin and Kalbassi, Elahe and Lam, Janice and Licht, Daniel and Maillard, Jean and others},
  journal={arXiv preprint arXiv:2207.04672},
  year={2022}
}

@article{gala2023indictrans2,
  title={Indictrans2: Towards high-quality and accessible machine translation models for all 22 scheduled indian languages},
  author={Gala, Jay and Chitale, Pranjal A and AK, Raghavan and Gumma, Varun and Doddapaneni, Sumanth and Kumar, Aswanth and Nawale, Janki and Sujatha, Anupama and Puduppully, Ratish and Raghavan, Vivek and others},
  journal={arXiv preprint arXiv:2305.16307},
  year={2023}
}

@inproceedings{zweigenbaum202417th,
  title={The 17th Workshop on Building and Using Comparable Corpora (BUCC)@ LREC-COLING-2024. Workshop Proceedings},
  author={Zweigenbaum, Pierre and Sharoff, Serge and Rapp, Reinhard},
  booktitle={17th Workshop on Building and Using Comparable Corpora (BUCC)},
  year={2024}
}

@proceedings{bucc-2024-building,
    title = "Proceedings of the 17th Workshop on Building and Using Comparable Corpora (BUCC) @ LREC-COLING 2024",
    editor = "Zweigenbaum, Pierre  and
      Rapp, Reinhard  and
      Sharoff, Serge",
    month = "may",
    year = "2024",
    address = "Torino, Italia",
    publisher = "ELRA and ICCL",
    url = "https://aclanthology.org/2024.bucc-1.0",
}

@article{kreutzer2022quality,
  title={Quality at a Glance: An Audit of Web-Crawled Multilingual Datasets},
  author={Kreutzer, Julia and Caswell, Isaac and Wang, Lisa and Wahab, Ahsan and van Esch, Daan and Ulzii-Orshikh, Nasanbayar and Tapo, Allahsera Auguste and Subramani, Nishant and Sokolov, Artem and Sikasote, Claytone and others},
  journal={Transactions of the Association for Computational Linguistics},
  volume={10},
  pages={50--72},
  year={2022}
}



@inproceedings{herold2022detecting,
  title={Detecting various types of noise for neural machine translation},
  author={Herold, Christian and Rosendahl, Jan and Vanvinckenroye, Joris and Ney, Hermann},
  booktitle={Findings of the Association for Computational Linguistics: ACL 2022},
  pages={2542--2551},
  year={2022}
}

@inproceedings{khayrallah2018impact,
  title={On the Impact of Various Types of Noise on Neural Machine Translation},
  author={Khayrallah, Huda and Koehn, Philipp},
  booktitle={Proceedings of the 2nd Workshop on Neural Machine Translation and Generation},
  pages={74--83},
  year={2018}
}

@inproceedings{bane2022comparison,
  title={A comparison of data filtering methods for neural machine translation},
  author={Bane, Fred and Uguet, Celia Soler and Stribi{\.z}ew, Wiktor and Zaretskaya, Anna},
  booktitle={Proceedings of the 15th Biennial Conference of the Association for Machine Translation in the Americas (Volume 2: Users and Providers Track and Government Track)},
  pages={313--325},
  year={2022}
}

@inproceedings{ranathunga2024quality,
  title={Quality Does Matter: A Detailed Look at the Quality and Utility of Web-Mined Parallel Corpora},
  author={Ranathunga, Surangika and De Silva, Nisansa and Menan, Velayuthan and Fernando, Aloka and Rathnayake, Charitha},
  booktitle={Proceedings of the 18th Conference of the European Chapter of the Association for Computational Linguistics (Volume 1: Long Papers)},
  pages={860--880},
  year={2024}
}

@article{moon2023doubts,
  title={Doubts on the reliability of parallel corpus filtering},
  author={Moon, Hyeonseok and Park, Chanjun and Koo, Seonmin and Lee, Jungseob and Lee, Seungjun and Seo, Jaehyung and Eo, Sugyeong and Jang, Yoonna and Kim, Hyunjoong and Lee, Hyoung-gyu and others},
  journal={Expert Systems with Applications},
  volume={233},
  pages={120962},
  year={2023},
  publisher={Elsevier}
}

@inproceedings{sloto2023findings,
  title={Findings of the WMT 2023 shared task on parallel data curation},
  author={Sloto, Steve and Thompson, Brian and Khayrallah, Huda and Domhan, Tobias and Gowda, Thamme and Koehn, Philipp},
  booktitle={Proceedings of the Eighth Conference on Machine Translation},
  pages={95--102},
  year={2023}
}

@inproceedings{koehn2020findings,
  title={Findings of the WMT 2020 shared task on parallel corpus filtering and alignment},
  author={Koehn, Philipp and Chaudhary, Vishrav and El-Kishky, Ahmed and Goyal, Naman and Chen, Peng-Jen and Guzm{\'a}n, Francisco},
  booktitle={Proceedings of the Fifth Conference on Machine Translation},
  pages={726--742},
  year={2020}
}

@inproceedings{steingrimsson2023sentence,
  title={A sentence alignment approach to document alignment and multi-faceted filtering for curating parallel sentence pairs from web-crawled data},
  author={Steingr{\'\i}msson, Stein{\th}{\'o}r},
  booktitle={Proceedings of the Eighth Conference on Machine Translation},
  pages={366--374},
  year={2023}
}

@inproceedings{minh2023fast,
  title={A fast method to filter noisy parallel data wmt2023 shared task on parallel data curation},
  author={Minh-Cong, Nguyen-Hoang and Van-Vinh, Nguyen and Le-Minh, Nguyen},
  booktitle={Proceedings of the Eighth Conference on Machine Translation},
  pages={359--365},
  year={2023}
}

@article{chaudhary2019low,
  title={Low-Resource Corpus Filtering using Multilingual Sentence Embeddings},
  author={Chaudhary, Vishrav and Tang, Yuqing and Guzm{\'a}n, Francisco and Schwenk, Holger and Koehn, Philipp},
  journal={WMT 2019},
  pages={261},
  year={2019}
}

@inproceedings{junczys2018dual,
  title={Dual Conditional Cross-Entropy Filtering of Noisy Parallel Corpora},
  author={Junczys-Dowmunt, Marcin},
  booktitle={Proceedings of the Third Conference on Machine Translation: Shared Task Papers},
  pages={888--895},
  year={2018}
}

@inproceedings{lu2020alibaba,
  title={Alibaba submission to the WMT20 parallel corpus filtering task},
  author={Lu, Jun and Ge, Xin and Shi, Yangbin and Zhang, Yuqi},
  booktitle={Proceedings of the Fifth Conference on Machine Translation},
  pages={979--984},
  year={2020}
}

@inproceedings{steingrimsson2023filtering,
  title={Filtering matters: Experiments in filtering training sets for machine translation},
  author={Steingr{\'\i}msson, Stein{\th}{\'o}r and Loftsson, Hrafn and Way, Andy},
  booktitle={Proceedings of the 24th Nordic Conference on Computational Linguistics (NoDaLiDa)},
  pages={588--600},
  year={2023}
}

@inproceedings{haddad2023proceedings,
  title={Proceedings of the Workshop on Computational Terminology in NLP and Translation Studies (ConTeNTS) Incorporating the 16th Workshop on Building and Using Comparable Corpora (BUCC)},
  author={Haddad, Amal Haddad and Terryn, Ayla Rigouts and Mitkov, Ruslan and Rapp, Reinhard and Zweigenbaum, Pierre and Sharoff, Serge},
  booktitle={Proceedings of the Workshop on Computational Terminology in NLP and Translation Studies (ConTeNTS) Incorporating the 16th Workshop on Building and Using Comparable Corpora (BUCC)},
  year={2023}
}

@inproceedings{aulamo2023unsupervised,
  title={Unsupervised Feature Selection for Effective Parallel Corpus Filtering},
  author={Aulamo, Mikko and De Gibert, Ona and Virpioja, Sami and Tiedemann, J{\"o}rg},
  booktitle={Proceedings of the 24th Annual Conference of the European Association for Machine Translation},
  pages={31--38},
  year={2023}
}

@inproceedings{joshi2020state,
  title={The State and Fate of Linguistic Diversity and Inclusion in the NLP World},
  author={Joshi, Pratik and Santy, Sebastin and Budhiraja, Amar and Bali, Kalika and Choudhury, Monojit},
  booktitle={Proceedings of the 58th Annual Meeting of the Association for Computational Linguistics},
  pages={6282--6293},
  year={2020}
}

@inproceedings{van2025quality,
  title={Quality Beyond A Glance: Revealing Large Quality Differences Between Web-Crawled Parallel Corpora},
  author={Van Noord, Rik and Espl{\`a}-Gomis, Miquel and Chichir{\u{a}}u, M{\u{a}}lina and Ram{\'\i}rez-S{\'a}nchez, Gema and Toral, Antonio},
  booktitle={Proceedings of the 31st International Conference on Computational Linguistics},
  pages={1824--1838},
  year={2025}
}

@inproceedings{heffernan2022bitext,
  title={Bitext Mining Using Distilled Sentence Representations for Low-Resource Languages},
  author={Heffernan, Kevin and {\c{C}}elebi, Onur and Schwenk, Holger},
  booktitle={Findings of the Association for Computational Linguistics: EMNLP 2022},
  pages={2101--2112},
  year={2022}
}

@inproceedings{conneau2020xlmr,
  title={Unsupervised Cross-lingual Representation Learning at Scale},
  author={Conneau, Alexis and Khandelwal, Kartikay and Goyal, Naman and Chaudhary, Vishrav and Wenzek, Guillaume and Guzm{\'a}n, Francisco and Grave, {\'E}douard and Ott, Myle and Zettlemoyer, Luke and Stoyanov, Veselin},
  booktitle={Proceedings of the 58th Annual Meeting of the Association for Computational Linguistics},
  pages={8440--8451},
  year={2020}
}

@inproceedings{feng2022language,
  title={Language-agnostic BERT Sentence Embedding},
  author={Feng, Fangxiaoyu and Yang, Yinfei and Cer, Daniel and Arivazhagan, Naveen and Wang, Wei},
  booktitle={Proceedings of the 60th Annual Meeting of the Association for Computational Linguistics (Volume 1: Long Papers)},
  pages={878--891},
  year={2022}
}

@inproceedings{banon2020paracrawl,
  title={ParaCrawl: Web-Scale Acquisition of Parallel Corpora},
  author={Ba{\~n}{\'o}n, Marta and Chen, Pinzhen and Haddow, Barry and Heafield, Kenneth and Hoang, Hieu and Espl{\`a}-Gomis, Miquel and Forcada, Mikel L and Kamran, Amir and Kirefu, Faheem and Koehn, Philipp and others},
  booktitle={Proceedings of the 58th Annual Meeting of the Association for Computational Linguistics},
  pages={4555--4567},
  year={2020}
}

@inproceedings{koehn2005europarl,
  title={Europarl: A parallel corpus for statistical machine translation},
  author={Koehn, Philipp},
  booktitle={Proceedings of machine translation summit x: papers},
  pages={79--86},
  year={2005}
}

@inproceedings{accarcciccek2020filtering,
  title={Filtering noisy parallel corpus using transformers with proxy task learning},
  author={A{\c{c}}ar{\c{c}}i{\c{c}}ek, Haluk and {\c{C}}olako{\u{g}}lu, Talha and Hatipo{\u{g}}lu, P{\i}nar Ece Aktan and Huang, Chong Hsuan and Peng, Wei},
  booktitle={Proceedings of the Fifth Conference on Machine Translation},
  pages={940--946},
  year={2020}
}

@article{artetxe2019massively,
  title={Massively Multilingual Sentence Embeddings for Zero-Shot Cross-Lingual Transfer and Beyond},
  author={Artetxe, Mikel and Schwenk, Holger},
  journal={Transactions of the Association for Computational Linguistics},
  volume={7},
  pages={597--610},
  year={2019}
}

@inproceedings{minh-cong-etal-2023-fast,
    title = "A Fast Method to Filter Noisy Parallel Data {WMT}2023 Shared Task on Parallel Data Curation",
    author = "Minh-Cong, Nguyen-Hoang  and
      Vinh, Nguyen Van  and
      Le-Minh, Nguyen",
    editor = "Koehn, Philipp  and
      Haddow, Barry  and
      Kocmi, Tom  and
      Monz, Christof",
    booktitle = "Proceedings of the Eighth Conference on Machine Translation",
    month = dec,
    year = "2023",
    address = "Singapore",
    publisher = "Association for Computational Linguistics",
    url = "https://aclanthology.org/2023.wmt-1.37",
    doi = "10.18653/v1/2023.wmt-1.37",
    pages = "359--365",
}

@inproceedings{devlin-etal-2019-bert,
    title = "{BERT}: Pre-training of Deep Bidirectional Transformers for Language Understanding",
    author = "Devlin, Jacob  and
      Chang, Ming-Wei  and
      Lee, Kenton  and
      Toutanova, Kristina",
    editor = "Burstein, Jill  and
      Doran, Christy  and
      Solorio, Thamar",
    booktitle = "Proceedings of the 2019 Conference of the North {A}merican Chapter of the Association for Computational Linguistics: Human Language Technologies, Volume 1 (Long and Short Papers)",
    month = jun,
    year = "2019",
    address = "Minneapolis, Minnesota",
    publisher = "Association for Computational Linguistics",
    url = "https://aclanthology.org/N19-1423",
    doi = "10.18653/v1/N19-1423",
    pages = "4171--4186",
}

@article{kreutzeretal2022quality,
    title = "Quality at a Glance: An Audit of Web-Crawled Multilingual Datasets",
    author = {Kreutzer, Julia  and
      Caswell, Isaac  and
      Wang, Lisa  and
      Wahab, Ahsan  and
      van Esch, Daan  and
      Ulzii-Orshikh, Nasanbayar  and
      Tapo, Allahsera  and
      Subramani, Nishant  and
      Sokolov, Artem  and
      Sikasote, Claytone  and
      Setyawan, Monang  and
      Sarin, Supheakmungkol  and
      Samb, Sokhar  and
      Sagot, Beno{\^\i}t  and
      Rivera, Clara  and
      Rios, Annette  and
      Papadimitriou, Isabel  and
      Osei, Salomey  and
      Suarez, Pedro Ortiz  and
      Orife, Iroro  and
      Ogueji, Kelechi  and
      Rubungo, Andre Niyongabo  and
      Nguyen, Toan Q.  and
      M{\"u}ller, Mathias  and
      M{\"u}ller, Andr{\'e}  and
      Muhammad, Shamsuddeen Hassan  and
      Muhammad, Nanda  and
      Mnyakeni, Ayanda  and
      Mirzakhalov, Jamshidbek  and
      Matangira, Tapiwanashe  and
      Leong, Colin  and
      Lawson, Nze  and
      Kudugunta, Sneha  and
      Jernite, Yacine  and
      Jenny, Mathias  and
      Firat, Orhan  and
      Dossou, Bonaventure F. P.  and
      Dlamini, Sakhile  and
      de Silva, Nisansa  and
      {\c{C}}abuk Ball{\i}, Sakine  and
      Biderman, Stella  and
      Battisti, Alessia  and
      Baruwa, Ahmed  and
      Bapna, Ankur  and
      Baljekar, Pallavi  and
      Azime, Israel Abebe  and
      Awokoya, Ayodele  and
      Ataman, Duygu  and
      Ahia, Orevaoghene  and
      Ahia, Oghenefego  and
      Agrawal, Sweta  and
      Adeyemi, Mofetoluwa},
    editor = "Roark, Brian  and
      Nenkova, Ani",
    journal = "Transactions of the Association for Computational Linguistics",
    volume = "10",
    year = "2022",
    address = "Cambridge, MA",
    publisher = "MIT Press",
    url = "https://aclanthology.org/2022.tacl-1.4",
    doi = "10.1162/tacl_a_00447",
    pages = "50--72"
}

@article{gale1994program,
  title={A program for aligning sentences in bilingual corpora},
  author={Gale, William A. and Church, Kenneth Ward and others},
  journal={Computational linguistics},
  volume={19},
  number={1},
  pages={75--102},
  year={1994}
}

@article{bala2023improving,
  title={Improving multilingual neural machine translation system for indic languages},
  author={Bala Das, Sudhansu and Biradar, Atharv and Kumar Mishra, Tapas and Kr. Patra, Bidyut},
  journal={ACM Transactions on Asian and Low-Resource Language Information Processing},
  volume={22},
  number={6},
  pages={1--24},
  year={2023},
  publisher={ACM New York, NY}
}

@article{gale1993program,
  title={A Program for Aligning Sentences in Bilingual Corpora},
  author={Gale, William A and Church, Kenneth},
  journal={Computational Linguistics},
  volume={19},
  number={1},
  pages={75--102},
  year={1993}
}


@inproceedings{zhang2020parallel,
  title={Parallel Corpus Filtering via Pre-trained Language Models},
  author={Zhang, Boliang and Nagesh, Ajay and Knight, Kevin},
  booktitle={Proceedings of the 58th Annual Meeting of the Association for Computational Linguistics},
  pages={8545--8554},
  year={2020}
}


@inproceedings{schwenk2021ccmatrix,
  title={CCMatrix: Mining Billions of High-Quality Parallel Sentences on the Web},
  author={Schwenk, Holger and Wenzek, Guillaume and Edunov, Sergey and Grave, {\'E}douard and Joulin, Armand and Fan, Angela},
  booktitle={Proceedings of the 59th Annual Meeting of the Association for Computational Linguistics and the 11th International Joint Conference on Natural Language Processing (Volume 1: Long Papers)},
  pages={6490--6500},
  year={2021}
}

@inproceedings{el2020ccaligned,
  title={CCAligned: A Massive Collection of Cross-Lingual Web-Document Pairs},
  author={El-Kishky, Ahmed and Chaudhary, Vishrav and Guzm{\'a}n, Francisco and Koehn, Philipp},
  booktitle={Proceedings of the 2020 Conference on Empirical Methods in Natural Language Processing (EMNLP)},
  pages={5960--5969},
  year={2020}
}

@inproceedings{ott2019fairseq,
  title = {fairseq: A Fast, Extensible Toolkit for Sequence Modeling},
  author = {Myle Ott and Sergey Edunov and Alexei Baevski and Angela Fan and Sam Gross and Nathan Ng and David Grangier and Michael Auli},
  booktitle = {Proceedings of NAACL-HLT 2019: Demonstrations},
  year = {2019},
  pages = "48--53"
}

@inproceedings{popovic2015chrf,
  title={chrF: character n-gram F-score for automatic MT evaluation},
  author={Popovi{\'c}, Maja},
  booktitle={Proceedings of the tenth workshop on statistical machine translation},
  pages={392--395},
  year={2015}
}

@inproceedings{popovic2017chrfpp,
  title={chrF++: words helping character n-grams},
  author={Popovi{\'c}, Maja},
  booktitle={Proceedings of the second conference on machine translation},
  pages={612--618},
  year={2017}
}

@inproceedings{papineni2002bleu,
  title={Bleu: a method for automatic evaluation of machine translation},
  author={Papineni, Kishore and Roukos, Salim and Ward, Todd and Zhu, Wei-Jing},
  booktitle={Proceedings of the 40th annual meeting of the Association for Computational Linguistics},
  pages={311--318},
  year={2002}
}

@inproceedings{post2018sacrebleu,
  title = "A Call for Clarity in Reporting {BLEU} Scores",
  author = "Post, Matt",
  booktitle = "Proceedings of the Third Conference on Machine Translation: Research Papers",
  month = oct,
  year = "2018",
  address = "Belgium, Brussels",
  publisher = "Association for Computational Linguistics",
  url = "https://www.aclweb.org/anthology/W18-6319",
  pages = "186--191",
}

@article{goyal2022flores,
  title={The Flores-101 evaluation benchmark for low-resource and multilingual machine translation},
  author={Goyal, Naman and Gao, Cynthia and Chaudhary, Vishrav and Chen, Peng-Jen and Wenzek, Guillaume and Ju, Da and Krishnan, Sanjana and Ranzato, Marc’Aurelio and Guzm{\'a}n, Francisco and Fan, Angela},
  journal={Transactions of the Association for Computational Linguistics},
  volume={10},
  pages={522--538},
  year={2022},
  publisher={MIT Press One Broadway, 12th Floor, Cambridge, Massachusetts 02142, USA~…}
}

@article{lison2016opensubtitles2016,
  title={Opensubtitles2016: Extracting large parallel corpora from movie and tv subtitles},
  author={Lison, Pierre and Tiedemann, J{\"o}rg},
  year={2016},
  publisher={European Language Resources Association}
}