@inproceedings{chen2022cross,
    title={Cross Aggregation Transformer for Image Restoration},
    author={Chen, Zheng and Zhang, Yulun and Gu, Jinjin and Zhang, Yongbing and Kong, Linghe and Yuan, Xin},
    booktitle={NeurIPS},
    year={2022}
}

@inproceedings{chen2023dual,
  title={Dual aggregation transformer for image super-resolution},
  author={Chen, Zheng and Zhang, Yulun and Gu, Jinjin and Kong, Linghe and Yang, Xiaokang and Yu, Fisher},
  booktitle={CVPR},
  year={2023}
}

@article{dong2016image,
  title={Image super-resolution using deep convolutional networks},
  author={Dong, Chao and Loy, Chen Change and He, Kaiming and Tang, Xiaoou},
  journal={TPAMI},
  year={2016}
}

@article{freund2018condition,
  title={Condition Number Analysis of Logistic Regression, and its Implications for Standard First-Order Solution Methods},
  author={Freund, Robert M. and Grigas,Paul and Mazumder, Rahul},
  journal={arXiv preprint arXiv:1810.08727},
  year={2018}
}

@inproceedings{li2023repq,
  title={Repq-vit: Scale reparameterization for post-training quantization of vision transformers},
  author={Li, Zhikai and Xiao, Junrui and Yang, Lianwei and Gu, Qingyi},
  booktitle={ICCV},
  year={2023}
}

@inproceedings{liang2021swinir,
  title={Swinir: Image restoration using swin transformer},
  author={Liang, Jingyun and Cao, Jiezhang and Sun, Guolei and Zhang, Kai and Van Gool, Luc and Timofte, Radu},
  booktitle={ICCVW},
  year={2021}
}

@inproceedings{lim2017enhanced,
  title={Enhanced deep residual networks for single image super-resolution},
  author={Lim, Bee and Son, Sanghyun and Kim, Heewon and Nah, Seungjun and Lee, Kyoung Mu},
  booktitle={CVPRW},
  year={2017}
}

@inproceedings{liu2023noisyquant,
  title={Noisyquant: Noisy bias-enhanced post-training activation quantization for vision transformers},
  author={Liu, Yijiang and Yang, Huanrui and Dong, Zhen and Keutzer, Kurt and Du, Li and Zhang, Shanghang},
  booktitle={CVPR},
  year={2023}
}

@article{liu20242dquant,
  title={2DQuant: Low-bit Post-Training Quantization for Image Super-Resolution},
  author={Liu, Kai and Qin, Haotong and Guo, Yong and Yuan, Xin and Kong, Linghe and Chen, Guihai and Zhang, Yulun},
  journal={NeurIPS},
  year={2024}
}

@article{neumann1947numerical,
  title={Numerical inverting matrices of high order},
  author={J. von Neumann and H.H. Goldstine},
  journal={Bulletin of the American Mathematical Society},
  year={1947}
}

@article{spencer2021condition,
  title={Condition number bounds for causal inference},
  author={Gordon , Spencer L. and Kumar, Vinayak M. and  Schulman, Leonard J. and Srivastava, Piyush},
  journal={PMLR},
  year={2021}
}

@article{turing1948rounding,
  title={Rounding-off errors in matrix processes},
  author={A.M. Turing},
  journal={The Quarterly Journal of Mechanics and Applied Mathematics},
  year={1948}
}

@article{xiao2018dynamical,
  title={Dynamical Isometry and a Mean Field Theory of CNNs: How to Train 10,000-Layer Vanilla Convolutional Neural Networks},
  author={Xiao, Lechao and Bahri, Yasaman and Sohl-Dickstein, Jascha and Schoenholz, Samuel S. and Pennington, Jeffrey},
  journal={ICML},
  year={2018}
}

@article{yuan2022ptq4vit,
    title={PTQ4ViT: Post-Training Quantization Framework for Vision Transformers},
    author={Yuan, Zhihang and Xue, Chenhao and Chen, Yiqi and Wu, Qiang and Sun, Guangyu},
    journal={ECCV},
    year={2022},
}

@inproceedings{zhang2018image,
  title={Image super-resolution using very deep residual channel attention networks},
  author={Zhang, Yulun and Li, Kunpeng and Li, Kai and Wang, Lichen and Zhong, Bineng and Fu, Yun},
  booktitle={ECCV},
  year={2018}
}

@inproceedings{zhang2018residual,
  title={Residual Dense Network for Image Super-Resolution},
  author={Zhang, Yulun and Tian, Yapeng and Kong, Yu and Zhong, Bineng and Fu, Yun},
  booktitle={CVPR},
  year={2018}
}

