@article{alaoui1997basic,
  title={Basic emotions evoked by odorants: comparison between autonomic responses and self-evaluation},
  author={Alaoui-Isma{\"\i}li, Ouafe and Robin, O and Rada, H and Dittmar, Andr{\'e} and Vernet-Maury, Evelyne},
  journal={Physiology \& behavior},
  volume={62},
  number={4},
  pages={713--720},
  year={1997},
  publisher={Elsevier},
  doi={https://doi.org/10.1016/S0031-9384(97)90016-0}
}

@article{dahlman2024vehicle,
  title={In-vehicle fragrance administration as a countermeasure for driver fatigue},
  author={Dahlman, Anna Sj{\"o}rs and Aust, Mikael Ljung and Mama, Yaniv and Hasson, Dan and Anund, Anna},
  journal={Accident Analysis \& Prevention},
  volume={195},
  pages={107429},
  year={2024},
  publisher={Elsevier},
  doi={https://doi.org/10.1016/j.aap.2023.107429}
}

@article{farrar2020clinical,
  title={Clinical aromatherapy},
  author={Farrar, Ashley J and Farrar, Francisca C},
  journal={The Nursing Clinics of North America},
  volume={55},
  number={4},
  pages={489},
  year={2020}
}

@article{guo2024could,
  title={Could music reduce driver fatigue? An investigation on music effects in various weather conditions},
  author={Guo, Haofei and Weng, Jinxian and Shi, Kun and Wang, Lei},
  journal={Journal of Transportation Safety \& Security},
  pages={1--22},
  year={2024},
  publisher={Taylor \& Francis},
  doi={https://doi.org/10.1080/19439962.2024.2415959}
}

@inproceedings{hassib2019detecting,
  title={Detecting and influencing driver emotions using psycho-physiological sensors and ambient light},
  author={Hassib, Mariam and Braun, Michael and Pfleging, Bastian and Alt, Florian},
  booktitle={IFIP Conference on Human-Computer Interaction},
  pages={721--742},
  year={2019},
  organization={Springer},
  doi={https://doi.org/10.1007/978-3-030-29381-9_43}
}

@article{jiang2024scented,
  title={Scented Solutions: Examining the Efficacy of Scent Interventions in Mitigating Driving Fatigue},
  author={Jiang, Xinyue and Muthusamy, Kanesan and Chen, Jian and Fang, Xueliang},
  journal={Sensors},
  volume={24},
  number={8},
  pages={2384},
  year={2024},
  publisher={MDPI},
  doi={https://doi.org/10.3390/s24082384}
}

@article{li2020traditional,
  title={Traditional Chinese medicine in depression treatment: from molecules to systems},
  author={Li, Chan and Huang, Junying and Cheng, Yung-Chi and Zhang, Yuan-Wei},
  journal={Frontiers in Pharmacology},
  volume={11},
  pages={586},
  year={2020},
  publisher={Frontiers Media SA},
  doi={https://doi.org/10.3389/fphar.2020.00586}
}

@article{li2021visual,
  title={Visual fatigue relief zone in an extra-long tunnel using virtual reality with wearable eeg-based devices},
  author={Li, Xiao-jun and Ling, Jia-xin and Shen, Yi},
  journal={Journal of Central South University},
  volume={28},
  number={12},
  pages={3871--3881},
  year={2021},
  publisher={Springer},
  doi={https://doi.org/10.1007/s11771-021-4882-8}
}

@article{mccaffrey2003qigong,
  title={Qigong practice: a pathway to health and healing},
  author={McCaffrey, Ruth and Fowler, Nancy L},
  journal={Holistic nursing practice},
  volume={17},
  number={2},
  pages={110--116},
  year={2003},
  publisher={LWW}
}

@article{orsini2024music,
  title={Music as a countermeasure to fatigue: a driving simulator study},
  author={Orsini, Federico and Baldassa, Andrea and Grassi, Massimo and Cellini, Nicola and Rossi, Riccardo},
  journal={Transportation research part F: traffic psychology and behaviour},
  volume={103},
  pages={290--305},
  year={2024},
  publisher={Elsevier},
  doi={https://doi.org/10.1016/j.trf.2024.04.016}
}

@article{qin2021characteristics,
  title={Characteristics of driver fatigue and fatigue-relieving effect of special light belt in extra-long highway tunnel: A real-road driving study},
  author={Qin, Pengcheng and Wang, Mingnian and Chen, Zhanwen and Yan, Guanfeng and Yan, Tao and Han, Changling and Bao, Yifan and Wang, Xu},
  journal={Tunnelling and Underground Space Technology},
  volume={114},
  pages={103990},
  year={2021},
  publisher={Elsevier},
  doi={https://doi.org/10.1016/j.tust.2021.103990}
}

@article{sun2022dissecting,
  title={Dissecting the molecular mechanisms underlying the antidepressant activities of herbal medicines through the comprehensive review of the recent literatures},
  author={Sun, Yilu and Zhao, Jia and Rong, Jianhui},
  journal={Frontiers in Psychiatry},
  volume={13},
  pages={1054726},
  year={2022},
  publisher={Frontiers Media SA},
  doi={https://doi.org/10.3389/fpsyt.2022.1054726}
}

@article{trumbo2017name,
  title={Name that tune: Mitigation of driver fatigue via a song naming game},
  author={Trumbo, Michael C and Jones, Aaron P and Robinson, Charles SH and Cole, Kerstan and Morrow, James D},
  journal={Accident Analysis \& Prevention},
  volume={108},
  pages={275--284},
  year={2017},
  publisher={Elsevier},
  doi={https://doi.org/10.1016/j.aap.2017.09.002}
}

@inproceedings{yoshida2011study,
  title={Study on Stimulation Effects for Driver Based on Fragrance Presentation},
  author={Yoshida, Mariko and Kato, Chie and Kawasumi, Mikiko and Yamasaki, Hatsuo and Yamamoto, Shin and Nakano, Tomoaki and Yamada, Muneo},
  booktitle={MVA},
  pages={332--335},
  year={2011}
}

@article{yunjun2013perfume,
  title={The Perfume Culture of China and Taiwan: A Personal Report. 1},
  author={Yunjun, Chen},
  journal={Journal of the Royal Asiatic Society},
  volume={23},
  number={1},
  pages={127--130},
  year={2013},
  publisher={Cambridge University Press},
  DOI={10.1017/S1356186313000059}
}

@article{zhang2019challenge,
  title={Challenge and prospect of traditional Chinese medicine in depression treatment},
  author={Zhang, Yuan-Wei and Cheng, Yung-Chi},
  journal={Frontiers in neuroscience},
  volume={13},
  pages={190},
  year={2019},
  publisher={Frontiers Media SA},
  doi={ https://doi.org/10.3389/fnins.2019.00190}
}

@article{zhou2021conceptualization,
  title={The conceptualization of emotions across cultures: a model based on interoceptive neuroscience},
  author={Zhou, Pin and Critchley, Hugo and Garfinkel, Sarah and Gao, Ya},
  journal={Neuroscience \& Biobehavioral Reviews},
  volume={125},
  pages={314--327},
  year={2021},
  publisher={Elsevier},
  doi={https://doi.org/10.1016/j.neubiorev.2021.02.023.}
}

