


%Entries

@article{zhang2016traffic,
  title={Traffic accidents involving fatigue driving and their extent of casualties},
  author={Zhang, Guangnan and Yau, Kelvin KW and Zhang, Xun and Li, Yanyan},
  journal={Accident Analysis \& Prevention},
  volume={87},
  pages={34--42},
  year={2016},
  publisher={Elsevier},
  doi={https://doi.org/10.1016/j.aap.2015.10.033}
}

@article{alaoui1997basic,
  title={Basic emotions evoked by odorants: comparison between autonomic responses and self-evaluation},
  author={Alaoui-Isma{\"\i}li, Ouafe and Robin, O and Rada, H and Dittmar, Andr{\'e} and Vernet-Maury, Evelyne},
  journal={Physiology \& behavior},
  volume={62},
  number={4},
  pages={713--720},
  year={1997},
  publisher={Elsevier},
  doi={https://doi.org/10.1016/S0031-9384(97)90016-0}
}
@article{mccaffrey2003qigong,
  title={Qigong practice: a pathway to health and healing},
  author={McCaffrey, Ruth and Fowler, Nancy L},
  journal={Holistic nursing practice},
  volume={17},
  number={2},
  pages={110--116},
  year={2003},
  publisher={LWW}
}

@article{jamson2013behavioural,
  title={Behavioural changes in drivers experiencing highly-automated vehicle control in varying traffic conditions},
  author={Jamson, A Hamish and Merat, Natasha and Carsten, Oliver MJ and Lai, Frank CH},
  journal={Transportation research part C: emerging technologies},
  volume={30},
  pages={116--125},
  year={2013},
  publisher={Elsevier},
  doi = {https://doi.org/10.1016/j.trc.2013.02.008}
}
@article{guo2024could,
  title={Could music reduce driver fatigue? An investigation on music effects in various weather conditions},
  author={Guo, Haofei and Weng, Jinxian and Shi, Kun and Wang, Lei},
  journal={Journal of Transportation Safety \& Security},
  pages={1--22},
  year={2024},
  publisher={Taylor \& Francis},
  doi={https://doi.org/10.1080/19439962.2024.2415959}
}

@article{li2024review,
  title={Review and Perspectives on Human Emotion for Connected Automated Vehicles},
  author={Li, Wenbo and Li, Guofa and Tan, Ruichen and Wang, Cong and Sun, Zemin and Li, Ying and Guo, Gang and Cao, Dongpu and Li, Keqiang},
  journal={Automotive Innovation},
  volume={7},
  number={1},
  pages={4--44},
  year={2024},
  publisher={Springer},
  doi={https://doi.org/10.1007/s42154-023-00270-z}
}

@article{orsini2024music,
  title={Music as a countermeasure to fatigue: a driving simulator study},
  author={Orsini, Federico and Baldassa, Andrea and Grassi, Massimo and Cellini, Nicola and Rossi, Riccardo},
  journal={Transportation research part F: traffic psychology and behaviour},
  volume={103},
  pages={290--305},
  year={2024},
  publisher={Elsevier},
  doi={https://doi.org/10.1016/j.trf.2024.04.016}
}

@article{trumbo2017name,
  title={Name that tune: Mitigation of driver fatigue via a song naming game},
  author={Trumbo, Michael C and Jones, Aaron P and Robinson, Charles SH and Cole, Kerstan and Morrow, James D},
  journal={Accident Analysis \& Prevention},
  volume={108},
  pages={275--284},
  year={2017},
  publisher={Elsevier},
  doi={https://doi.org/10.1016/j.aap.2017.09.002}
}

@article{dahlman2024vehicle,
  title={In-vehicle fragrance administration as a countermeasure for driver fatigue},
  author={Dahlman, Anna Sj{\"o}rs and Aust, Mikael Ljung and Mama, Yaniv and Hasson, Dan and Anund, Anna},
  journal={Accident Analysis \& Prevention},
  volume={195},
  pages={107429},
  year={2024},
  publisher={Elsevier},
  doi={https://doi.org/10.1016/j.aap.2023.107429}
}

@inproceedings{jiang2023study,
  title={Study on Peppermint Scent Interventions for Fatigue Driving},
  author={Jiang, Xinyue and Muthusamy, Kanesan and Ainarappan, Nagesparan},
  booktitle={2023 IEEE European Technology and Engineering Management Summit (E-TEMS)},
  pages={80--84},
  year={2023},
  organization={IEEE},
  doi={10.1109/E-TEMS57541.2023.10424578}}
}

@article{li2021visual,
  title={Visual fatigue relief zone in an extra-long tunnel using virtual reality with wearable eeg-based devices},
  author={Li, Xiao-jun and Ling, Jia-xin and Shen, Yi},
  journal={Journal of Central South University},
  volume={28},
  number={12},
  pages={3871--3881},
  year={2021},
  publisher={Springer},
  doi={https://doi.org/10.1007/s11771-021-4882-8}
}

@article{qin2021characteristics,
  title={Characteristics of driver fatigue and fatigue-relieving effect of special light belt in extra-long highway tunnel: A real-road driving study},
  author={Qin, Pengcheng and Wang, Mingnian and Chen, Zhanwen and Yan, Guanfeng and Yan, Tao and Han, Changling and Bao, Yifan and Wang, Xu},
  journal={Tunnelling and Underground Space Technology},
  volume={114},
  pages={103990},
  year={2021},
  publisher={Elsevier},
  doi={https://doi.org/10.1016/j.tust.2021.103990}
}

@article{eyben2010emotion,
  title={Emotion on the roadâ€”necessity, acceptance, and feasibility of affective computing in the car},
  author={Eyben, Florian and W{\"o}llmer, Martin and Poitschke, Tony and Schuller, Bj{\"o}rn and Blaschke, Christoph and F{\"a}rber, Berthold and Nguyen-Thien, Nhu},
  journal={Advances in Human-Computer Interaction},
  volume={2010},
  number={1},
  pages={263593},
  year={2010},
  publisher={Wiley Online Library},
  doi={ https://doi.org/10.1155/2010/263593}
}

@article{nan2013aromatherapy,
  title={Aromatherapy and the central nerve system (CNS): therapeutic mechanism and its associated genes},
  author={Nan Lv, Xiao and Jun Liu, Zhu and Jing Zhang, Huan and Tzeng, Chi Meng},
  journal={Current drug targets},
  volume={14},
  number={8},
  pages={872--879},
  year={2013},
  publisher={Bentham Science Publishers}
}


@incollection{giannenas2020history,
  title={The history of herbs, medicinal and aromatic plants, and their extracts: Past, current situation and future perspectives},
  author={Giannenas, Ilias and Sidiropoulou, E and Bonos, Eleftherios and Christaki, E and Florou-Paneri, P},
  booktitle={Feed additives},
  pages={1--18},
  year={2020},
  publisher={Elsevier},
  doi={https://doi.org/10.1016/B978-0-12-814700-9.00001-7}
}

@article{farrar2020clinical,
  title={Clinical aromatherapy},
  author={Farrar, Ashley J and Farrar, Francisca C},
  journal={The Nursing Clinics of North America},
  volume={55},
  number={4},
  pages={489},
  year={2020}
}


@inproceedings{dmitrenko2020caroma,
  title={Caroma therapy: pleasant scents promote safer driving, better mood, and improved well-being in angry drivers},
  author={Dmitrenko, Dmitrijs and Maggioni, Emanuela and Brianza, Giada and Holthausen, Brittany E and Walker, Bruce N and Obrist, Marianna},
  booktitle={Proceedings of the 2020 chi conference on human factors in computing systems},
  pages={1--13},
  year={2020},
  doi={https://doi.org/10.1145/3313831.3376176}
}

@article{jiang2024scented,
  title={Scented Solutions: Examining the Efficacy of Scent Interventions in Mitigating Driving Fatigue},
  author={Jiang, Xinyue and Muthusamy, Kanesan and Chen, Jian and Fang, Xueliang},
  journal={Sensors},
  volume={24},
  number={8},
  pages={2384},
  year={2024},
  publisher={MDPI},
  doi={https://doi.org/10.3390/s24082384}
}

@inproceedings{yoshida2011study,
  title={Study on Stimulation Effects for Driver Based on Fragrance Presentation},
  author={Yoshida, Mariko and Kato, Chie and Kawasumi, Mikiko and Yamasaki, Hatsuo and Yamamoto, Shin and Nakano, Tomoaki and Yamada, Muneo},
  booktitle={MVA},
  pages={332--335},
  year={2011}
}  
 

@inproceedings{hassib2019detecting,
  title={Detecting and influencing driver emotions using psycho-physiological sensors and ambient light},
  author={Hassib, Mariam and Braun, Michael and Pfleging, Bastian and Alt, Florian},
  booktitle={IFIP Conference on Human-Computer Interaction},
  pages={721--742},
  year={2019},
  organization={Springer},
  doi={https://doi.org/10.1007/978-3-030-29381-9_43}
}

@article{yunjun2013perfume,
  title={The Perfume Culture of China and Taiwan: A Personal Report. 1},
  author={Yunjun, Chen},
  journal={Journal of the Royal Asiatic Society},
  volume={23},
  number={1},
  pages={127--130},
  year={2013},
  publisher={Cambridge University Press},
  DOI={10.1017/S1356186313000059}
}

@article{zhou2021conceptualization,
  title={The conceptualization of emotions across cultures: a model based on interoceptive neuroscience},
  author={Zhou, Pin and Critchley, Hugo and Garfinkel, Sarah and Gao, Ya},
  journal={Neuroscience \& Biobehavioral Reviews},
  volume={125},
  pages={314--327},
  year={2021},
  publisher={Elsevier},
  doi={https://doi.org/10.1016/j.neubiorev.2021.02.023.}
}

@article{li2020traditional,
  title={Traditional Chinese medicine in depression treatment: from molecules to systems},
  author={Li, Chan and Huang, Junying and Cheng, Yung-Chi and Zhang, Yuan-Wei},
  journal={Frontiers in Pharmacology},
  volume={11},
  pages={586},
  year={2020},
  publisher={Frontiers Media SA},
  doi={https://doi.org/10.3389/fphar.2020.00586}
}

@article{zhang2019challenge,
  title={Challenge and prospect of traditional Chinese medicine in depression treatment},
  author={Zhang, Yuan-Wei and Cheng, Yung-Chi},
  journal={Frontiers in neuroscience},
  volume={13},
  pages={190},
  year={2019},
  publisher={Frontiers Media SA},
  doi={ https://doi.org/10.3389/fnins.2019.00190}
}

@article{sun2022dissecting,
  title={Dissecting the molecular mechanisms underlying the antidepressant activities of herbal medicines through the comprehensive review of the recent literatures},
  author={Sun, Yilu and Zhao, Jia and Rong, Jianhui},
  journal={Frontiers in Psychiatry},
  volume={13},
  pages={1054726},
  year={2022},
  publisher={Frontiers Media SA},
  doi={https://doi.org/10.3389/fpsyt.2022.1054726}
}

@book{2020Pharmacopoeia,
    author = {Chinese Pharmacopoeia Commission},
    title = {Pharmacopoeia of the People's Republic of China 2020},
    publisher = {China Medical Science Press},
    year = {2020}
}

@article{bradley1994measuring,
  title={Measuring emotion: the self-assessment manikin and the semantic differential},
  author={Bradley, Margaret M and Lang, Peter J},
  journal={Journal of behavior therapy and experimental psychiatry},
  volume={25},
  number={1},
  pages={49--59},
  year={1994},
  publisher={Elsevier},
  doi={https://doi.org/10.1016/0005-7916(94)90063-9}
}

@inproceedings{wilson2017multi,
  title={Multi-moji: Combining thermal, vibrotactile \& visual stimuli to expand the affective range of feedback},
  author={Wilson, Graham and Brewster, Stephen A},
  booktitle={Proceedings of the 2017 CHI Conference on Human Factors in Computing Systems},
  pages={1743--1755},
  year={2017},
  doi={https://doi.org/10.1145/3025453.3025614}
}


@inproceedings{huang2024chatbot,
  title={Chatbot and Fatigued Driver: Exploring the Use of LLM-Based Voice Assistants for Driving Fatigue},
  author={Huang, Shaoshuai and Zhao, Xuandong and Wei, Dapeng and Song, Xinheng and Sun, Yuanbo},
  booktitle={Extended Abstracts of the CHI Conference on Human Factors in Computing Systems},
  pages={1--8},
  year={2024},
  doi={10.1145/3613905.3651031}
}

@inproceedings{lee2020making,
  title={Making Passenger Conversation in Partial Driving Automation: Effects of Relationship Between Driver and Passenger on Driver Fatigue and Driving Performance},
  author={Lee, Jieun and Hirano, Toshiaki and Itoh, Makoto},
  booktitle={2020 IEEE International Conference on Systems, Man, and Cybernetics (SMC)},
  pages={1718--1722},
  year={2020},
  organization={IEEE},
  doi={10.1109/smc42975.2020.9283363}
}

@inproceedings{dosovitskiy2017carla,
  title={CARLA: An open urban driving simulator},
  author={Dosovitskiy, Alexey and Ros, German and Codevilla, Felipe and Lopez, Antonio and Koltun, Vladlen},
  booktitle={Conference on robot learning},
  pages={1--16},
  year={2017},
  organization={PMLR}
}

@incollection{fisher1970statistical,
  title={Statistical methods for research workers},
  author={Fisher, Ronald Aylmer},
  booktitle={Breakthroughs in statistics: Methodology and distribution},
  pages={66--70},
  year={1970},
  publisher={Springer},
  doi={10.1007/bf01603396}
}

@article{ansari2022automatic,
  title={Automatic driver cognitive fatigue detection based on upper body posture variations},
  author={Ansari, Shahzeb and Du, Haiping and Naghdy, Fazel and Stirling, David},
  journal={Expert Systems with Applications},
  volume={203},
  pages={117568},
  year={2022},
  publisher={Elsevier},
  doi={10.1016/j.eswa.2022.117568}
}

@article{zhu2022research,
  title={Research on a real-time driver fatigue detection algorithm based on facial video sequences},
  author={Zhu, Tianjun and Zhang, Chuang and Wu, Tunglung and Ouyang, Zhuang and Li, Houzhi and Na, Xiaoxiang and Liang, Jianguo and Li, Weihao},
  journal={Applied Sciences},
  volume={12},
  number={4},
  pages={2224},
  year={2022},
  publisher={MDPI},
  doi={https://doi.org/10.3390/app12042224}
}

