@article{chen2023bias,
  title={Bias and debias in recommender system: A survey and future directions},
  author={Chen, Jiawei and Dong, Hande and Wang, Xiang and Feng, Fuli and Wang, Meng and He, Xiangnan},
  journal={ACM Transactions on Information Systems},
  volume={41},
  number={3},
  pages={1--39},
  year={2023},
  publisher={ACM New York, NY}
}

@inproceedings{cong2023we,
  title={Do We Really Need Complicated Model Architectures For Temporal Networks?},
  author={Cong, Weilin and Zhang, Si and Kang, Jian and Yuan, Baichuan and Wu, Hao and Zhou, Xin and Tong, Hanghang and Mahdavi, Mehrdad},
  booktitle={The Eleventh International Conference on Learning Representations},
  year={2023}
}

@article{daniluk2023temporal,
  title={Temporal graph models fail to capture global temporal dynamics},
  author={Daniluk, Micha{\l} and D{\k{a}}browski, Jacek},
  journal={arXiv preprint arXiv:2309.15730},
  year={2023}
}

@article{klimashevskaia2024survey,
  title={A survey on popularity bias in recommender systems},
  author={Klimashevskaia, Anastasiia and Jannach, Dietmar and Elahi, Mehdi and Trattner, Christoph},
  journal={User Modeling and User-Adapted Interaction},
  volume={34},
  number={5},
  pages={1777--1834},
  year={2024},
  publisher={Springer}
}

@inproceedings{poursafaei2022strong,
  title={A Strong Node Classification Baseline for Temporal Graphs},
  author={Poursafaei, Farimah and Zilic, Zeljko and Rabbany, Reihaneh},
  booktitle={Proceedings of the 2022 SIAM International Conference on Data Mining (SDM)},
  pages={648--656},
  year={2022},
  organization={SIAM}
}

@article{poursafaei2022towards,
  title={Towards better evaluation for dynamic link prediction},
  author={Poursafaei, Farimah and Huang, Shenyang and Pelrine, Kellin and Rabbany, Reihaneh},
  journal={Advances in Neural Information Processing Systems},
  volume={35},
  pages={32928--32941},
  year={2022}
}

@inproceedings{shirzadkhani2024temporal,
  title={Temporal Graph Analysis with TGX},
  author={Shirzadkhani, Razieh and Huang, Shenyang and Kooshafar, Elahe and Rabbany, Reihaneh and Poursafaei, Farimah},
  booktitle={Proceedings of the 17th ACM International Conference on Web Search and Data Mining},
  pages={1086--1089},
  year={2024}
}

@article{wang2023survey,
  title={A survey on the fairness of recommender systems},
  author={Wang, Yifan and Ma, Weizhi and Zhang, Min and Liu, Yiqun and Ma, Shaoping},
  journal={ACM Transactions on Information Systems},
  volume={41},
  number={3},
  pages={1--43},
  year={2023},
  publisher={ACM New York, NY}
}

