@article{poursafaei2022towards,
  title={Towards better evaluation for dynamic link prediction},
  author={Poursafaei, Farimah and Huang, Shenyang and Pelrine, Kellin and Rabbany, Reihaneh},
  journal={Advances in Neural Information Processing Systems},
  volume={35},
  pages={32928--32941},
  year={2022}
}


@inproceedings{huang2024benchtemp,
  title={Benchtemp: A general benchmark for evaluating temporal graph neural networks},
  author={Huang, Qiang and Wang, Xin and Rao, Susie Xi and Han, Zhichao and Zhang, Zitao and He, Yongjun and Xu, Quanqing and Zhao, Yang and Zheng, Zhigao and Jiang, Jiawei},
  booktitle={2024 IEEE 40th International Conference on Data Engineering (ICDE)},
  pages={4044--4057},
  year={2024},
  organization={IEEE}
}
@article{daniluk2023temporal,
  title={Temporal graph models fail to capture global temporal dynamics},
  author={Daniluk, Micha{\l} and D{\k{a}}browski, Jacek},
  journal={arXiv preprint arXiv:2309.15730},
  year={2023}
}


@inproceedings{poursafaei2022strong,
  title={A Strong Node Classification Baseline for Temporal Graphs},
  author={Poursafaei, Farimah and Zilic, Zeljko and Rabbany, Reihaneh},
  booktitle={Proceedings of the 2022 SIAM International Conference on Data Mining (SDM)},
  pages={648--656},
  year={2022},
  organization={SIAM}
}

@article{fenwick1994new,
  title={A new data structure for cumulative frequency tables},
  author={Fenwick, Peter M},
  journal={Software: Practice and experience},
  volume={24},
  number={3},
  pages={327--336},
  year={1994},
  publisher={Wiley Online Library}
}

@inproceedings{ma2024mixture,
  title={Mixture of Link Predictors on Graphs},
  author={Ma, Li and Han, Haoyu and Li, Juanhui and Shomer, Harry and Liu, Hui and Gao, Xiaofeng and Tang, Jiliang},
  booktitle={The Thirty-eighth Annual Conference on Neural Information Processing Systems},
  year={2024}
}
@article{huang2024temporal,
  title={Temporal graph benchmark for machine learning on temporal graphs},
  author={Huang, Shenyang and Poursafaei, Farimah and Danovitch, Jacob and Fey, Matthias and Hu, Weihua and Rossi, Emanuele and Leskovec, Jure and Bronstein, Michael and Rabusseau, Guillaume and Rabbany, Reihaneh},
  journal={Advances in Neural Information Processing Systems},
  volume={36},
  year={2024}
}
@inproceedings{10.5555/3692070.3692716,
    author = {Gravina, Alessio and Lovisotto, Giulio and Gallicchio, Claudio and Bacciu, Davide and Grohnfeldt, Claas},
    title = {Long range propagation on continuous-time dynamic graphs},
    year = {2024},
    booktitle = {Proceedings of the 41st International Conference on Machine Learning},
    articleno = {646},
    numpages = {20},
    location = {Vienna, Austria},
    series = {ICML'24}
}

@inproceedings{Kumar_2019, series={KDD ’19},
   title={Predicting Dynamic Embedding Trajectory in Temporal Interaction Networks},
   DOI={10.1145/3292500.3330895},
   booktitle={Proceedings of the 25th ACM SIGKDD International Conference on Knowledge Discovery and Data Mining},
   publisher={ACM},
   author={Kumar, Srijan and Zhang, Xikun and Leskovec, Jure},
   year={2019},
   month=jul, collection={KDD ’19} }

@inproceedings{trivedi2018dyrep,
    title={DyRep: Learning Representations over Dynamic Graphs},
    author={Rakshit Trivedi and Mehrdad Farajtabar and Prasenjeet Biswal and Hongyuan Zha},
    booktitle={International Conference on Learning Representations},
    year={2019}
}

@inproceedings{Xu2020Inductive,
    title={Inductive representation learning on temporal graphs},
    author={Xu, Da and Ruan, Chuanwei and Korpeoglu, Evren and Kumar, Sushant and Achan, Kannan},
    booktitle={International Conference on Learning Representations},
    year={2020}
}

@inproceedings{tgn_icml_grl2020,
    title={Temporal Graph Networks for Deep Learning on Dynamic Graphs},
    author={Emanuele Rossi and Ben Chamberlain and Fabrizio Frasca and Davide Eynard and Federico 
    Monti and Michael Bronstein},
    booktitle={ICML 2020 Workshop on Graph Representation Learning},
    year={2020}
}

@inproceedings{wu2024feasibility,
  title={On the Feasibility of Simple Transformer for Dynamic Graph Modeling},
  author={Wu, Yuxia and Fang, Yuan and Liao, Lizi},
  booktitle={Proceedings of the ACM on Web Conference 2024},
  pages={870--880},
  year={2024}
}


@inproceedings{krichene2020sampled,
  title={On sampled metrics for item recommendation},
  author={Krichene, Walid and Rendle, Steffen},
  booktitle={Proceedings of the 26th ACM SIGKDD international conference on knowledge discovery \& data mining},
  pages={1748--1757},
  year={2020}
}

@article{chen2023bias,
  title={Bias and debias in recommender system: A survey and future directions},
  author={Chen, Jiawei and Dong, Hande and Wang, Xiang and Feng, Fuli and Wang, Meng and He, Xiangnan},
  journal={ACM Transactions on Information Systems},
  volume={41},
  number={3},
  pages={1--39},
  year={2023},
  publisher={ACM New York, NY}
}

@article{wang2023survey,
  title={A survey on the fairness of recommender systems},
  author={Wang, Yifan and Ma, Weizhi and Zhang, Min and Liu, Yiqun and Ma, Shaoping},
  journal={ACM Transactions on Information Systems},
  volume={41},
  number={3},
  pages={1--43},
  year={2023},
  publisher={ACM New York, NY}
}
@article{klimashevskaia2024survey,
  title={A survey on popularity bias in recommender systems},
  author={Klimashevskaia, Anastasiia and Jannach, Dietmar and Elahi, Mehdi and Trattner, Christoph},
  journal={User Modeling and User-Adapted Interaction},
  volume={34},
  number={5},
  pages={1777--1834},
  year={2024},
  publisher={Springer}
}


@article{ali2021bringing,
  title={Bringing light into the dark: A large-scale evaluation of knowledge graph embedding models under a unified framework},
  author={Ali, Mehdi and Berrendorf, Max and Hoyt, Charles Tapley and Vermue, Laurent and Galkin, Mikhail and Sharifzadeh, Sahand and Fischer, Asja and Tresp, Volker and Lehmann, Jens},
  journal={IEEE Transactions on Pattern Analysis and Machine Intelligence},
  volume={44},
  number={12},
  pages={8825--8845},
  year={2021},
  publisher={IEEE}
}
@article{marchini2020compact,
  title={Compact Fenwick trees for dynamic ranking and selection},
  author={Marchini, Stefano and Vigna, Sebastiano},
  journal={Software: Practice and Experience},
  volume={50},
  number={7},
  pages={1184--1202},
  year={2020},
  publisher={Wiley Online Library}
}


@inproceedings{cong2023we,
  title={Do We Really Need Complicated Model Architectures For Temporal Networks?},
  author={Cong, Weilin and Zhang, Si and Kang, Jian and Yuan, Baichuan and Wu, Hao and Zhou, Xin and Tong, Hanghang and Mahdavi, Mehrdad},
  booktitle={The Eleventh International Conference on Learning Representations},
  year={2023}
}


@inproceedings{shirzadkhani2024temporal,
  title={Temporal Graph Analysis with TGX},
  author={Shirzadkhani, Razieh and Huang, Shenyang and Kooshafar, Elahe and Rabbany, Reihaneh and Poursafaei, Farimah},
  booktitle={Proceedings of the 17th ACM International Conference on Web Search and Data Mining},
  pages={1086--1089},
  year={2024}
}

@inproceedings{kumar2019predicting,
  title={Predicting dynamic embedding trajectory in temporal interaction networks},
  author={Kumar, Srijan and Zhang, Xikun and Leskovec, Jure},
  booktitle={Proceedings of the 25th ACM SIGKDD international conference on knowledge discovery \& data mining},
  pages={1269--1278},
  year={2019}
}
@article{jin2022neural,
  title={Neural temporal walks: Motif-aware representation learning on continuous-time dynamic graphs},
  author={Jin, Ming and Li, Yuan-Fang and Pan, Shirui},
  journal={Advances in Neural Information Processing Systems},
  volume={35},
  pages={19874--19886},
  year={2022}
}
@article{yu2023towards,
  title={Towards better dynamic graph learning: New architecture and unified library},
  author={Yu, Le and Sun, Leilei and Du, Bowen and Lv, Weifeng},
  journal={Advances in Neural Information Processing Systems},
  volume={36},
  pages={67686--67700},
  year={2023}
}
@article{zhang2024efficient,
  title={Efficient Neural Common Neighbor for Temporal Graph Link Prediction},
  author={Zhang, Xiaohui and Wang, Yanbo and Wang, Xiyuan and Zhang, Muhan},
  journal={arXiv preprint arXiv:2406.07926},
  year={2024}
}
@inproceedings{wang2021inductive,
  title={Inductive Representation Learning in Temporal Networks via Causal Anonymous Walks},
  author={Wang, Yanbang and Chang, Yen-Yu and Liu, Yunyu and Leskovec, Jure and Li, Pan},
  booktitle={International Conference on Learning Representations (ICLR)},
  year={2021}
}
@article{rossi2020temporal,
  title={Temporal graph networks for deep learning on dynamic graphs},
  author={Rossi, Emanuele and Chamberlain, Ben and Frasca, Fabrizio and Eynard, Davide and Monti, Federico and Bronstein, Michael},
  journal={arXiv preprint arXiv:2006.10637},
  year={2020}
}
@article{wang2021tcl,
  title={Tcl: Transformer-based dynamic graph modelling via contrastive learning},
  author={Wang, Lu and Chang, Xiaofu and Li, Shuang and Chu, Yunfei and Li, Hui and Zhang, Wei and He, Xiaofeng and Song, Le and Zhou, Jingren and Yang, Hongxia},
  journal={arXiv preprint arXiv:2105.07944},
  year={2021}
}
@inproceedings{luo2022neighborhood,
  title={Neighborhood-aware scalable temporal network representation learning},
  author={Luo, Yuhong and Li, Pan},
  booktitle={Learning on Graphs Conference},
  pages={1--1},
  year={2022},
  organization={PMLR}
}
@inproceedings{trivedi2019dyrep,
  title={Dyrep: Learning representations over dynamic graphs},
  author={Trivedi, Rakshit and Farajtabar, Mehrdad and Biswal, Prasenjeet and Zha, Hongyuan},
  booktitle={International conference on learning representations},
  year={2019}
}

