@article{du2019implicit,
  title={Implicit generation and modeling with energy based models},
  author={Du, Yilun and Mordatch, Igor},
  journal={Advances in Neural Information Processing Systems},
  volume={32},
  year={2019}
}

@inproceedings{lecun2005loss,
  title={Loss functions for discriminative training of energy-based models},
  author={LeCun, Yann and Huang, Fu Jie},
  booktitle={International workshop on artificial intelligence and statistics},
  pages={206--213},
  year={2005},
  organization={PMLR}
}

@article{shi2024diffusion,
  title={Diffusion Schr{\"o}dinger bridge matching},
  author={Shi, Yuyang and De Bortoli, Valentin and Campbell, Andrew and Doucet, Arnaud},
  journal={Advances in Neural Information Processing Systems},
  volume={36},
  year={2024}
}

@inproceedings{sohl2015deep,
  title={Deep unsupervised learning using nonequilibrium thermodynamics},
  author={Sohl-Dickstein, Jascha and Weiss, Eric and Maheswaranathan, Niru and Ganguli, Surya},
  booktitle={International conference on machine learning},
  pages={2256--2265},
  year={2015},
  organization={PMLR}
}

@inproceedings{xu2022poissonflowgenerativemodels,
  title={Poisson flow generative models},
  author={Xu, Yilun and Liu, Ziming and Tegmark, Max and Jaakkola, Tommi},
  booktitle={Proceedings of the 36th International Conference on Neural Information Processing Systems},
  pages={16782--16795},
  year={2022}
}

