@inproceedings{langley00,
 author    = {P. Langley},
 title     = {Crafting Papers on Machine Learning},
 year      = {2000},
 pages     = {1207--1216},
 editor    = {Pat Langley},
 booktitle     = {Proceedings of the 17th International Conference
              on Machine Learning (ICML 2000)},
 address   = {Stanford, CA},
 publisher = {Morgan Kaufmann}
}

@TechReport{mitchell80,
  author = 	 "T. M. Mitchell",
  title = 	 "The Need for Biases in Learning Generalizations",
  institution =  "Computer Science Department, Rutgers University",
  year = 	 "1980",
  address =	 "New Brunswick, MA",
}

@phdthesis{kearns89,
  author = {M. J. Kearns},
  title =  {Computational Complexity of Machine Learning},
  school = {Department of Computer Science, Harvard University},
  year =   {1989}
}

@Book{MachineLearningI,
  editor = 	 "R. S. Michalski and J. G. Carbonell and T.
		  M. Mitchell",
  title = 	 "Machine Learning: An Artificial Intelligence
		  Approach, Vol. I",
  publisher = 	 "Tioga",
  year = 	 "1983",
  address =	 "Palo Alto, CA"
}

@Book{DudaHart2nd,
  author =       "R. O. Duda and P. E. Hart and D. G. Stork",
  title =        "Pattern Classification",
  publisher =    "John Wiley and Sons",
  edition =      "2nd",
  year =         "2000"
}

@misc{anonymous,
  title= {Suppressed for Anonymity},
  author= {Author, N. N.},
  year= {2021}
}

@inproceedings{xu2022poissonflowgenerativemodels,
  title={Poisson flow generative models},
  author={Xu, Yilun and Liu, Ziming and Tegmark, Max and Jaakkola, Tommi},
  booktitle={Proceedings of the 36th International Conference on Neural Information Processing Systems},
  pages={16782--16795},
  year={2022}
}


@InCollection{Newell81,
  author =       "A. Newell and P. S. Rosenbloom",
  title =        "Mechanisms of Skill Acquisition and the Law of
                  Practice", 
  booktitle =    "Cognitive Skills and Their Acquisition",
  pages =        "1--51",
  publisher =    "Lawrence Erlbaum Associates, Inc.",
  year =         "1981",
  editor =       "J. R. Anderson",
  chapter =      "1",
  address =      "Hillsdale, NJ"
}


@Article{Samuel59,
  author = 	 "A. L. Samuel",
  title = 	 "Some Studies in Machine Learning Using the Game of
		  Checkers",
  journal =	 "IBM Journal of Research and Development",
  year =	 "1959",
  volume =	 "3",
  number =	 "3",
  pages =	 "211--229"
}

@Article{Ehrenfest17,
  author = 	 "P. Ehrenfest",
  title = 	 "In what way does it become manifest in the fundamental laws of physics that space has three dimensions?",
  journal =	 "Proceedings of the Amsterdam Academy of Sciences",
  year =	 "1917",
  volume =	 "20",
  pages =	 "200--209"
}

@Article{Freeman69,
  author = 	 "I. M. Freeman",
  title = 	 "Why is Space Three-Dimensional? Based on W. Büchel: “Warum hat der Raum drei Dimensionen?,” Physikalische Blätter 19, 12, pp. 547–549 (December 1963) ",
  journal =	 "American Journal of Physics",
  year =	 "1969",
  volume =	 "37",
  pages =	 "1222--1224"
}

@article{caruso2023still,
  title={Still learning about space dimensionality: From the description of hydrogen atom by a generalized wave equation for dimensions {$D\geq 3$}},
  author={Caruso, Francisco and Oguri, Vitor and Silveira, Felipe},
  journal={American Journal of Physics},
  volume={91},
  number={2},
  pages={153--158},
  year={2023},
  publisher={AIP Publishing}
}


@article{GUREVICH1971201,
title = {On the existence of atoms in n-dimensional space},
journal = {Physics Letters A},
volume = {35},
number = {3},
pages = {201-202},
year = {1971},
author = {L. Gurevich and V. Mostepanenko},
}
@Book{LandauLifshitz2,
  author =       "L. D. Landau and  E. M. Lifshitz",
  title =        "The Classical Theory of Fields (Volume 2 of A Course of Theoretical Physics)",
  publisher =    "Pergamon Press",
  year =         "1971"
}

@inproceedings{yuan2018unsupervised,
  title={Unsupervised image super-resolution using cycle-in-cycle generative adversarial networks},
  author={Yuan, Yuan and Liu, Siyuan and Zhang, Jiawei and Zhang, Yongbing and Dong, Chao and Lin, Liang},
  booktitle={Proceedings of the IEEE conference on computer vision and pattern recognition workshops},
  pages={701--710},
  year={2018}
}

@article{goodfellow2014generative,
  title={Generative adversarial networks},
  author={Goodfellow, Ian and Pouget-Abadie, Jean and Mirza, Mehdi and Xu, Bing and Warde-Farley, David and Ozair, Sherjil and Courville, Aaron and Bengio, Yoshua},
  journal={Communications of the ACM},
  volume={63},
  number={11},
  pages={139--144},
  year={2014},
  publisher={ACM New York, NY, USA}
}
@inproceedings{sohl2015deep,
  title={Deep unsupervised learning using nonequilibrium thermodynamics},
  author={Sohl-Dickstein, Jascha and Weiss, Eric and Maheswaranathan, Niru and Ganguli, Surya},
  booktitle={International conference on machine learning},
  pages={2256--2265},
  year={2015},
  organization={PMLR}
}
@article{liu2023genphys,
  title={Genphys: From physical processes to generative models},
  author={Liu, Ziming and Luo, Di and Xu, Yilun and Jaakkola, Tommi and Tegmark, Max},
  journal={arXiv preprint arXiv:2304.02637},
  year={2023}
}
@inproceedings{lecun2005loss,
  title={Loss functions for discriminative training of energy-based models},
  author={LeCun, Yann and Huang, Fu Jie},
  booktitle={International workshop on artificial intelligence and statistics},
  pages={206--213},
  year={2005},
  organization={PMLR}
}
@article{du2019implicit,
  title={Implicit generation and modeling with energy based models},
  author={Du, Yilun and Mordatch, Igor},
  journal={Advances in Neural Information Processing Systems},
  volume={32},
  year={2019}
}

@inproceedings{
song2021score,
title={Score-Based Generative Modeling through Stochastic Differential Equations},
author={Yang Song and Jascha Sohl-Dickstein and Diederik P Kingma and Abhishek Kumar and Stefano Ermon and Ben Poole},
booktitle={International Conference on Learning Representations},
year={2021}
}

@inproceedings{lipmanflow,
  title={Flow Matching for Generative Modeling},
  author={Lipman, Yaron and Chen, Ricky TQ and Ben-Hamu, Heli and Nickel, Maximilian and Le, Matthew},
  booktitle={The Eleventh International Conference on Learning Representations},
  year={2023}
}

@inproceedings{
liu2022flow,
title={Flow Straight and Fast: Learning to Generate and Transfer Data with Rectified Flow},
author={Xingchao Liu and Chengyue Gong and qiang liu},
booktitle={The Eleventh International Conference on Learning Representations },
year={2023}
}


@article{shi2024diffusion,
  title={Diffusion Schr{\"o}dinger bridge matching},
  author={Shi, Yuyang and De Bortoli, Valentin and Campbell, Andrew and Doucet, Arnaud},
  journal={Advances in Neural Information Processing Systems},
  volume={36},
  year={2024}
}


@inproceedings{
gushchin2024adversarial,
title={Adversarial Schr\"odinger Bridge Matching},
author={Nikita Gushchin and Daniil Selikhanovych and Sergei Kholkin and Evgeny Burnaev and Alexander Korotin},
booktitle={The Thirty-eighth Annual Conference on Neural Information Processing Systems},
year={2024}
}

@inproceedings{albergo2023building,
  title={Building Normalizing Flows with Stochastic Interpolants},
  author={Albergo, Michael and Vanden-Eijnden, Eric},
  booktitle={ICLR 2023 Conference},
  year={2023}
}

@inproceedings{zhu2017unpaired,
  title={Unpaired image-to-image translation using cycle-consistent adversarial networks},
  author={Zhu, Jun-Yan and Park, Taesung and Isola, Phillip and Efros, Alexei A},
  booktitle={Proceedings of the IEEE international conference on computer vision},
  pages={2223--2232},
  year={2017}
}
@inproceedings{xu2023pfgm++,
  title={Pfgm++: Unlocking the potential of physics-inspired generative models},
  author={Xu, Yilun and Liu, Ziming and Tian, Yonglong and Tong, Shangyuan and Tegmark, Max and Jaakkola, Tommi},
  booktitle={International Conference on Machine Learning},
  pages={38566--38591},
  year={2023},
  organization={PMLR}
}

@article{tong2023conditional,
  title={Conditional flow matching: Simulation-free dynamic optimal transport},
  author={Tong, Alexander and Malkin, Nikolay and Huguet, Guillaume and Zhang, Yanlei and Rector-Brooks, Jarrid and Fatras, Kilian and Wolf, Guy and Bengio, Yoshua},
  journal={arXiv preprint arXiv:2302.00482},
  volume={2},
  number={3},
  year={2023}
}



@article{gushchin2024entropic,
  title={Entropic neural optimal transport via diffusion processes},
  author={Gushchin, Nikita and Kolesov, Alexander and Korotin, Alexander and Vetrov, Dmitry P and Burnaev, Evgeny},
  journal={Advances in Neural Information Processing Systems},
  volume={36},
  year={2024}
}
@article{klein2024equivariant,
  title={Equivariant flow matching},
  author={Klein, Leon and Kr{\"a}mer, Andreas and No{\'e}, Frank},
  journal={Advances in Neural Information Processing Systems},
  volume={36},
  year={2024}
}
@inproceedings{neklyudov2023action,
  title={Action matching: Learning stochastic dynamics from samples},
  author={Neklyudov, Kirill and Brekelmans, Rob and Severo, Daniel and Makhzani, Alireza},
  booktitle={International conference on machine learning},
  pages={25858--25889},
  year={2023},
  organization={PMLR}
}
@article{xie2024reflected,
  title={Reflected Flow Matching},
  author={Xie, Tianyu and Zhu, Yu and Yu, Longlin and Yang, Tong and Cheng, Ziheng and Zhang, Shiyue and Zhang, Xiangyu and Zhang, Cheng},
  journal={arXiv preprint arXiv:2405.16577},
  year={2024}
}
@inproceedings{chen2024flow,
  title={Flow matching on general geometries},
  author={Chen, Ricky TQ and Lipman, Yaron},
  booktitle={The Twelfth International Conference on Learning Representations},
  year={2024}
}
@article{song2021train,
  title={How to train your energy-based models},
  author={Song, Yang and Kingma, Diederik P},
  journal={arXiv preprint arXiv:2101.03288},
  year={2021}
}
@article{ho2020denoising,
  title={Denoising diffusion probabilistic models},
  author={Ho, Jonathan and Jain, Ajay and Abbeel, Pieter},
  journal={Advances in neural information processing systems},
  volume={33},
  pages={6840--6851},
  year={2020}
}

@article{kingma2021variational,
  title={Variational diffusion models},
  author={Kingma, Diederik and Salimans, Tim and Poole, Ben and Ho, Jonathan},
  journal={Advances in neural information processing systems},
  volume={34},
  pages={21696--21707},
  year={2021}
}
@inproceedings{zhang2018improved,
  title={Improved adam optimizer for deep neural networks},
  author={Zhang, Zijun},
  booktitle={2018 IEEE/ACM 26th international symposium on quality of service (IWQoS)},
  pages={1--2},
  year={2018},
  organization={Ieee}
}
@inproceedings{kingma2015adam,
  title={Adam: A method for stochastic gradient descent},
  author={Kingma, Diederik P and Ba, Jimmy Lei},
  booktitle={ICLR: international conference on learning representations},
  pages={1--15},
  year={2015},
  organization={ICLR US.}
}