@article{achiam2023gpt,
  title={Gpt-4 technical report},
  author={Achiam, Josh and Adler, Steven and Agarwal, Sandhini and Ahmad, Lama and Akkaya, Ilge and Aleman, Florencia Leoni and Almeida, Diogo and Altenschmidt, Janko and Altman, Sam and Anadkat, Shyamal and others},
  journal={arXiv preprint arXiv:2303.08774},
  year={2023}
}

@article{alayrac2022flamingo,
  title={Flamingo: a visual language model for few-shot learning},
  author={Alayrac, Jean-Baptiste and Donahue, Jeff and Luc, Pauline and Miech, Antoine and Barr, Iain and Hasson, Yana and Lenc, Karel and Mensch, Arthur and Millican, Katherine and Reynolds, Malcolm and others},
  journal={Advances in neural information processing systems},
  volume={35},
  pages={23716--23736},
  year={2022}
}

@inproceedings{bi2019rru,
  title={RRU-Net: The ringed residual U-Net for image splicing forgery detection},
  author={Bi, Xiuli and Wei, Yang and Xiao, Bin and Li, Weisheng},
  booktitle={Proceedings of the IEEE/CVF Conference on Computer Vision and Pattern Recognition Workshops},
  pages={0--0},
  year={2019}
}

@article{brown2020language,
  title={Language models are few-shot learners},
  author={Brown, Tom and Mann, Benjamin and Ryder, Nick and Subbiah, Melanie and Kaplan, Jared D and Dhariwal, Prafulla and Neelakantan, Arvind and Shyam, Pranav and Sastry, Girish and Askell, Amanda and others},
  journal={Advances in neural information processing systems},
  volume={33},
  pages={1877--1901},
  year={2020}
}

@article{cai2024biosam,
  title={BioSAM: Generating SAM Prompts From Superpixel Graph for Biological Instance Segmentation},
  author={Cai, Miaomiao and Liu, Xiaoyu and Xiong, Zhiwei and Chen, Xuejin},
  journal={IEEE Journal of Biomedical and Health Informatics},
  year={2024},
  publisher={IEEE}
}

@inproceedings{chen2021image,
  title={Image manipulation detection by multi-view multi-scale supervision},
  author={Chen, Xinru and Dong, Chengbo and Ji, Jiaqi and Cao, Juan and Li, Xirong},
  booktitle={Proceedings of the IEEE/CVF international conference on computer vision},
  pages={14185--14193},
  year={2021}
}

@inproceedings{chen2023ovarnet,
  title={Ovarnet: Towards open-vocabulary object attribute recognition},
  author={Chen, Keyan and Jiang, Xiaolong and Hu, Yao and Tang, Xu and Gao, Yan and Chen, Jianqi and Xie, Weidi},
  booktitle={Proceedings of the IEEE/CVF Conference on Computer Vision and Pattern Recognition},
  pages={23518--23527},
  year={2023}
}

@inproceedings{cozzolino2015splicebuster,
  title={Splicebuster: A new blind image splicing detector},
  author={Cozzolino, Davide and Poggi, Giovanni and Verdoliva, Luisa},
  booktitle={2015 IEEE International Workshop on Information Forensics and Security (WIFS)},
  pages={1--6},
  year={2015},
  organization={IEEE}
}

@article{cozzolino2019noiseprint,
  title={Noiseprint: A CNN-based camera model fingerprint},
  author={Cozzolino, Davide and Verdoliva, Luisa},
  journal={IEEE Transactions on Information Forensics and Security},
  volume={15},
  pages={144--159},
  year={2019},
  publisher={IEEE}
}

@article{devlin2018bert,
  title={Bert: Pre-training of deep bidirectional transformers for language understanding},
  author={Devlin, Jacob and Chang, Ming-Wei and Lee, Kenton and Toutanova, Kristina},
  journal={arXiv preprint arXiv:1810.04805},
  year={2018}
}

@article{gupta2022instructdial,
  title={InstructDial: Improving zero and few-shot generalization in dialogue through instruction tuning},
  author={Gupta, Prakhar and Jiao, Cathy and Yeh, Yi-Ting and Mehri, Shikib and Eskenazi, Maxine and Bigham, Jeffrey P},
  journal={arXiv preprint arXiv:2205.12673},
  year={2022}
}

@inproceedings{he2016deep,
  title={Deep residual learning for image recognition},
  author={He, Kaiming and Zhang, Xiangyu and Ren, Shaoqing and Sun, Jian},
  booktitle={Proceedings of the IEEE conference on computer vision and pattern recognition},
  pages={770--778},
  year={2016}
}

@inproceedings{hu2020span,
  title={SPAN: Spatial pyramid attention network for image manipulation localization},
  author={Hu, Xuefeng and Zhang, Zhihan and Jiang, Zhenye and Chaudhuri, Syomantak and Yang, Zhenheng and Nevatia, Ram},
  booktitle={Computer Vision--ECCV 2020: 16th European Conference, Glasgow, UK, August 23--28, 2020, Proceedings, Part XXI 16},
  pages={312--328},
  year={2020},
  organization={Springer}
}

@inproceedings{kirillov2023segment,
  title={Segment anything},
  author={Kirillov, Alexander and Mintun, Eric and Ravi, Nikhila and Mao, Hanzi and Rolland, Chloe and Gustafson, Laura and Xiao, Tete and Whitehead, Spencer and Berg, Alexander C and Lo, Wan-Yen and others},
  booktitle={Proceedings of the IEEE/CVF International Conference on Computer Vision},
  year={2023}
}

@article{krizhevsky2017imagenet,
  title={ImageNet classification with deep convolutional neural networks},
  author={Krizhevsky, Alex and Sutskever, Ilya and Hinton, Geoffrey E},
  journal={Communications of the ACM},
  volume={60},
  number={6},
  pages={84--90},
  year={2017},
  publisher={AcM New York, NY, USA}
}

@article{kwon2022learning,
  title={Learning jpeg compression artifacts for image manipulation detection and localization},
  author={Kwon, Myung-Joon and Nam, Seung-Hun and Yu, In-Jae and Lee, Heung-Kyu and Kim, Changick},
  journal={International Journal of Computer Vision},
  volume={130},
  number={8},
  pages={1875--1895},
  year={2022},
  publisher={Springer}
}

@article{lester2021power,
  title={The power of scale for parameter-efficient prompt tuning},
  author={Lester, Brian and Al-Rfou, Rami and Constant, Noah},
  journal={arXiv preprint arXiv:2104.08691},
  year={2021}
}

@inproceedings{li2019localization,
  title={Localization of deep inpainting using high-pass fully convolutional network},
  author={Li, Haodong and Huang, Jiwu},
  booktitle={proceedings of the IEEE/CVF international conference on computer vision},
  pages={8301--8310},
  year={2019}
}

@article{liu2023pre,
  title={Pre-train, prompt, and predict: A systematic survey of prompting methods in natural language processing},
  author={Liu, Pengfei and Yuan, Weizhe and Fu, Jinlan and Jiang, Zhengbao and Hayashi, Hiroaki and Neubig, Graham},
  journal={ACM Computing Surveys},
  volume={55},
  number={9},
  pages={1--35},
  year={2023},
  publisher={ACM New York, NY}
}

@inproceedings{liu2024pq,
  title={PQ-SAM: Post-training Quantization for Segment Anything Model},
  author={Liu, Xiaoyu and Ding, Xin and Yu, Lei and Xi, Yuanyuan and Li, Wei and Tu, Zhijun and Hu, Jie and Chen, Hanting and Yin, Baoqun and Xiong, Zhiwei},
  booktitle={European Conference on Computer Vision},
  pages={420--437},
  year={2024},
  organization={Springer}
}

@article{liu2024visual,
  title={Visual instruction tuning},
  author={Liu, Haotian and Li, Chunyuan and Wu, Qingyang and Lee, Yong Jae},
  journal={Advances in neural information processing systems},
  volume={36},
  year={2024}
}

@inproceedings{mareen2022comprint,
  title={Comprint: Image forgery detection and localization using compression fingerprints},
  author={Mareen, Hannes and Vanden Bussche, Dante and Guillaro, Fabrizio and Cozzolino, Davide and Van Wallendael, Glenn and Lambert, Peter and Verdoliva, Luisa},
  booktitle={International Conference on Pattern Recognition},
  pages={281--299},
  year={2022},
  organization={Springer}
}

@article{marra2020full,
  title={A full-image full-resolution end-to-end-trainable CNN framework for image forgery detection},
  author={Marra, Francesco and Gragnaniello, Diego and Verdoliva, Luisa and Poggi, Giovanni},
  journal={IEEE Access},
  volume={8},
  pages={133488--133502},
  year={2020},
  publisher={IEEE}
}

@article{ouyang2022training,
  title={Training language models to follow instructions with human feedback},
  author={Ouyang, Long and Wu, Jeffrey and Jiang, Xu and Almeida, Diogo and Wainwright, Carroll and Mishkin, Pamela and Zhang, Chong and Agarwal, Sandhini and Slama, Katarina and Ray, Alex and others},
  journal={Advances in neural information processing systems},
  volume={35},
  pages={27730--27744},
  year={2022}
}

@article{pan2024codev,
  title={Codev-Bench: How Do LLMs Understand Developer-Centric Code Completion?},
  author={Pan, Zhenyu and Cao, Rongyu and Cao, Yongchang and Ma, Yingwei and Li, Binhua and Huang, Fei and Liu, Han and Li, Yongbin},
  journal={arXiv preprint arXiv:2410.01353},
  year={2024}
}

@article{pan2024conv,
  title={Conv-coa: Improving open-domain question answering in large language models via conversational chain-of-action},
  author={Pan, Zhenyu and Luo, Haozheng and Li, Manling and Liu, Han},
  journal={arXiv preprint arXiv:2405.17822},
  year={2024}
}

@article{pan2025code,
  title={Do Code LLMs Understand Design Patterns?},
  author={Pan, Zhenyu and Song, Xuefeng and Wang, Yunkun and Cao, Rongyu and Li, Binhua and Li, Yongbin and Liu, Han},
  journal={arXiv preprint arXiv:2501.04835},
  year={2025}
}

@inproceedings{park2018double,
  title={Double JPEG detection in mixed JPEG quality factors using deep convolutional neural network},
  author={Park, Jinseok and Cho, Donghyeon and Ahn, Wonhyuk and Lee, Heung-Kyu},
  booktitle={Proceedings of the European conference on computer vision (ECCV)},
  pages={636--652},
  year={2018}
}

@article{peng2023instruction,
  title={Instruction tuning with gpt-4},
  author={Peng, Baolin and Li, Chunyuan and He, Pengcheng and Galley, Michel and Gao, Jianfeng},
  journal={arXiv preprint arXiv:2304.03277},
  year={2023}
}

@article{radford2019language,
  title={Language models are unsupervised multitask learners},
  author={Radford, Alec and Wu, Jeffrey and Child, Rewon and Luan, David and Amodei, Dario and Sutskever, Ilya and others},
  journal={OpenAI blog},
  volume={1},
  number={8},
  pages={9},
  year={2019}
}

@inproceedings{radford2021learning,
  title={Learning transferable visual models from natural language supervision},
  author={Radford, Alec and Kim, Jong Wook and Hallacy, Chris and Ramesh, Aditya and Goh, Gabriel and Agarwal, Sandhini and Sastry, Girish and Askell, Amanda and Mishkin, Pamela and Clark, Jack and others},
  booktitle={International conference on machine learning},
  year={2021},
  organization={PMLR}
}

@inproceedings{rombach2022high,
  title={High-resolution image synthesis with latent diffusion models},
  author={Rombach, Robin and Blattmann, Andreas and Lorenz, Dominik and Esser, Patrick and Ommer, Bj{\"o}rn},
  booktitle={Proceedings of the IEEE/CVF conference on computer vision and pattern recognition},
  pages={10684--10695},
  year={2022}
}

@article{russakovsky2015imagenet,
  title={Imagenet large scale visual recognition challenge},
  author={Russakovsky, Olga and Deng, Jia and Su, Hao and Krause, Jonathan and Satheesh, Sanjeev and Ma, Sean and Huang, Zhiheng and Karpathy, Andrej and Khosla, Aditya and Bernstein, Michael and others},
  journal={International journal of computer vision},
  volume={115},
  pages={211--252},
  year={2015},
  publisher={Springer}
}

@article{simonyan2014very,
  title={Very deep convolutional networks for large-scale image recognition},
  author={Simonyan, Karen and Zisserman, Andrew},
  journal={arXiv preprint arXiv:1409.1556},
  year={2014}
}

@inproceedings{wang2022learning,
  title={Learning to prompt for continual learning},
  author={Wang, Zifeng and Zhang, Zizhao and Lee, Chen-Yu and Zhang, Han and Sun, Ruoxi and Ren, Xiaoqi and Su, Guolong and Perot, Vincent and Dy, Jennifer and Pfister, Tomas},
  booktitle={Proceedings of the IEEE/CVF Conference on Computer Vision and Pattern Recognition},
  pages={139--149},
  year={2022}
}

@article{wang2022self,
  title={Self-consistency improves chain of thought reasoning in language models},
  author={Wang, Xuezhi and Wei, Jason and Schuurmans, Dale and Le, Quoc and Chi, Ed and Narang, Sharan and Chowdhery, Aakanksha and Zhou, Denny},
  journal={arXiv preprint arXiv:2203.11171},
  year={2022}
}

@article{wei2022chain,
  title={Chain-of-thought prompting elicits reasoning in large language models},
  author={Wei, Jason and Wang, Xuezhi and Schuurmans, Dale and Bosma, Maarten and Xia, Fei and Chi, Ed and Le, Quoc V and Zhou, Denny and others},
  journal={Advances in neural information processing systems},
  volume={35},
  pages={24824--24837},
  year={2022}
}

@inproceedings{wu2019mantra,
  title={Mantra-net: Manipulation tracing network for detection and localization of image forgeries with anomalous features},
  author={Wu, Yue and AbdAlmageed, Wael and Natarajan, Premkumar},
  booktitle={Proceedings of the IEEE/CVF conference on computer vision and pattern recognition},
  pages={9543--9552},
  year={2019}
}

@article{wu2022robust,
  title={Robust image forgery detection against transmission over online social networks},
  author={Wu, Haiwei and Zhou, Jiantao and Tian, Jinyu and Liu, Jun and Qiao, Yu},
  journal={IEEE Transactions on Information Forensics and Security},
  volume={17},
  pages={443--456},
  year={2022},
  publisher={IEEE}
}

@inproceedings{yang2020constrained,
  title={Constrained R-CNN: A general image manipulation detection model},
  author={Yang, Chao and Li, Huizhou and Lin, Fangting and Jiang, Bin and Zhao, Hao},
  booktitle={2020 IEEE International conference on multimedia and expo (ICME)},
  pages={1--6},
  year={2020},
  organization={IEEE}
}

@article{zhang2022automatic,
  title={Automatic chain of thought prompting in large language models},
  author={Zhang, Zhuosheng and Zhang, Aston and Li, Mu and Smola, Alex},
  journal={arXiv preprint arXiv:2210.03493},
  year={2022}
}

@article{zhou2022learning,
  title={Learning to prompt for vision-language models},
  author={Zhou, Kaiyang and Yang, Jingkang and Loy, Chen Change and Liu, Ziwei},
  journal={International Journal of Computer Vision},
  volume={130},
  number={9},
  pages={2337--2348},
  year={2022},
  publisher={Springer}
}

